<DATE>	<TIME>	<BID>	<ASK>	<LAST>	<VOLUME>	<FLAGS>
2024.07.26	00:00:02.816	0.58783	0.58982			6
2024.07.26	00:00:30.709	0.58784				2
2024.07.26	00:01:00.432	0.58784	0.58981			6
2024.07.26	00:02:00.520	0.58784	0.58982			6
2024.07.26	00:02:03.219		0.58980			4
2024.07.26	00:02:05.507		0.58981			4
2024.07.26	00:02:31.828	0.58834	0.58983			6
2024.07.26	00:02:32.943		0.58963			4
2024.07.26	00:02:33.620		0.58961			4
2024.07.26	00:03:00.505	0.58833				2
2024.07.26	00:03:01.005	0.58834				2
2024.07.26	00:03:31.940		0.58960			4
2024.07.26	00:04:01.451	0.58834				2
2024.07.26	00:04:11.076	0.58844	0.58982			6
2024.07.26	00:04:12.093		0.58959			4
2024.07.26	00:04:13.108		0.58956			4
2024.07.26	00:04:47.529	0.58854	0.58982			6
2024.07.26	00:04:48.569		0.58961			4
2024.07.26	00:04:49.578		0.58958			4
2024.07.26	00:05:05.591	0.58854				2
2024.07.26	00:05:55.735		0.58958			4
2024.07.26	00:06:04.229	0.58854				2
2024.07.26	00:06:13.617	0.58870				2
2024.07.26	00:06:38.260	0.58862	0.58915			6
2024.07.26	00:06:41.733	0.58904	0.58973			6
2024.07.26	00:06:42.704	0.58909	0.58972			6
2024.07.26	00:06:43.501		0.58971			4
2024.07.26	00:06:44.811	0.58910				2
2024.07.26	00:06:46.213	0.58898	0.58985			6
2024.07.26	00:06:51.764	0.58892				2
2024.07.26	00:06:57.021	0.58891				2
2024.07.26	00:06:58.236	0.58915	0.58999			6
2024.07.26	00:06:58.580		0.58985			4
2024.07.26	00:06:59.267		0.58976			4
2024.07.26	00:07:00.263	0.58915	0.58973			6
2024.07.26	00:07:00.804	0.58864	0.58963			6
2024.07.26	00:07:01.165	0.58849	0.58984			6
2024.07.26	00:07:04.325		0.58983			4
2024.07.26	00:07:05.527		0.58982			4
2024.07.26	00:07:06.427		0.58980			4
2024.07.26	00:07:06.782	0.58846	0.58979			6
2024.07.26	00:07:07.634	0.58847	0.58978			6
2024.07.26	00:07:08.785	0.58848	0.58977			6
2024.07.26	00:07:09.788		0.58980			4
2024.07.26	00:07:10.792	0.58849				2
2024.07.26	00:07:13.771	0.58850	0.58974			6
2024.07.26	00:07:14.778	0.58851				2
2024.07.26	00:07:15.793	0.58852				2
2024.07.26	00:07:16.358	0.58853	0.58967			6
2024.07.26	00:07:17.755	0.58855				2
2024.07.26	00:07:19.017	0.58856				2
2024.07.26	00:07:19.537	0.58857	0.58973			6
2024.07.26	00:07:20.838		0.58974			4
2024.07.26	00:07:21.898	0.58858	0.58973			6
2024.07.26	00:07:22.644		0.58968			4
2024.07.26	00:07:22.976		0.58973			4
2024.07.26	00:07:23.297		0.58968			4
2024.07.26	00:07:23.606		0.58973			4
2024.07.26	00:07:25.379	0.58860	0.58971			6
2024.07.26	00:07:27.129		0.58970			4
2024.07.26	00:07:41.005	0.58857	0.58945			6
2024.07.26	00:07:44.279	0.58856	0.58942			6
2024.07.26	00:07:46.330		0.58941			4
2024.07.26	00:07:51.062	0.58855	0.58940			6
2024.07.26	00:07:54.279	0.58851	0.58938			6
2024.07.26	00:08:00.720	0.58851				2
2024.07.26	00:08:06.719	0.58852				2
2024.07.26	00:08:08.100	0.58854				2
2024.07.26	00:08:12.421		0.58937			4
2024.07.26	00:08:18.768	0.58852	0.58938			6
2024.07.26	00:08:19.178	0.58854	0.58937			6
2024.07.26	00:08:32.219		0.58936			4
2024.07.26	00:08:53.416	0.58848	0.58934			6
2024.07.26	00:08:57.428	0.58854	0.58935			6
2024.07.26	00:08:59.505	0.58856				2
2024.07.26	00:09:07.919	0.58856	0.58934			6
2024.07.26	00:09:10.805	0.58854				2
2024.07.26	00:09:13.483	0.58856				2
2024.07.26	00:09:25.318		0.58933			4
2024.07.26	00:09:31.740	0.58861	0.58934			6
2024.07.26	00:09:41.825		0.58933			4
2024.07.26	00:09:53.132	0.58860	0.58926			6
2024.07.26	00:09:53.612	0.58861				2
2024.07.26	00:09:54.238	0.58862				2
2024.07.26	00:09:55.283		0.58924			4
2024.07.26	00:09:59.828	0.58861				2
2024.07.26	00:10:00.309	0.58861	0.58923			6
2024.07.26	00:10:01.198		0.58922			4
2024.07.26	00:10:06.832	0.58859				2
2024.07.26	00:10:08.655	0.58858				2
2024.07.26	00:10:08.962		0.58921			4
2024.07.26	00:10:10.437	0.58856				2
2024.07.26	00:10:22.932		0.58920			4
2024.07.26	00:10:39.897		0.58919			4
2024.07.26	00:10:41.697	0.58859				2
2024.07.26	00:10:42.195		0.58908			4
2024.07.26	00:10:42.814		0.58919			4
2024.07.26	00:10:43.114		0.58908			4
2024.07.26	00:10:43.418		0.58919			4
2024.07.26	00:10:55.220	0.58854				2
2024.07.26	00:10:55.640		0.58918			4
2024.07.26	00:10:58.994		0.58917			4
2024.07.26	00:11:01.090	0.58854				2
2024.07.26	00:11:02.747	0.58855	0.58919			6
2024.07.26	00:11:12.895		0.58918			4
2024.07.26	00:11:45.004		0.58917			4
2024.07.26	00:12:00.360	0.58855				2
2024.07.26	00:12:03.853		0.58915			4
2024.07.26	00:12:05.643	0.58847	0.58911			6
2024.07.26	00:12:07.829	0.58846	0.58904			6
2024.07.26	00:12:09.244		0.58905			4
2024.07.26	00:12:14.787		0.58906			4
2024.07.26	00:12:17.946	0.58847	0.58908			6
2024.07.26	00:12:19.329		0.58909			4
2024.07.26	00:12:21.141		0.58910			4
2024.07.26	00:12:25.921		0.58909			4
2024.07.26	00:12:30.606	0.58851				2
2024.07.26	00:12:36.116		0.58910			4
2024.07.26	00:12:37.452		0.58907			4
2024.07.26	00:12:40.620		0.58908			4
2024.07.26	00:12:48.716		0.58909			4
2024.07.26	00:12:49.642		0.58907			4
2024.07.26	00:12:52.920		0.58908			4
2024.07.26	00:13:28.921	0.58851				2
2024.07.26	00:13:35.799		0.58910			4
2024.07.26	00:13:44.453		0.58911			4
2024.07.26	00:14:00.689	0.58855				2
2024.07.26	00:14:10.750		0.58910			4
2024.07.26	00:14:22.079	0.58852	0.58911			6
2024.07.26	00:14:22.418	0.58853	0.58910			6
2024.07.26	00:14:31.136		0.58911			4
2024.07.26	00:14:31.482		0.58910			4
2024.07.26	00:14:54.718		0.58909			4
2024.07.26	00:14:56.344		0.58910			4
2024.07.26	00:15:02.074	0.58853				2
2024.07.26	00:15:38.500		0.58911			4
2024.07.26	00:15:45.722		0.58910			4
2024.07.26	00:15:50.866		0.58912			4
2024.07.26	00:15:56.218		0.58911			4
2024.07.26	00:16:00.470	0.58853	0.58912			6
2024.07.26	00:16:07.783		0.58914			4
2024.07.26	00:16:08.803		0.58911			4
2024.07.26	00:16:10.605		0.58912			4
2024.07.26	00:16:13.226	0.58851				2
2024.07.26	00:16:21.914	0.58847				2
2024.07.26	00:16:23.042		0.58911			4
2024.07.26	00:16:35.092		0.58910			4
2024.07.26	00:17:01.449	0.58847				2
2024.07.26	00:17:06.721		0.58911			4
2024.07.26	00:17:10.192		0.58910			4
2024.07.26	00:17:20.455		0.58911			4
2024.07.26	00:18:01.009	0.58845	0.58913			6
2024.07.26	00:18:02.273	0.58848	0.58912			6
2024.07.26	00:18:07.869	0.58850				2
2024.07.26	00:18:09.074	0.58848	0.58913			6
2024.07.26	00:18:10.777	0.58852				2
2024.07.26	00:18:11.095	0.58850				2
2024.07.26	00:18:54.719	0.58848				2
2024.07.26	00:19:01.037	0.58848				2
2024.07.26	00:19:01.365	0.58851				2
2024.07.26	00:19:22.997		0.58913			4
2024.07.26	00:19:23.517		0.58912			4
2024.07.26	00:19:33.351		0.58913			4
2024.07.26	00:19:33.724		0.58912			4
2024.07.26	00:19:47.098		0.58911			4
2024.07.26	00:20:01.227	0.58851				2
2024.07.26	00:20:23.077	0.58853				2
2024.07.26	00:20:49.213	0.58840	0.58914			6
2024.07.26	00:20:49.621	0.58839	0.58912			6
2024.07.26	00:20:50.103	0.58840	0.58911			6
2024.07.26	00:20:51.098	0.58839	0.58907			6
2024.07.26	00:20:52.104	0.58838	0.58909			6
2024.07.26	00:20:53.326	0.58840	0.58908			6
2024.07.26	00:20:53.699	0.58841				2
2024.07.26	00:20:56.825	0.58840				2
2024.07.26	00:21:00.591	0.58839				2
2024.07.26	00:21:03.115		0.58907			4
2024.07.26	00:21:11.414	0.58838	0.58908			6
2024.07.26	00:21:15.895		0.58907			4
2024.07.26	00:21:16.401		0.58906			4
2024.07.26	00:21:18.811		0.58907			4
2024.07.26	00:21:21.418	0.58839				2
2024.07.26	00:21:31.883	0.58840	0.58905			6
2024.07.26	00:21:33.025		0.58906			4
2024.07.26	00:21:44.144	0.58837	0.58907			6
2024.07.26	00:21:44.700		0.58906			4
2024.07.26	00:21:45.005	0.58838	0.58907			6
2024.07.26	00:21:45.312	0.58837				2
2024.07.26	00:21:47.994		0.58906			4
2024.07.26	00:21:48.351	0.58840				2
2024.07.26	00:21:54.419	0.58839				2
2024.07.26	00:22:00.427	0.58840				2
2024.07.26	00:22:01.933	0.58841				2
2024.07.26	00:22:28.222	0.58838	0.58908			6
2024.07.26	00:22:28.832	0.58837				2
2024.07.26	00:22:31.178		0.58906			4
2024.07.26	00:22:31.795		0.58904			4
2024.07.26	00:22:32.285	0.58838				2
2024.07.26	00:22:32.654		0.58905			4
2024.07.26	00:22:33.284	0.58837				2
2024.07.26	00:22:34.250	0.58838	0.58904			6
2024.07.26	00:22:34.563	0.58836	0.58906			6
2024.07.26	00:22:35.338	0.58835	0.58903			6
2024.07.26	00:22:36.309	0.58837	0.58905			6
2024.07.26	00:22:39.280	0.58836				2
2024.07.26	00:22:40.517	0.58837	0.58906			6
2024.07.26	00:22:51.303	0.58836	0.58904			6
2024.07.26	00:22:51.894		0.58902			4
2024.07.26	00:22:52.273	0.58837	0.58904			6
2024.07.26	00:22:52.809	0.58836	0.58906			6
2024.07.26	00:22:53.278		0.58905			4
2024.07.26	00:22:53.589		0.58904			4
2024.07.26	00:22:54.322	0.58837	0.58905			6
2024.07.26	00:22:55.286		0.58904			4
2024.07.26	00:22:55.600	0.58836				2
2024.07.26	00:22:56.393	0.58837				2
2024.07.26	00:22:56.700		0.58905			4
2024.07.26	00:22:57.388	0.58836	0.58904			6
2024.07.26	00:22:58.283	0.58837				2
2024.07.26	00:22:58.793		0.58905			4
2024.07.26	00:22:59.363	0.58836				2
2024.07.26	00:23:00.295	0.58836	0.58903			6
2024.07.26	00:23:01.324		0.58902			4
2024.07.26	00:23:01.862		0.58904			4
2024.07.26	00:23:02.331	0.58837				2
2024.07.26	00:23:06.218		0.58905			4
2024.07.26	00:23:10.456	0.58836				2
2024.07.26	00:23:10.795		0.58903			4
2024.07.26	00:23:11.154		0.58902			4
2024.07.26	00:23:13.003	0.58837	0.58904			6
2024.07.26	00:23:15.419	0.58838				2
2024.07.26	00:23:19.006	0.58837	0.58902			6
2024.07.26	00:23:20.020	0.58838	0.58904			6
2024.07.26	00:23:43.442		0.58899			4
2024.07.26	00:23:44.127	0.58837				2
2024.07.26	00:23:49.365	0.58836				2
2024.07.26	00:23:50.384	0.58837				2
2024.07.26	00:23:53.804	0.58836	0.58893			6
2024.07.26	00:23:54.710		0.58892			4
2024.07.26	00:24:00.360	0.58836				2
2024.07.26	00:24:05.194	0.58838				2
2024.07.26	00:24:07.019	0.58837				2
2024.07.26	00:24:15.211	0.58838				2
2024.07.26	00:24:17.234	0.58837				2
2024.07.26	00:24:27.434	0.58838				2
2024.07.26	00:24:53.219	0.58837				2
2024.07.26	00:24:58.063		0.58892			4
2024.07.26	00:25:00.316	0.58837				2
2024.07.26	00:25:03.915	0.58838				2
2024.07.26	00:25:08.269	0.58839				2
2024.07.26	00:25:08.696	0.58838				2
2024.07.26	00:25:13.457		0.58899			4
2024.07.26	00:25:43.754	0.58840				2
2024.07.26	00:25:45.012	0.58839				2
2024.07.26	00:25:45.417	0.58840				2
2024.07.26	00:26:01.424	0.58840				2
2024.07.26	00:26:14.641		0.58899			4
2024.07.26	00:26:24.562	0.58839				2
2024.07.26	00:26:28.949	0.58840				2
2024.07.26	00:26:33.028	0.58838				2
2024.07.26	00:26:37.920	0.58837				2
2024.07.26	00:26:44.517	0.58838				2
2024.07.26	00:26:47.944	0.58839				2
2024.07.26	00:27:00.264	0.58839				2
2024.07.26	00:27:15.447		0.58899			4
2024.07.26	00:27:18.479	0.58840				2
2024.07.26	00:27:21.774	0.58839				2
2024.07.26	00:28:00.247	0.58839				2
2024.07.26	00:28:10.258	0.58837				2
2024.07.26	00:28:17.041		0.58899			4
2024.07.26	00:28:29.290	0.58838				2
2024.07.26	00:28:49.896	0.58841				2
2024.07.26	00:28:56.910	0.58840				2
2024.07.26	00:29:00.272	0.58839				2
2024.07.26	00:29:21.008		0.58899			4
2024.07.26	00:29:22.873	0.58838				2
2024.07.26	00:29:24.870	0.58839				2
2024.07.26	00:29:46.711	0.58841				2
2024.07.26	00:29:50.439	0.58839				2
2024.07.26	00:30:00.377	0.58837	0.58896			6
2024.07.26	00:30:00.730		0.58891			4
2024.07.26	00:30:01.710		0.58893			4
2024.07.26	00:30:02.096	0.58836				2
2024.07.26	00:30:02.496		0.58894			4
2024.07.26	00:30:02.854		0.58891			4
2024.07.26	00:30:03.605		0.58894			4
2024.07.26	00:30:04.216		0.58890			4
2024.07.26	00:30:05.149		0.58894			4
2024.07.26	00:30:05.812	0.58838	0.58895			6
2024.07.26	00:30:06.148		0.58897			4
2024.07.26	00:30:06.485		0.58893			4
2024.07.26	00:30:07.043		0.58897			4
2024.07.26	00:30:08.151		0.58892			4
2024.07.26	00:30:08.501		0.58898			4
2024.07.26	00:30:08.968		0.58895			4
2024.07.26	00:30:09.474		0.58896			4
2024.07.26	00:30:10.366		0.58892			4
2024.07.26	00:30:10.767	0.58839	0.58891			6
2024.07.26	00:30:11.081		0.58898			4
2024.07.26	00:30:12.164		0.58891			4
2024.07.26	00:30:12.770		0.58890			4
2024.07.26	00:30:13.148		0.58896			4
2024.07.26	00:30:13.568		0.58897			4
2024.07.26	00:30:14.149		0.58898			4
2024.07.26	00:30:14.568		0.58890			4
2024.07.26	00:30:15.153		0.58897			4
2024.07.26	00:30:15.527		0.58891			4
2024.07.26	00:30:15.853		0.58890			4
2024.07.26	00:30:16.703		0.58898			4
2024.07.26	00:30:17.760		0.58893			4
2024.07.26	00:30:18.108		0.58890			4
2024.07.26	00:30:18.419		0.58891			4
2024.07.26	00:30:18.761		0.58899			4
2024.07.26	00:30:20.970	0.58838				2
2024.07.26	00:31:41.224	0.58849	0.58899			6
2024.07.26	00:31:44.517	0.58850				2
2024.07.26	00:31:49.755	0.58849				2
2024.07.26	00:33:03.553	0.58850	0.58899			6
2024.07.26	00:33:05.294	0.58851				2
2024.07.26	00:33:10.498	0.58850				2
2024.07.26	00:33:17.396	0.58851				2
2024.07.26	00:33:22.685	0.58850				2
2024.07.26	00:33:24.162	0.58851				2
2024.07.26	00:33:28.280	0.58852				2
2024.07.26	00:33:28.591	0.58851				2
2024.07.26	00:33:28.904	0.58850				2
2024.07.26	00:33:29.641	0.58851				2
2024.07.26	00:33:31.795	0.58852				2
2024.07.26	00:33:49.253	0.58853				2
2024.07.26	00:33:49.561	0.58852				2
2024.07.26	00:33:56.802	0.58853				2
2024.07.26	00:34:01.149	0.58853				2
2024.07.26	00:34:01.560	0.58852				2
2024.07.26	00:34:04.357		0.58899			4
2024.07.26	00:34:18.298	0.58853				2
2024.07.26	00:34:29.489	0.58852				2
2024.07.26	00:34:30.901	0.58851				2
2024.07.26	00:34:38.097	0.58852				2
2024.07.26	00:34:44.695	0.58853				2
2024.07.26	00:34:50.994	0.58852				2
2024.07.26	00:35:00.191	0.58852				2
2024.07.26	00:35:03.556	0.58853				2
2024.07.26	00:35:04.429		0.58899			4
2024.07.26	00:35:09.597	0.58854				2
2024.07.26	00:35:21.594	0.58853				2
2024.07.26	00:35:25.496	0.58854				2
2024.07.26	00:35:59.884	0.58855				2
2024.07.26	00:36:00.197	0.58855				2
2024.07.26	00:36:02.981	0.58856				2
2024.07.26	00:36:07.499		0.58899			4
2024.07.26	00:36:08.193	0.58854				2
2024.07.26	00:36:08.883		0.58904			4
2024.07.26	00:36:11.368	0.58853				2
2024.07.26	00:36:17.860		0.58903			4
2024.07.26	00:36:18.283		0.58904			4
2024.07.26	00:36:18.961	0.58854				2
2024.07.26	00:36:20.695		0.58905			4
2024.07.26	00:36:28.016		0.58904			4
2024.07.26	00:36:33.357	0.58853				2
2024.07.26	00:36:36.416		0.58903			4
2024.07.26	00:36:39.296		0.58902			4
2024.07.26	00:36:41.819		0.58903			4
2024.07.26	00:36:43.457	0.58854	0.58904			6
2024.07.26	00:36:52.203	0.58853	0.58903			6
2024.07.26	00:36:52.529	0.58855	0.58904			6
2024.07.26	00:36:53.462	0.58854				2
2024.07.26	00:36:55.574	0.58855				2
2024.07.26	00:36:56.944	0.58854				2
2024.07.26	00:36:58.127	0.58855				2
2024.07.26	00:37:00.472	0.58854				2
2024.07.26	00:37:03.195	0.58855				2
2024.07.26	00:37:05.816	0.58856				2
2024.07.26	00:37:08.218	0.58855				2
2024.07.26	00:37:12.726		0.58905			4
2024.07.26	00:37:14.652	0.58857				2
2024.07.26	00:37:21.724	0.58856				2
2024.07.26	00:37:23.995	0.58857				2
2024.07.26	00:37:37.504	0.58858				2
2024.07.26	00:37:44.104	0.58857				2
2024.07.26	00:37:46.568	0.58856	0.58903			6
2024.07.26	00:37:49.501	0.58859	0.58906			6
2024.07.26	00:37:49.813	0.58861	0.58908			6
2024.07.26	00:37:50.605	0.58860	0.58907			6
2024.07.26	00:37:50.981		0.58906			4
2024.07.26	00:37:52.268		0.58907			4
2024.07.26	00:38:00.118	0.58861				2
2024.07.26	00:38:03.562		0.58908			4
2024.07.26	00:38:04.266		0.58907			4
2024.07.26	00:38:04.573		0.58908			4
2024.07.26	00:38:17.401		0.58907			4
2024.07.26	00:38:17.714	0.58860				2
2024.07.26	00:38:18.285		0.58906			4
2024.07.26	00:38:18.969		0.58907			4
2024.07.26	00:38:19.277	0.58862	0.58908			6
2024.07.26	00:38:19.748	0.58860	0.58907			6
2024.07.26	00:38:23.664		0.58906			4
2024.07.26	00:38:31.044	0.58859				2
2024.07.26	00:38:32.347	0.58860				2
2024.07.26	00:38:32.650	0.58859	0.58905			6
2024.07.26	00:38:33.797		0.58906			4
2024.07.26	00:38:38.150	0.58860	0.58907			6
2024.07.26	00:38:38.513		0.58908			4
2024.07.26	00:38:42.627	0.58861	0.58907			6
2024.07.26	00:38:47.911		0.58908			4
2024.07.26	00:38:49.527	0.58862				2
2024.07.26	00:38:53.885	0.58861				2
2024.07.26	00:38:57.335		0.58894			4
2024.07.26	00:39:01.008	0.58861				2
2024.07.26	00:39:03.889	0.58862				2
2024.07.26	00:39:07.410		0.58908			4
2024.07.26	00:39:12.112		0.58909			4
2024.07.26	00:39:16.465	0.58861	0.58908			6
2024.07.26	00:39:17.049	0.58862				2
2024.07.26	00:39:18.118	0.58861				2
2024.07.26	00:39:19.198		0.58906			4
2024.07.26	00:39:19.503	0.58860				2
2024.07.26	00:39:22.629	0.58861				2
2024.07.26	00:39:23.321	0.58859				2
2024.07.26	00:39:29.317	0.58860	0.58908			6
2024.07.26	00:39:31.465	0.58861				2
2024.07.26	00:39:31.865	0.58862				2
2024.07.26	00:39:32.356		0.58909			4
2024.07.26	00:39:32.717	0.58863	0.58910			6
2024.07.26	00:39:33.712	0.58862	0.58908			6
2024.07.26	00:39:34.149		0.58907			4
2024.07.26	00:39:49.078		0.58908			4
2024.07.26	00:39:49.563		0.58907			4
2024.07.26	00:39:50.818	0.58861				2
2024.07.26	00:39:52.423	0.58862				2
2024.07.26	00:39:59.399		0.58908			4
2024.07.26	00:40:00.479	0.58862				2
2024.07.26	00:40:11.193	0.58863				2
2024.07.26	00:40:13.022	0.58862				2
2024.07.26	00:40:19.404		0.58907			4
2024.07.26	00:40:20.488		0.58908			4
2024.07.26	00:40:23.771		0.58909			4
2024.07.26	00:40:24.969		0.58908			4
2024.07.26	00:40:28.900	0.58861				2
2024.07.26	00:40:29.222		0.58907			4
2024.07.26	00:40:33.374	0.58862	0.58908			6
2024.07.26	00:40:37.482	0.58863	0.58910			6
2024.07.26	00:40:37.813	0.58864				2
2024.07.26	00:40:38.117	0.58863				2
2024.07.26	00:40:38.424		0.58909			4
2024.07.26	00:40:39.946	0.58862	0.58908			6
2024.07.26	00:40:41.219		0.58907			4
2024.07.26	00:40:41.541		0.58908			4
2024.07.26	00:40:43.801	0.58861	0.58907			6
2024.07.26	00:40:47.800		0.58906			4
2024.07.26	00:40:50.125		0.58907			4
2024.07.26	00:40:50.441		0.58906			4
2024.07.26	00:40:50.793		0.58907			4
2024.07.26	00:40:55.683	0.58862	0.58908			6
2024.07.26	00:40:58.464	0.58863	0.58909			6
2024.07.26	00:40:59.743		0.58910			4
2024.07.26	00:41:00.827	0.58863				2
2024.07.26	00:41:04.128		0.58909			4
2024.07.26	00:41:08.597	0.58862				2
2024.07.26	00:41:08.952		0.58908			4
2024.07.26	00:41:12.423		0.58909			4
2024.07.26	00:41:15.726	0.58863				2
2024.07.26	00:41:16.039	0.58862	0.58908			6
2024.07.26	00:41:16.346	0.58863	0.58909			6
2024.07.26	00:41:19.836	0.58862	0.58908			6
2024.07.26	00:41:20.853	0.58861	0.58907			6
2024.07.26	00:41:21.168		0.58908			4
2024.07.26	00:41:21.569	0.58862				2
2024.07.26	00:41:26.712		0.58909			4
2024.07.26	00:41:27.030		0.58908			4
2024.07.26	00:41:32.486		0.58909			4
2024.07.26	00:41:33.228		0.58908			4
2024.07.26	00:41:33.536	0.58861				2
2024.07.26	00:41:33.841		0.58907			4
2024.07.26	00:41:38.805	0.58860	0.58904			6
2024.07.26	00:41:39.111	0.58859				2
2024.07.26	00:42:00.153	0.58859				2
2024.07.26	00:42:02.102	0.58858	0.58902			6
2024.07.26	00:42:02.406	0.58857	0.58901			6
2024.07.26	00:42:03.209		0.58900			4
2024.07.26	00:42:04.353	0.58856	0.58901			6
2024.07.26	00:42:06.394	0.58857	0.58900			6
2024.07.26	00:42:09.719	0.58856				2
2024.07.26	00:42:10.264	0.58857				2
2024.07.26	00:42:14.396		0.58901			4
2024.07.26	00:42:20.079		0.58900			4
2024.07.26	00:42:42.679	0.58856				2
2024.07.26	00:42:43.322		0.58901			4
2024.07.26	00:42:46.348	0.58857				2
2024.07.26	00:42:46.663		0.58900			4
2024.07.26	00:42:47.395	0.58856				2
2024.07.26	00:42:48.951	0.58857				2
2024.07.26	00:42:50.265	0.58856	0.58901			6
2024.07.26	00:42:50.817	0.58857				2
2024.07.26	00:42:53.521	0.58856				2
2024.07.26	00:42:54.213	0.58857	0.58900			6
2024.07.26	00:42:55.039	0.58856				2
2024.07.26	00:42:57.548		0.58901			4
2024.07.26	00:42:58.209	0.58857				2
2024.07.26	00:42:58.527		0.58900			4
2024.07.26	00:42:59.396		0.58901			4
2024.07.26	00:42:59.721		0.58900			4
2024.07.26	00:43:00.083	0.58857				2
2024.07.26	00:43:00.410	0.58854				2
2024.07.26	00:43:01.869	0.58855				2
2024.07.26	00:43:05.095	0.58854				2
2024.07.26	00:43:05.725	0.58855				2
2024.07.26	00:43:08.621		0.58901			4
2024.07.26	00:43:08.930	0.58854	0.58900			6
2024.07.26	00:43:09.546	0.58855				2
2024.07.26	00:43:09.857	0.58854				2
2024.07.26	00:43:10.161	0.58853				2
2024.07.26	00:43:14.341	0.58854				2
2024.07.26	00:43:21.657	0.58853	0.58899			6
2024.07.26	00:43:29.892	0.58854				2
2024.07.26	00:43:48.597	0.58853	0.58900			6
2024.07.26	00:43:49.150	0.58854				2
2024.07.26	00:44:00.484	0.58854				2
2024.07.26	00:44:10.498	0.58853				2
2024.07.26	00:44:16.793		0.58899			4
2024.07.26	00:44:21.355		0.58900			4
2024.07.26	00:44:29.595		0.58899			4
2024.07.26	00:44:53.766	0.58857	0.58900			6
2024.07.26	00:44:57.776		0.58899			4
2024.07.26	00:44:58.497		0.58900			4
2024.07.26	00:45:00.437	0.58854	0.58899			6
2024.07.26	00:45:00.873		0.58898			4
2024.07.26	00:45:01.218	0.58852	0.58900			6
2024.07.26	00:45:02.636		0.58898			4
2024.07.26	00:45:04.017	0.58847	0.58892			6
2024.07.26	00:45:04.359		0.58891			4
2024.07.26	00:45:06.463	0.58858	0.58876			6
2024.07.26	00:45:07.020		0.58877			4
2024.07.26	00:45:07.790		0.58875			4
2024.07.26	00:45:09.060	0.58857	0.58876			6
2024.07.26	00:45:10.209	0.58858				2
2024.07.26	00:45:10.617	0.58857	0.58877			6
2024.07.26	00:45:11.113		0.58876			4
2024.07.26	00:45:14.356	0.58858				2
2024.07.26	00:45:14.970		0.58877			4
2024.07.26	00:45:15.283		0.58876			4
2024.07.26	00:45:19.159	0.58857	0.58875			6
2024.07.26	00:45:21.973		0.58876			4
2024.07.26	00:45:22.666	0.58856				2
2024.07.26	00:45:24.617	0.58857				2
2024.07.26	00:45:34.210	0.58869	0.58881			6
2024.07.26	00:45:42.791	0.58864	0.58884			6
2024.07.26	00:45:45.207	0.58863	0.58882			6
2024.07.26	00:45:53.558	0.58862				2
2024.07.26	00:45:53.995	0.58861	0.58878			6
2024.07.26	00:45:54.316	0.58860				2
2024.07.26	00:46:01.275	0.58859				2
2024.07.26	00:46:01.939	0.58862	0.58881			6
2024.07.26	00:46:02.340	0.58861	0.58880			6
2024.07.26	00:46:05.054	0.58862				2
2024.07.26	00:46:09.022	0.58863				2
2024.07.26	00:46:11.279		0.58882			4
2024.07.26	00:46:26.350	0.58862				2
2024.07.26	00:46:27.674		0.58883			4
2024.07.26	00:46:32.682		0.58882			4
2024.07.26	00:46:33.001	0.58863				2
2024.07.26	00:46:33.334	0.58862				2
2024.07.26	00:46:41.907	0.58863	0.58883			6
2024.07.26	00:46:43.106	0.58862				2
2024.07.26	00:46:47.339	0.58861	0.58882			6
2024.07.26	00:46:48.340	0.58863	0.58885			6
2024.07.26	00:46:48.688		0.58884			4
2024.07.26	00:46:59.695	0.58862	0.58883			6
2024.07.26	00:47:00.147	0.58862				2
2024.07.26	00:47:01.442	0.58861	0.58884			6
2024.07.26	00:47:02.627	0.58862	0.58883			6
2024.07.26	00:47:05.418	0.58861				2
2024.07.26	00:47:08.490	0.58862				2
2024.07.26	00:47:19.495	0.58863	0.58885			6
2024.07.26	00:47:20.304	0.58862	0.58883			6
2024.07.26	00:47:33.025		0.58884			4
2024.07.26	00:47:33.448		0.58883			4
2024.07.26	00:47:39.594		0.58884			4
2024.07.26	00:47:43.149	0.58863	0.58885			6
2024.07.26	00:47:44.644	0.58862				2
2024.07.26	00:47:45.839	0.58863	0.58884			6
2024.07.26	00:47:46.144	0.58862	0.58885			6
2024.07.26	00:47:52.224	0.58864				2
2024.07.26	00:47:53.094		0.58887			4
2024.07.26	00:47:58.716		0.58886			4
2024.07.26	00:47:59.106	0.58863				2
2024.07.26	00:48:00.296	0.58864	0.58885			6
2024.07.26	00:48:00.914	0.58863				2
2024.07.26	00:48:01.451	0.58862				2
2024.07.26	00:48:11.395	0.58861				2
2024.07.26	00:48:13.789	0.58862	0.58884			6
2024.07.26	00:48:25.484	0.58860				2
2024.07.26	00:48:26.011	0.58861				2
2024.07.26	00:48:29.350		0.58883			4
2024.07.26	00:48:34.209	0.58862	0.58884			6
2024.07.26	00:48:34.557	0.58861				2
2024.07.26	00:48:35.472	0.58862				2
2024.07.26	00:48:44.194	0.58861				2
2024.07.26	00:48:48.509	0.58860				2
2024.07.26	00:48:54.389	0.58862	0.58883			6
2024.07.26	00:48:54.764	0.58861				2
2024.07.26	00:48:59.128	0.58862	0.58885			6
2024.07.26	00:49:02.327	0.58862	0.58884			6
2024.07.26	00:49:04.593	0.58860	0.58885			6
2024.07.26	00:49:07.827	0.58861	0.58884			6
2024.07.26	00:49:09.183		0.58883			4
2024.07.26	00:49:12.236		0.58884			4
2024.07.26	00:49:13.012	0.58859	0.58883			6
2024.07.26	00:49:13.314	0.58861	0.58884			6
2024.07.26	00:49:24.814	0.58860	0.58883			6
2024.07.26	00:49:35.013		0.58884			4
2024.07.26	00:49:39.349	0.58861				2
2024.07.26	00:49:41.010		0.58883			4
2024.07.26	00:49:43.754	0.58860				2
2024.07.26	00:49:44.336		0.58884			4
2024.07.26	00:49:48.276		0.58883			4
2024.07.26	00:49:53.650		0.58884			4
2024.07.26	00:49:57.596	0.58859				2
2024.07.26	00:50:02.352	0.58859				2
2024.07.26	00:50:06.137	0.58860				2
2024.07.26	00:50:19.475	0.58861				2
2024.07.26	00:50:20.292	0.58860	0.58883			6
2024.07.26	00:50:32.309	0.58861				2
2024.07.26	00:50:36.029	0.58862	0.58884			6
2024.07.26	00:50:36.429	0.58861				2
2024.07.26	00:50:37.219	0.58860				2
2024.07.26	00:50:37.658	0.58861				2
2024.07.26	00:50:53.286		0.58883			4
2024.07.26	00:50:59.325		0.58884			4
2024.07.26	00:51:04.496	0.58862				2
2024.07.26	00:51:16.693	0.58863	0.58885			6
2024.07.26	00:51:24.549	0.58862				2
2024.07.26	00:51:26.924	0.58861	0.58884			6
2024.07.26	00:51:30.389	0.58862				2
2024.07.26	00:51:33.921		0.58885			4
2024.07.26	00:51:37.167	0.58863				2
2024.07.26	00:51:45.503		0.58886			4
2024.07.26	00:51:47.324	0.58862	0.58885			6
2024.07.26	00:51:57.394	0.58861	0.58884			6
2024.07.26	00:52:03.376	0.58865	0.58888			6
2024.07.26	00:52:03.688	0.58867	0.58890			6
2024.07.26	00:52:04.036		0.58891			4
2024.07.26	00:52:04.356		0.58892			4
2024.07.26	00:52:06.172	0.58868				2
2024.07.26	00:52:08.607	0.58869	0.58893			6
2024.07.26	00:52:09.068	0.58868	0.58892			6
2024.07.26	00:52:10.417	0.58869	0.58893			6
2024.07.26	00:52:14.311		0.58892			4
2024.07.26	00:52:15.151	0.58867				2
2024.07.26	00:52:15.501	0.58868				2
2024.07.26	00:52:17.629		0.58893			4
2024.07.26	00:52:23.321	0.58867				2
2024.07.26	00:52:27.585	0.58868	0.58892			6
2024.07.26	00:52:28.518	0.58867				2
2024.07.26	00:52:30.877	0.58866				2
2024.07.26	00:52:31.407		0.58891			4
2024.07.26	00:52:38.474	0.58864	0.58889			6
2024.07.26	00:52:39.317	0.58863				2
2024.07.26	00:52:40.353	0.58864				2
2024.07.26	00:52:53.360	0.58863				2
2024.07.26	00:52:58.916	0.58865	0.58890			6
2024.07.26	00:53:00.919	0.58863	0.58888			6
2024.07.26	00:53:03.083	0.58862	0.58887			6
2024.07.26	00:53:03.492	0.58863				2
2024.07.26	00:53:08.354	0.58862	0.58886			6
2024.07.26	00:53:11.811	0.58860				2
2024.07.26	00:53:12.302	0.58862				2
2024.07.26	00:53:18.685		0.58887			4
2024.07.26	00:53:28.834	0.58863				2
2024.07.26	00:53:30.874	0.58862				2
2024.07.26	00:53:36.002	0.58861				2
2024.07.26	00:53:46.433		0.58886			4
2024.07.26	00:53:48.573		0.58887			4
2024.07.26	00:53:56.175	0.58863	0.58889			6
2024.07.26	00:53:56.497		0.58888			4
2024.07.26	00:53:57.159	0.58864	0.58889			6
2024.07.26	00:54:01.185	0.58864				2
2024.07.26	00:54:05.835	0.58863	0.58888			6
2024.07.26	00:54:06.218		0.58889			4
2024.07.26	00:54:06.849	0.58864	0.58890			6
2024.07.26	00:54:14.677	0.58863	0.58889			6
2024.07.26	00:54:15.294	0.58861	0.58888			6
2024.07.26	00:54:18.686	0.58864				2
2024.07.26	00:54:20.439	0.58860	0.58887			6
2024.07.26	00:54:29.869		0.58886			4
2024.07.26	00:54:30.416	0.58859				2
2024.07.26	00:54:31.055	0.58860				2
2024.07.26	00:54:34.049	0.58859				2
2024.07.26	00:54:36.596	0.58860	0.58887			6
2024.07.26	00:54:39.221		0.58886			4
2024.07.26	00:54:39.597	0.58862	0.58887			6
2024.07.26	00:54:43.120	0.58863				2
2024.07.26	00:54:50.296		0.58888			4
2024.07.26	00:54:50.816	0.58862	0.58887			6
2024.07.26	00:54:51.216		0.58886			4
2024.07.26	00:54:51.530		0.58887			4
2024.07.26	00:54:52.429	0.58859	0.58885			6
2024.07.26	00:54:56.337	0.58860				2
2024.07.26	00:54:56.835		0.58886			4
2024.07.26	00:55:00.521	0.58860				2
2024.07.26	00:55:01.476		0.58887			4
2024.07.26	00:55:02.449		0.58886			4
2024.07.26	00:55:08.998	0.58862	0.58887			6
2024.07.26	00:55:11.149	0.58863				2
2024.07.26	00:55:20.295	0.58860	0.58886			6
2024.07.26	00:55:21.834	0.58861	0.58887			6
2024.07.26	00:55:23.819	0.58860				2
2024.07.26	00:55:24.183	0.58862				2
2024.07.26	00:55:26.429	0.58861				2
2024.07.26	00:55:29.695	0.58863				2
2024.07.26	00:55:30.139		0.58888			4
2024.07.26	00:55:30.879	0.58861	0.58887			6
2024.07.26	00:55:31.238	0.58863	0.58888			6
2024.07.26	00:55:31.714		0.58887			4
2024.07.26	00:55:32.711		0.58888			4
2024.07.26	00:55:37.838		0.58889			4
2024.07.26	00:55:38.156	0.58862	0.58887			6
2024.07.26	00:55:41.279	0.58863	0.58888			6
2024.07.26	00:55:44.514		0.58889			4
2024.07.26	00:55:50.737	0.58864				2
2024.07.26	00:55:51.050		0.58890			4
2024.07.26	00:55:52.401	0.58865				2
2024.07.26	00:55:54.442		0.58891			4
2024.07.26	00:56:00.423	0.58866				2
2024.07.26	00:56:01.717	0.58865	0.58890			6
2024.07.26	00:56:02.037	0.58864				2
2024.07.26	00:56:02.433	0.58865	0.58891			6
2024.07.26	00:56:11.883	0.58866	0.58892			6
2024.07.26	00:56:17.990	0.58867	0.58893			6
2024.07.26	00:56:20.549	0.58868	0.58894			6
2024.07.26	00:56:22.084	0.58869	0.58895			6
2024.07.26	00:56:22.804	0.58868	0.58894			6
2024.07.26	00:56:25.130	0.58870	0.58895			6
2024.07.26	00:56:25.468		0.58896			4
2024.07.26	00:56:31.602	0.58871				2
2024.07.26	00:56:34.023		0.58897			4
2024.07.26	00:56:34.343		0.58898			4
2024.07.26	00:56:34.783	0.58872	0.58899			6
2024.07.26	00:56:35.266	0.58871				2
2024.07.26	00:56:35.601	0.58872				2
2024.07.26	00:56:36.670	0.58874				2
2024.07.26	00:56:40.274	0.58871				2
2024.07.26	00:56:40.925		0.58898			4
2024.07.26	00:56:45.324	0.58870				2
2024.07.26	00:56:47.352	0.58869				2
2024.07.26	00:56:48.260		0.58897			4
2024.07.26	00:56:53.139	0.58867				2
2024.07.26	00:56:56.322	0.58868	0.58896			6
2024.07.26	00:56:56.694		0.58897			4
2024.07.26	00:57:00.493	0.58870				2
2024.07.26	00:57:00.862	0.58869	0.58898			6
2024.07.26	00:57:03.769		0.58897			4
2024.07.26	00:57:09.153		0.58898			4
2024.07.26	00:57:10.999	0.58870				2
2024.07.26	00:57:15.639		0.58897			4
2024.07.26	00:57:17.485		0.58898			4
2024.07.26	00:57:24.138	0.58869	0.58895			6
2024.07.26	00:57:24.664	0.58868				2
2024.07.26	00:57:33.329	0.58869	0.58896			6
2024.07.26	00:57:34.011		0.58897			4
2024.07.26	00:57:40.873	0.58868	0.58896			6
2024.07.26	00:57:55.916	0.58869	0.58897			6
2024.07.26	00:57:56.526		0.58896			4
2024.07.26	00:58:00.871	0.58869				2
2024.07.26	00:58:07.197	0.58870				2
2024.07.26	00:58:09.431	0.58869	0.58895			6
2024.07.26	00:58:16.604	0.58867	0.58893			6
2024.07.26	00:58:19.448	0.58866				2
2024.07.26	00:58:20.003		0.58892			4
2024.07.26	00:58:20.497	0.58867				2
2024.07.26	00:58:20.997		0.58893			4
2024.07.26	00:58:23.698	0.58868	0.58892			6
2024.07.26	00:58:24.448		0.58893			4
2024.07.26	00:58:28.347		0.58894			4
2024.07.26	00:58:31.375		0.58893			4
2024.07.26	00:58:34.404		0.58894			4
2024.07.26	00:58:36.399	0.58869				2
2024.07.26	00:58:36.704	0.58870	0.58895			6
2024.07.26	00:58:41.474	0.58869				2
2024.07.26	00:58:44.242	0.58868	0.58893			6
2024.07.26	00:58:46.531		0.58894			4
2024.07.26	00:58:50.076		0.58893			4
2024.07.26	00:58:50.524		0.58894			4
2024.07.26	00:58:50.853	0.58869	0.58893			6
2024.07.26	00:58:51.182	0.58868				2
2024.07.26	00:58:59.353	0.58869				2
2024.07.26	00:58:59.897	0.58868	0.58894			6
2024.07.26	00:59:00.282	0.58868	0.58893			6
2024.07.26	00:59:01.676	0.58869	0.58894			6
2024.07.26	00:59:02.000	0.58868	0.58893			6
2024.07.26	00:59:04.513	0.58869				2
2024.07.26	00:59:05.012		0.58891			4
2024.07.26	00:59:08.318		0.58892			4
2024.07.26	00:59:10.389	0.58868				2
2024.07.26	00:59:11.752	0.58869	0.58894			6
2024.07.26	00:59:12.294	0.58870	0.58895			6
2024.07.26	00:59:12.784	0.58869				2
2024.07.26	00:59:15.657	0.58870				2
2024.07.26	00:59:20.922	0.58868	0.58893			6
2024.07.26	00:59:21.414	0.58867				2
2024.07.26	00:59:21.881		0.58892			4
2024.07.26	00:59:24.717	0.58861	0.58888			6
2024.07.26	00:59:25.080		0.58887			4
2024.07.26	00:59:26.350	0.58862				2
2024.07.26	00:59:26.698		0.58888			4
2024.07.26	00:59:27.305		0.58887			4
2024.07.26	00:59:27.923	0.58860	0.58881			6
2024.07.26	00:59:30.452	0.58853	0.58874			6
2024.07.26	00:59:31.921		0.58876			4
2024.07.26	00:59:32.281		0.58874			4
2024.07.26	00:59:46.370		0.58881			4
2024.07.26	01:00:00.317	0.58853	0.58870			6
2024.07.26	01:00:01.749		0.58871			4
2024.07.26	01:00:02.532		0.58868			4
2024.07.26	01:00:05.422	0.58854				2
2024.07.26	01:00:05.831	0.58855				2
2024.07.26	01:00:08.801	0.58853	0.58869			6
2024.07.26	01:00:09.119	0.58857				2
2024.07.26	01:00:10.419	0.58856				2
2024.07.26	01:00:10.740	0.58857				2
2024.07.26	01:00:12.863	0.58858	0.58875			6
2024.07.26	01:00:13.220		0.58876			4
2024.07.26	01:00:14.120		0.58871			4
2024.07.26	01:00:16.189	0.58860				2
2024.07.26	01:00:17.400		0.58873			4
2024.07.26	01:00:24.629	0.58856				2
2024.07.26	01:00:25.392		0.58870			4
2024.07.26	01:00:26.710	0.58855				2
2024.07.26	01:00:27.013		0.58868			4
2024.07.26	01:00:29.223	0.58856	0.58875			6
2024.07.26	01:00:29.577	0.58855	0.58874			6
2024.07.26	01:00:30.489	0.58852	0.58873			6
2024.07.26	01:00:30.981		0.58874			4
2024.07.26	01:00:31.398	0.58855				2
2024.07.26	01:00:34.924		0.58871			4
2024.07.26	01:00:35.920		0.58870			4
2024.07.26	01:00:36.222	0.58862	0.58871			6
2024.07.26	01:00:42.041		0.58866			4
2024.07.26	01:00:54.636	0.58861	0.58863			6
2024.07.26	01:00:54.940		0.58866			4
2024.07.26	01:00:55.380		0.58865			4
2024.07.26	01:00:58.286		0.58866			4
2024.07.26	01:00:59.163	0.58860				2
2024.07.26	01:01:00.309	0.58860				2
2024.07.26	01:01:01.865	0.58858				2
2024.07.26	01:01:03.041		0.58867			4
2024.07.26	01:01:03.671	0.58860				2
2024.07.26	01:01:07.284	0.58862	0.58871			6
2024.07.26	01:01:08.391		0.58872			4
2024.07.26	01:01:09.724	0.58860	0.58867			6
2024.07.26	01:01:13.494		0.58863			4
2024.07.26	01:01:14.104		0.58867			4
2024.07.26	01:01:35.904		0.58866			4
2024.07.26	01:01:39.773		0.58867			4
2024.07.26	01:01:40.876		0.58866			4
2024.07.26	01:01:42.563		0.58867			4
2024.07.26	01:01:54.389	0.58861				2
2024.07.26	01:01:54.691	0.58860				2
2024.07.26	01:01:55.030	0.58861				2
2024.07.26	01:01:55.353	0.58860				2
2024.07.26	01:01:57.154		0.58862			4
2024.07.26	01:02:00.297	0.58860				2
2024.07.26	01:02:07.272		0.58864			4
2024.07.26	01:02:07.584		0.58865			4
2024.07.26	01:02:08.996		0.58864			4
2024.07.26	01:02:09.388		0.58866			4
2024.07.26	01:02:10.059		0.58867			4
2024.07.26	01:02:10.841		0.58866			4
2024.07.26	01:02:15.895	0.58867	0.58869			6
2024.07.26	01:02:16.209		0.58871			4
2024.07.26	01:02:16.523		0.58872			4
2024.07.26	01:02:18.406		0.58871			4
2024.07.26	01:02:29.686	0.58865				2
2024.07.26	01:02:31.070		0.58870			4
2024.07.26	01:02:33.404		0.58871			4
2024.07.26	01:02:37.150		0.58870			4
2024.07.26	01:02:42.421		0.58871			4
2024.07.26	01:02:58.720	0.58864				2
2024.07.26	01:02:59.681	0.58865				2
2024.07.26	01:03:01.401	0.58865	0.58870			6
2024.07.26	01:03:03.397		0.58871			4
2024.07.26	01:03:04.187		0.58870			4
2024.07.26	01:03:10.409		0.58871			4
2024.07.26	01:03:11.389		0.58870			4
2024.07.26	01:03:14.963		0.58871			4
2024.07.26	01:03:15.317		0.58870			4
2024.07.26	01:03:15.670		0.58871			4
2024.07.26	01:03:21.582		0.58870			4
2024.07.26	01:03:49.575	0.58864				2
2024.07.26	01:03:50.434		0.58871			4
2024.07.26	01:03:57.816		0.58870			4
2024.07.26	01:04:08.399	0.58864	0.58871			6
2024.07.26	01:04:14.023		0.58870			4
2024.07.26	01:04:19.364	0.58865				2
2024.07.26	01:04:20.396		0.58871			4
2024.07.26	01:04:20.742		0.58870			4
2024.07.26	01:04:25.411		0.58871			4
2024.07.26	01:04:26.135		0.58870			4
2024.07.26	01:04:54.408		0.58871			4
2024.07.26	01:04:58.390		0.58870			4
2024.07.26	01:05:00.346	0.58865	0.58871			6
2024.07.26	01:05:00.681		0.58870			4
2024.07.26	01:05:01.386		0.58869			4
2024.07.26	01:05:04.645		0.58870			4
2024.07.26	01:05:05.429		0.58869			4
2024.07.26	01:05:33.390		0.58871			4
2024.07.26	01:05:35.409		0.58870			4
2024.07.26	01:05:36.413		0.58869			4
2024.07.26	01:05:46.401		0.58871			4
2024.07.26	01:05:47.399		0.58870			4
2024.07.26	01:05:50.693		0.58871			4
2024.07.26	01:05:53.696		0.58870			4
2024.07.26	01:05:54.405		0.58869			4
2024.07.26	01:06:07.423	0.58865	0.58871			6
2024.07.26	01:06:07.784		0.58869			4
2024.07.26	01:06:12.842		0.58868			4
2024.07.26	01:06:23.402		0.58870			4
2024.07.26	01:06:27.992		0.58868			4
2024.07.26	01:06:38.422		0.58870			4
2024.07.26	01:06:38.960		0.58868			4
2024.07.26	01:06:40.142		0.58867			4
2024.07.26	01:06:40.656	0.58863	0.58865			6
2024.07.26	01:06:47.382		0.58866			4
2024.07.26	01:06:50.746	0.58860	0.58863			6
2024.07.26	01:06:57.500	0.58859				2
2024.07.26	01:07:00.946	0.58859	0.58861			6
2024.07.26	01:07:01.292		0.58863			4
2024.07.26	01:07:14.400		0.58864			4
2024.07.26	01:07:16.682		0.58863			4
2024.07.26	01:07:20.424		0.58865			4
2024.07.26	01:07:27.300	0.58857				2
2024.07.26	01:07:28.522		0.58863			4
2024.07.26	01:07:32.132	0.58859				2
2024.07.26	01:07:40.396		0.58864			4
2024.07.26	01:07:46.387		0.58863			4
2024.07.26	01:07:47.400		0.58864			4
2024.07.26	01:07:54.013		0.58865			4
2024.07.26	01:07:54.395		0.58863			4
2024.07.26	01:08:04.390	0.58859	0.58865			6
2024.07.26	01:08:16.697		0.58863			4
2024.07.26	01:08:27.420		0.58864			4
2024.07.26	01:08:30.130		0.58863			4
2024.07.26	01:08:32.401		0.58864			4
2024.07.26	01:09:00.534	0.58859	0.58863			6
2024.07.26	01:09:03.933	0.58861	0.58865			6
2024.07.26	01:09:04.683	0.58863				2
2024.07.26	01:09:11.010		0.58866			4
2024.07.26	01:09:31.407		0.58865			4
2024.07.26	01:09:39.407		0.58866			4
2024.07.26	01:09:41.085		0.58865			4
2024.07.26	01:10:07.114	0.58863	0.58864			6
2024.07.26	01:11:00.154	0.58863				2
2024.07.26	01:11:07.134		0.58864			4
2024.07.26	01:11:34.852	0.58865	0.58866			6
2024.07.26	01:11:41.744	0.58870	0.58871			6
2024.07.26	01:11:51.982		0.58873			4
2024.07.26	01:11:52.352		0.58872			4
2024.07.26	01:12:04.417	0.58870	0.58873			6
2024.07.26	01:12:04.924		0.58872			4
2024.07.26	01:12:33.946		0.58873			4
2024.07.26	01:12:59.724		0.58872			4
2024.07.26	01:13:00.409	0.58870	0.58873			6
2024.07.26	01:13:01.353	0.58869				2
2024.07.26	01:13:06.264	0.58871	0.58874			6
2024.07.26	01:13:08.731		0.58875			4
2024.07.26	01:13:09.042	0.58873	0.58876			6
2024.07.26	01:13:13.197		0.58875			4
2024.07.26	01:13:38.578	0.58872	0.58873			6
2024.07.26	01:13:38.884	0.58873	0.58874			6
2024.07.26	01:13:47.920	0.58870	0.58872			6
2024.07.26	01:13:53.311		0.58873			4
2024.07.26	01:13:54.062		0.58872			4
2024.07.26	01:13:58.147	0.58867	0.58869			6
2024.07.26	01:14:01.087	0.58867				2
2024.07.26	01:14:41.470	0.58869	0.58871			6
2024.07.26	01:14:46.215		0.58870			4
2024.07.26	01:14:55.771	0.58867	0.58871			6
2024.07.26	01:14:56.428	0.58869	0.58870			6
2024.07.26	01:15:01.508	0.58867	0.58871			6
2024.07.26	01:15:02.419	0.58869	0.58870			6
2024.07.26	01:15:14.482	0.58867	0.58871			6
2024.07.26	01:15:14.786	0.58869	0.58870			6
2024.07.26	01:15:17.423	0.58868	0.58869			6
2024.07.26	01:15:17.980		0.58870			4
2024.07.26	01:15:18.840		0.58869			4
2024.07.26	01:15:19.754		0.58870			4
2024.07.26	01:15:22.030	0.58867				2
2024.07.26	01:15:31.042	0.58866				2
2024.07.26	01:15:37.492		0.58869			4
2024.07.26	01:15:39.907	0.58865				2
2024.07.26	01:15:43.524		0.58868			4
2024.07.26	01:15:43.941		0.58869			4
2024.07.26	01:15:44.391		0.58868			4
2024.07.26	01:15:46.716	0.58864				2
2024.07.26	01:15:56.085	0.58865				2
2024.07.26	01:15:57.293	0.58864				2
2024.07.26	01:15:58.406	0.58865				2
2024.07.26	01:16:00.685	0.58865				2
2024.07.26	01:16:04.033		0.58869			4
2024.07.26	01:16:11.476	0.58866				2
2024.07.26	01:16:11.840		0.58870			4
2024.07.26	01:16:21.593	0.58865	0.58869			6
2024.07.26	01:16:21.958		0.58868			4
2024.07.26	01:16:22.280		0.58867			4
2024.07.26	01:16:30.626		0.58868			4
2024.07.26	01:16:32.099	0.58866	0.58869			6
2024.07.26	01:16:34.426	0.58865				2
2024.07.26	01:16:51.541	0.58866	0.58870			6
2024.07.26	01:16:57.301	0.58870	0.58873			6
2024.07.26	01:16:57.979	0.58869				2
2024.07.26	01:17:00.826	0.58869				2
2024.07.26	01:17:09.866	0.58870	0.58874			6
2024.07.26	01:17:19.080		0.58873			4
2024.07.26	01:17:19.403	0.58868	0.58872			6
2024.07.26	01:17:20.357		0.58871			4
2024.07.26	01:17:20.668		0.58872			4
2024.07.26	01:17:21.585		0.58871			4
2024.07.26	01:17:22.037		0.58872			4
2024.07.26	01:17:22.629		0.58871			4
2024.07.26	01:17:24.882	0.58872	0.58875			6
2024.07.26	01:17:25.210	0.58871				2
2024.07.26	01:17:48.627		0.58874			4
2024.07.26	01:17:52.050		0.58875			4
2024.07.26	01:17:59.505	0.58870				2
2024.07.26	01:18:00.051	0.58871				2
2024.07.26	01:18:02.206	0.58870				2
2024.07.26	01:18:03.161	0.58871				2
2024.07.26	01:18:07.751	0.58872	0.58873			6
2024.07.26	01:18:08.219	0.58871				2
2024.07.26	01:18:15.827	0.58870				2
2024.07.26	01:18:16.696	0.58872				2
2024.07.26	01:18:17.037	0.58871				2
2024.07.26	01:18:21.537	0.58870				2
2024.07.26	01:18:22.546	0.58871				2
2024.07.26	01:18:27.162	0.58870				2
2024.07.26	01:18:28.173	0.58871				2
2024.07.26	01:18:30.554	0.58870				2
2024.07.26	01:18:32.612	0.58869				2
2024.07.26	01:18:38.282	0.58870				2
2024.07.26	01:18:45.790	0.58871				2
2024.07.26	01:18:46.096	0.58870				2
2024.07.26	01:19:00.407	0.58870				2
2024.07.26	01:19:02.631	0.58871	0.58874			6
2024.07.26	01:19:09.137	0.58870	0.58873			6
2024.07.26	01:19:09.893		0.58874			4
2024.07.26	01:19:12.852		0.58873			4
2024.07.26	01:19:28.009		0.58874			4
2024.07.26	01:19:29.063		0.58873			4
2024.07.26	01:19:31.405		0.58874			4
2024.07.26	01:19:33.585		0.58873			4
2024.07.26	01:19:34.791	0.58869				2
2024.07.26	01:19:35.910	0.58870				2
2024.07.26	01:19:37.021	0.58869				2
2024.07.26	01:19:41.521	0.58870				2
2024.07.26	01:19:42.689	0.58869				2
2024.07.26	01:19:54.204		0.58872			4
2024.07.26	01:19:55.047	0.58868				2
2024.07.26	01:19:57.371		0.58871			4
2024.07.26	01:19:59.235	0.58869	0.58872			6
2024.07.26	01:20:00.400	0.58869				2
2024.07.26	01:20:01.962	0.58870				2
2024.07.26	01:20:03.447	0.58869				2
2024.07.26	01:20:05.593	0.58868				2
2024.07.26	01:20:06.877	0.58869				2
2024.07.26	01:20:17.418	0.58868				2
2024.07.26	01:20:19.596	0.58869				2
2024.07.26	01:20:20.031	0.58868				2
2024.07.26	01:20:21.478	0.58869				2
2024.07.26	01:21:00.397	0.58869	0.58872			6
2024.07.26	01:21:01.596	0.58870				2
2024.07.26	01:21:12.347	0.58869				2
2024.07.26	01:21:21.138	0.58868				2
2024.07.26	01:21:21.497	0.58870				2
2024.07.26	01:21:33.818	0.58871				2
2024.07.26	01:21:34.135		0.58874			4
2024.07.26	01:21:40.065	0.58870				2
2024.07.26	01:21:45.942	0.58869	0.58872			6
2024.07.26	01:21:49.872		0.58870			4
2024.07.26	01:21:50.279		0.58872			4
2024.07.26	01:22:01.529	0.58870				2
2024.07.26	01:22:01.852	0.58869				2
2024.07.26	01:22:02.189	0.58870				2
2024.07.26	01:22:02.492	0.58869				2
2024.07.26	01:22:05.273	0.58870	0.58873			6
2024.07.26	01:22:06.197	0.58872				2
2024.07.26	01:22:06.543	0.58870				2
2024.07.26	01:22:13.069	0.58869				2
2024.07.26	01:22:13.930	0.58870				2
2024.07.26	01:22:15.910		0.58874			4
2024.07.26	01:22:30.724	0.58874	0.58877			6
2024.07.26	01:22:31.031	0.58873				2
2024.07.26	01:22:33.272		0.58876			4
2024.07.26	01:22:37.765	0.58871	0.58874			6
2024.07.26	01:22:38.072	0.58870				2
2024.07.26	01:22:39.379		0.58873			4
2024.07.26	01:22:58.173	0.58869				2
2024.07.26	01:22:59.464		0.58872			4
2024.07.26	01:23:00.603	0.58869	0.58873			6
2024.07.26	01:23:01.708	0.58870				2
2024.07.26	01:23:07.891	0.58869	0.58872			6
2024.07.26	01:23:21.792	0.58870	0.58873			6
2024.07.26	01:23:32.457	0.58871	0.58874			6
2024.07.26	01:23:37.231	0.58872	0.58875			6
2024.07.26	01:23:40.263	0.58871	0.58874			6
2024.07.26	01:23:42.002	0.58870				2
2024.07.26	01:24:02.425	0.58870				2
2024.07.26	01:24:22.276	0.58869	0.58872			6
2024.07.26	01:24:23.380	0.58868				2
2024.07.26	01:24:29.401		0.58871			4
2024.07.26	01:24:31.513	0.58869	0.58872			6
2024.07.26	01:24:31.990	0.58868				2
2024.07.26	01:24:32.306		0.58871			4
2024.07.26	01:25:00.266	0.58868				2
2024.07.26	01:25:00.810	0.58867				2
2024.07.26	01:25:07.310		0.58870			4
2024.07.26	01:25:12.708	0.58868	0.58871			6
2024.07.26	01:25:30.411	0.58866	0.58869			6
2024.07.26	01:25:30.724	0.58867	0.58870			6
2024.07.26	01:25:41.261	0.58866				2
2024.07.26	01:25:57.858		0.58869			4
2024.07.26	01:26:00.111	0.58866				2
2024.07.26	01:26:10.057	0.58867				2
2024.07.26	01:26:11.875	0.58866				2
2024.07.26	01:26:20.216	0.58867				2
2024.07.26	01:26:20.619	0.58866	0.58870			6
2024.07.26	01:26:26.181		0.58869			4
2024.07.26	01:26:28.040	0.58867	0.58870			6
2024.07.26	01:26:28.374	0.58866	0.58869			6
2024.07.26	01:26:29.301		0.58870			4
2024.07.26	01:26:29.926	0.58867				2
2024.07.26	01:26:33.222	0.58866	0.58869			6
2024.07.26	01:26:37.959	0.58868	0.58870			6
2024.07.26	01:26:38.905	0.58867				2
2024.07.26	01:26:47.476	0.58866				2
2024.07.26	01:26:54.330		0.58869			4
2024.07.26	01:27:00.065	0.58866				2
2024.07.26	01:27:00.461		0.58870			4
2024.07.26	01:27:03.419		0.58869			4
2024.07.26	01:27:03.720	0.58867	0.58870			6
2024.07.26	01:27:14.445	0.58866				2
2024.07.26	01:27:14.762	0.58867				2
2024.07.26	01:27:48.970	0.58866	0.58869			6
2024.07.26	01:27:58.836	0.58867				2
2024.07.26	01:27:59.141	0.58866				2
2024.07.26	01:28:00.243	0.58866				2
2024.07.26	01:28:03.372		0.58870			4
2024.07.26	01:28:03.730		0.58869			4
2024.07.26	01:28:15.491		0.58870			4
2024.07.26	01:28:15.803		0.58869			4
2024.07.26	01:28:20.865	0.58867	0.58870			6
2024.07.26	01:28:22.667		0.58871			4
2024.07.26	01:28:23.246		0.58870			4
2024.07.26	01:28:27.129		0.58871			4
2024.07.26	01:28:27.769		0.58870			4
2024.07.26	01:28:57.363		0.58869			4
2024.07.26	01:28:57.665		0.58870			4
2024.07.26	01:28:57.981		0.58871			4
2024.07.26	01:28:58.956		0.58870			4
2024.07.26	01:29:00.314	0.58867				2
2024.07.26	01:29:04.794	0.58868	0.58871			6
2024.07.26	01:29:07.940	0.58867	0.58869			6
2024.07.26	01:29:08.242	0.58866				2
2024.07.26	01:29:12.004	0.58865	0.58868			6
2024.07.26	01:29:12.354		0.58869			4
2024.07.26	01:29:13.867	0.58866				2
2024.07.26	01:29:17.203	0.58865				2
2024.07.26	01:29:18.253	0.58866				2
2024.07.26	01:29:21.560	0.58868				2
2024.07.26	01:29:21.889	0.58867				2
2024.07.26	01:29:30.744	0.58866				2
2024.07.26	01:29:50.380	0.58865	0.58867			6
2024.07.26	01:29:52.262	0.58863	0.58866			6
2024.07.26	01:30:00.370	0.58863	0.58865			6
2024.07.26	01:30:00.686	0.58865	0.58867			6
2024.07.26	01:30:00.998	0.58864	0.58866			6
2024.07.26	01:30:01.759		0.58867			4
2024.07.26	01:30:02.061		0.58866			4
2024.07.26	01:30:03.467	0.58863				2
2024.07.26	01:30:06.453		0.58867			4
2024.07.26	01:30:08.543		0.58866			4
2024.07.26	01:30:08.846		0.58867			4
2024.07.26	01:30:10.628		0.58865			4
2024.07.26	01:30:11.478		0.58864			4
2024.07.26	01:30:14.772		0.58865			4
2024.07.26	01:30:17.243		0.58866			4
2024.07.26	01:30:21.260	0.58864	0.58867			6
2024.07.26	01:30:22.355	0.58867	0.58870			6
2024.07.26	01:30:41.452		0.58871			4
2024.07.26	01:30:41.873		0.58870			4
2024.07.26	01:30:53.887	0.58868				2
2024.07.26	01:30:54.866	0.58867				2
2024.07.26	01:30:57.146		0.58869			4
2024.07.26	01:30:57.636		0.58870			4
2024.07.26	01:31:00.262	0.58867				2
2024.07.26	01:31:30.295		0.58871			4
2024.07.26	01:31:31.789	0.58868				2
2024.07.26	01:31:33.550		0.58872			4
2024.07.26	01:31:33.943	0.58873	0.58875			6
2024.07.26	01:31:34.347		0.58877			4
2024.07.26	01:31:40.629	0.58874				2
2024.07.26	01:31:44.795	0.58877	0.58881			6
2024.07.26	01:31:54.279		0.58880			4
2024.07.26	01:32:00.348	0.58877				2
2024.07.26	01:32:07.153	0.58876	0.58879			6
2024.07.26	01:32:17.475	0.58871	0.58874			6
2024.07.26	01:32:21.064	0.58872	0.58875			6
2024.07.26	01:32:38.136		0.58876			4
2024.07.26	01:32:38.507	0.58871	0.58875			6
2024.07.26	01:32:49.329		0.58874			4
2024.07.26	01:32:49.633	0.58872	0.58875			6
2024.07.26	01:32:49.975	0.58871				2
2024.07.26	01:32:59.994	0.58872	0.58876			6
2024.07.26	01:33:00.496	0.58872				2
2024.07.26	01:33:12.309		0.58877			4
2024.07.26	01:33:12.808		0.58876			4
2024.07.26	01:33:13.926		0.58877			4
2024.07.26	01:33:18.252	0.58873				2
2024.07.26	01:33:21.839	0.58872				2
2024.07.26	01:33:24.351	0.58873				2
2024.07.26	01:33:36.202	0.58874	0.58878			6
2024.07.26	01:33:39.463		0.58879			4
2024.07.26	01:33:40.756	0.58875				2
2024.07.26	01:33:48.599		0.58880			4
2024.07.26	01:33:50.974		0.58879			4
2024.07.26	01:34:00.065	0.58875				2
2024.07.26	01:34:03.799		0.58878			4
2024.07.26	01:34:08.843		0.58879			4
2024.07.26	01:34:09.959		0.58878			4
2024.07.26	01:34:20.345		0.58877			4
2024.07.26	01:34:21.367		0.58878			4
2024.07.26	01:34:22.996	0.58874				2
2024.07.26	01:34:43.788	0.58875				2
2024.07.26	01:35:01.221	0.58874	0.58876			6
2024.07.26	01:35:06.064		0.58878			4
2024.07.26	01:35:23.904		0.58877			4
2024.07.26	01:35:31.476		0.58878			4
2024.07.26	01:35:31.783		0.58877			4
2024.07.26	01:35:45.792		0.58878			4
2024.07.26	01:35:46.169		0.58877			4
2024.07.26	01:35:50.402		0.58878			4
2024.07.26	01:35:51.217		0.58877			4
2024.07.26	01:35:51.972		0.58878			4
2024.07.26	01:35:52.982		0.58877			4
2024.07.26	01:35:54.222		0.58878			4
2024.07.26	01:35:55.345		0.58877			4
2024.07.26	01:35:56.402		0.58878			4
2024.07.26	01:36:00.365	0.58874				2
2024.07.26	01:36:02.222		0.58877			4
2024.07.26	01:36:43.182		0.58876			4
2024.07.26	01:36:44.616		0.58877			4
2024.07.26	01:36:45.041		0.58876			4
2024.07.26	01:36:56.044		0.58877			4
2024.07.26	01:36:59.691	0.58872	0.58876			6
2024.07.26	01:37:00.010	0.58872				2
2024.07.26	01:37:00.341	0.58873				2
2024.07.26	01:37:12.092		0.58875			4
2024.07.26	01:37:18.816		0.58876			4
2024.07.26	01:37:19.281	0.58872	0.58874			6
2024.07.26	01:37:22.795		0.58875			4
2024.07.26	01:37:34.932	0.58873				2
2024.07.26	01:37:35.243		0.58876			4
2024.07.26	01:38:01.070	0.58873				2
2024.07.26	01:38:01.731	0.58872	0.58875			6
2024.07.26	01:38:02.721	0.58871	0.58872			6
2024.07.26	01:38:03.024		0.58874			4
2024.07.26	01:38:03.911		0.58872			4
2024.07.26	01:38:04.351	0.58870				2
2024.07.26	01:38:08.107		0.58873			4
2024.07.26	01:38:08.780		0.58872			4
2024.07.26	01:38:35.396		0.58871			4
2024.07.26	01:38:36.021	0.58868	0.58870			6
2024.07.26	01:38:38.996		0.58871			4
2024.07.26	01:38:48.468		0.58869			4
2024.07.26	01:38:48.853		0.58871			4
2024.07.26	01:38:57.334		0.58869			4
2024.07.26	01:38:57.638		0.58871			4
2024.07.26	01:39:00.599	0.58869				2
2024.07.26	01:39:05.101	0.58868				2
2024.07.26	01:39:07.305	0.58867	0.58870			6
2024.07.26	01:39:07.673		0.58869			4
2024.07.26	01:39:13.395		0.58870			4
2024.07.26	01:39:17.333	0.58868				2
2024.07.26	01:39:17.637	0.58867				2
2024.07.26	01:39:18.224		0.58869			4
2024.07.26	01:39:25.685		0.58868			4
2024.07.26	01:39:28.249		0.58869			4
2024.07.26	01:39:34.760	0.58865	0.58866			6
2024.07.26	01:39:35.535		0.58867			4
2024.07.26	01:39:41.383	0.58866				2
2024.07.26	01:39:49.226	0.58865	0.58866			6
2024.07.26	01:39:49.647	0.58866	0.58867			6
2024.07.26	01:40:00.747	0.58866				2
2024.07.26	01:40:12.188		0.58868			4
2024.07.26	01:40:13.427		0.58867			4
2024.07.26	01:40:16.698		0.58868			4
2024.07.26	01:40:17.740		0.58867			4
2024.07.26	01:40:32.512	0.58865				2
2024.07.26	01:40:42.615		0.58868			4
2024.07.26	01:40:54.057		0.58867			4
2024.07.26	01:41:01.148	0.58865				2
2024.07.26	01:41:08.154		0.58868			4
2024.07.26	01:41:38.927	0.58864	0.58867			6
2024.07.26	01:41:48.374	0.58863	0.58866			6
2024.07.26	01:41:48.894	0.58862				2
2024.07.26	01:41:49.257	0.58865	0.58868			6
2024.07.26	01:42:01.532	0.58870	0.58874			6
2024.07.26	01:42:17.372	0.58871				2
2024.07.26	01:42:30.383	0.58870				2
2024.07.26	01:42:58.140		0.58873			4
2024.07.26	01:42:58.445		0.58874			4
2024.07.26	01:43:00.458	0.58870				2
2024.07.26	01:43:05.077	0.58872	0.58875			6
2024.07.26	01:43:13.704		0.58876			4
2024.07.26	01:43:14.025	0.58871				2
2024.07.26	01:43:14.388	0.58872				2
2024.07.26	01:44:00.088	0.58872				2
2024.07.26	01:44:01.464		0.58875			4
2024.07.26	01:44:32.448	0.58873				2
2024.07.26	01:44:32.866	0.58872				2
2024.07.26	01:44:45.918	0.58871				2
2024.07.26	01:44:54.509	0.58869	0.58872			6
2024.07.26	01:44:55.132		0.58873			4
2024.07.26	01:45:00.236	0.58869				2
2024.07.26	01:45:01.298	0.58870	0.58874			6
2024.07.26	01:45:06.826		0.58875			4
2024.07.26	01:45:07.149	0.58873				2
2024.07.26	01:45:07.985	0.58871	0.58874			6
2024.07.26	01:45:44.541	0.58873				2
2024.07.26	01:45:44.847	0.58871				2
2024.07.26	01:45:55.727	0.58873				2
2024.07.26	01:45:56.030	0.58871				2
2024.07.26	01:45:57.785	0.58873	0.58877			6
2024.07.26	01:45:58.090	0.58875	0.58878			6
2024.07.26	01:45:58.510		0.58879			4
2024.07.26	01:46:00.313	0.58874				2
2024.07.26	01:46:01.972	0.58875				2
2024.07.26	01:46:10.513	0.58876	0.58880			6
2024.07.26	01:46:10.831	0.58877				2
2024.07.26	01:46:20.261		0.58879			4
2024.07.26	01:46:20.827		0.58880			4
2024.07.26	01:46:22.032	0.58878				2
2024.07.26	01:46:26.606	0.58877				2
2024.07.26	01:46:27.151	0.58875				2
2024.07.26	01:46:30.909	0.58877				2
2024.07.26	01:46:41.351	0.58878				2
2024.07.26	01:47:00.110	0.58877				2
2024.07.26	01:47:02.050	0.58876				2
2024.07.26	01:47:03.095	0.58877				2
2024.07.26	01:47:10.171	0.58872	0.58874			6
2024.07.26	01:47:11.698	0.58874	0.58876			6
2024.07.26	01:47:20.308	0.58873				2
2024.07.26	01:47:21.517		0.58875			4
2024.07.26	01:47:23.662		0.58876			4
2024.07.26	01:47:24.788	0.58874				2
2024.07.26	01:47:26.995	0.58873				2
2024.07.26	01:47:27.321	0.58874				2
2024.07.26	01:47:33.301	0.58873				2
2024.07.26	01:47:34.740	0.58874				2
2024.07.26	01:47:35.042	0.58873				2
2024.07.26	01:47:37.327	0.58874	0.58877			6
2024.07.26	01:47:38.311		0.58876			4
2024.07.26	01:47:42.600		0.58877			4
2024.07.26	01:47:42.931		0.58876			4
2024.07.26	01:47:52.961		0.58875			4
2024.07.26	01:47:53.289		0.58876			4
2024.07.26	01:47:55.217		0.58875			4
2024.07.26	01:47:56.341		0.58876			4
2024.07.26	01:47:59.186		0.58875			4
2024.07.26	01:47:59.723		0.58876			4
2024.07.26	01:48:00.158	0.58874				2
2024.07.26	01:48:00.594	0.58875				2
2024.07.26	01:48:05.468	0.58874				2
2024.07.26	01:48:07.611	0.58875	0.58877			6
2024.07.26	01:48:09.140	0.58876	0.58878			6
2024.07.26	01:48:09.448		0.58879			4
2024.07.26	01:48:10.633	0.58875	0.58878			6
2024.07.26	01:48:10.945	0.58874	0.58875			6
2024.07.26	01:48:11.366	0.58873				2
2024.07.26	01:48:12.126		0.58876			4
2024.07.26	01:48:13.361		0.58875			4
2024.07.26	01:48:15.382	0.58874	0.58876			6
2024.07.26	01:48:17.876	0.58873				2
2024.07.26	01:48:19.001		0.58875			4
2024.07.26	01:48:22.117	0.58874				2
2024.07.26	01:48:22.446	0.58873				2
2024.07.26	01:48:23.260	0.58874	0.58876			6
2024.07.26	01:48:23.617	0.58873	0.58875			6
2024.07.26	01:48:24.481		0.58876			4
2024.07.26	01:48:25.762		0.58875			4
2024.07.26	01:48:26.886		0.58876			4
2024.07.26	01:48:28.015		0.58875			4
2024.07.26	01:48:29.142	0.58872	0.58874			6
2024.07.26	01:48:29.443	0.58870				2
2024.07.26	01:48:32.234		0.58873			4
2024.07.26	01:48:35.369		0.58874			4
2024.07.26	01:48:41.515	0.58873	0.58875			6
2024.07.26	01:48:49.194	0.58872	0.58874			6
2024.07.26	01:48:49.511	0.58873	0.58875			6
2024.07.26	01:49:00.297	0.58873				2
2024.07.26	01:49:00.976	0.58872	0.58874			6
2024.07.26	01:49:05.776		0.58873			4
2024.07.26	01:49:06.487	0.58874	0.58876			6
2024.07.26	01:49:13.430	0.58873				2
2024.07.26	01:49:15.576		0.58875			4
2024.07.26	01:49:16.505	0.58872	0.58874			6
2024.07.26	01:49:20.422	0.58874	0.58876			6
2024.07.26	01:49:23.800	0.58873	0.58875			6
2024.07.26	01:49:24.932		0.58876			4
2024.07.26	01:49:26.055		0.58875			4
2024.07.26	01:49:30.458	0.58874	0.58876			6
2024.07.26	01:49:31.085	0.58873	0.58875			6
2024.07.26	01:49:32.001	0.58872	0.58874			6
2024.07.26	01:49:36.510	0.58870	0.58873			6
2024.07.26	01:49:42.819	0.58871	0.58875			6
2024.07.26	01:49:46.998	0.58872				2
2024.07.26	01:49:53.251		0.58874			4
2024.07.26	01:50:00.531	0.58872	0.58873			6
2024.07.26	01:50:00.841		0.58874			4
2024.07.26	01:50:02.159		0.58873			4
2024.07.26	01:50:02.466		0.58874			4
2024.07.26	01:50:15.744	0.58873				2
2024.07.26	01:50:16.046	0.58872				2
2024.07.26	01:50:17.939		0.58873			4
2024.07.26	01:50:18.332		0.58874			4
2024.07.26	01:50:20.188	0.58871	0.58873			6
2024.07.26	01:50:30.010		0.58875			4
2024.07.26	01:50:31.786	0.58872				2
2024.07.26	01:50:32.516		0.58874			4
2024.07.26	01:50:50.687	0.58871				2
2024.07.26	01:50:51.342	0.58872				2
2024.07.26	01:51:00.512	0.58872	0.58875			6
2024.07.26	01:51:02.124		0.58874			4
2024.07.26	01:51:04.185	0.58871	0.58873			6
2024.07.26	01:51:06.930	0.58872	0.58874			6
2024.07.26	01:51:09.831		0.58875			4
2024.07.26	01:51:10.166	0.58873				2
2024.07.26	01:51:21.808	0.58872	0.58874			6
2024.07.26	01:51:24.105	0.58873	0.58875			6
2024.07.26	01:51:24.427	0.58872				2
2024.07.26	01:51:32.599		0.58874			4
2024.07.26	01:51:38.128		0.58873			4
2024.07.26	01:51:38.440		0.58874			4
2024.07.26	01:51:45.029	0.58870	0.58872			6
2024.07.26	01:51:51.891		0.58873			4
2024.07.26	01:51:53.573		0.58872			4
2024.07.26	01:51:55.272		0.58871			4
2024.07.26	01:51:56.400		0.58872			4
2024.07.26	01:51:57.526		0.58871			4
2024.07.26	01:51:58.651		0.58873			4
2024.07.26	01:52:00.105	0.58870				2
2024.07.26	01:52:29.718	0.58871				2
2024.07.26	01:52:37.716	0.58869	0.58872			6
2024.07.26	01:52:39.503	0.58871	0.58873			6
2024.07.26	01:52:40.466	0.58870				2
2024.07.26	01:52:47.894	0.58869	0.58871			6
2024.07.26	01:52:48.633	0.58866	0.58868			6
2024.07.26	01:52:51.184	0.58865				2
2024.07.26	01:53:00.294	0.58865				2
2024.07.26	01:53:01.673		0.58869			4
2024.07.26	01:53:02.525	0.58866				2
2024.07.26	01:53:03.549		0.58870			4
2024.07.26	01:53:06.545		0.58869			4
2024.07.26	01:53:07.547		0.58870			4
2024.07.26	01:53:08.677		0.58869			4
2024.07.26	01:53:15.289	0.58865				2
2024.07.26	01:53:22.205	0.58866				2
2024.07.26	01:53:37.551		0.58868			4
2024.07.26	01:54:00.290	0.58866				2
2024.07.26	01:54:07.036	0.58867	0.58869			6
2024.07.26	01:54:18.386	0.58868				2
2024.07.26	01:54:21.653	0.58867				2
2024.07.26	01:54:42.716	0.58866	0.58868			6
2024.07.26	01:54:51.890	0.58867	0.58869			6
2024.07.26	01:54:52.352		0.58868			4
2024.07.26	01:54:57.138	0.58866				2
2024.07.26	01:54:58.601	0.58864	0.58867			6
2024.07.26	01:54:59.913	0.58865				2
2024.07.26	01:55:00.449	0.58865				2
2024.07.26	01:55:13.846	0.58862	0.58864			6
2024.07.26	01:55:14.148	0.58860				2
2024.07.26	01:55:18.648	0.58864	0.58866			6
2024.07.26	01:55:18.962	0.58863				2
2024.07.26	01:55:23.175		0.58865			4
2024.07.26	01:55:23.916		0.58866			4
2024.07.26	01:55:25.427		0.58865			4
2024.07.26	01:55:49.325		0.58864			4
2024.07.26	01:55:49.628		0.58865			4
2024.07.26	01:56:02.016	0.58863				2
2024.07.26	01:56:11.103		0.58866			4
2024.07.26	01:56:14.562		0.58865			4
2024.07.26	01:56:26.328	0.58860	0.58864			6
2024.07.26	01:56:27.535	0.58855	0.58859			6
2024.07.26	01:56:28.250	0.58854	0.58858			6
2024.07.26	01:56:33.846	0.58855	0.58857			6
2024.07.26	01:56:44.157	0.58854	0.58858			6
2024.07.26	01:56:44.491		0.58857			4
2024.07.26	01:56:45.161		0.58856			4
2024.07.26	01:56:45.533		0.58857			4
2024.07.26	01:56:59.411	0.58853	0.58856			6
2024.07.26	01:57:00.261	0.58853				2
2024.07.26	01:57:00.696		0.58855			4
2024.07.26	01:57:07.997	0.58852				2
2024.07.26	01:57:11.209	0.58853				2
2024.07.26	01:57:13.799	0.58852				2
2024.07.26	01:57:17.268	0.58853				2
2024.07.26	01:57:23.038	0.58852				2
2024.07.26	01:57:25.968	0.58853				2
2024.07.26	01:57:37.851		0.58856			4
2024.07.26	01:57:38.182		0.58855			4
2024.07.26	01:57:56.548		0.58854			4
2024.07.26	01:57:56.851		0.58855			4
2024.07.26	01:58:00.272	0.58853				2
2024.07.26	01:58:03.601		0.58856			4
2024.07.26	01:58:07.027		0.58855			4
2024.07.26	01:58:09.123		0.58856			4
2024.07.26	01:58:10.411	0.58854				2
2024.07.26	01:58:12.543	0.58853	0.58855			6
2024.07.26	01:58:21.125	0.58855	0.58857			6
2024.07.26	01:58:29.372	0.58854	0.58855			6
2024.07.26	01:58:29.676	0.58855	0.58857			6
2024.07.26	01:59:00.816	0.58855				2
2024.07.26	01:59:16.279	0.58854	0.58856			6
2024.07.26	01:59:17.375	0.58853	0.58855			6
2024.07.26	01:59:18.717		0.58856			4
2024.07.26	01:59:19.041		0.58855			4
2024.07.26	01:59:33.577	0.58854	0.58856			6
2024.07.26	01:59:34.703	0.58853				2
2024.07.26	01:59:37.067		0.58855			4
2024.07.26	01:59:42.591		0.58856			4
2024.07.26	01:59:43.717	0.58854				2
2024.07.26	01:59:44.843	0.58853	0.58855			6
2024.07.26	01:59:47.088		0.58856			4
2024.07.26	01:59:49.349		0.58855			4
2024.07.26	02:00:00.167	0.58853				2
2024.07.26	02:00:00.475	0.58852	0.58856			6
2024.07.26	02:00:06.361	0.58854	0.58858			6
2024.07.26	02:00:30.934	0.58855	0.58859			6
2024.07.26	02:00:36.205	0.58857				2
2024.07.26	02:00:37.371	0.58856				2
2024.07.26	02:00:37.736	0.58855				2
2024.07.26	02:00:39.375		0.58858			4
2024.07.26	02:00:39.856	0.58856	0.58859			6
2024.07.26	02:00:43.682	0.58855				2
2024.07.26	02:00:46.196		0.58858			4
2024.07.26	02:00:49.542	0.58857	0.58860			6
2024.07.26	02:00:49.844	0.58856				2
2024.07.26	02:00:51.725		0.58859			4
2024.07.26	02:00:52.487		0.58860			4
2024.07.26	02:00:53.239	0.58857	0.58861			6
2024.07.26	02:00:54.057	0.58856	0.58859			6
2024.07.26	02:00:54.387	0.58855	0.58860			6
2024.07.26	02:00:54.711	0.58858	0.58861			6
2024.07.26	02:00:55.660	0.58857	0.58860			6
2024.07.26	02:00:56.953	0.58856	0.58859			6
2024.07.26	02:00:57.281		0.58860			4
2024.07.26	02:00:57.774	0.58858	0.58861			6
2024.07.26	02:00:59.564	0.58857	0.58860			6
2024.07.26	02:01:00.196	0.58857				2
2024.07.26	02:01:00.516	0.58858	0.58861			6
2024.07.26	02:01:16.755	0.58859	0.58862			6
2024.07.26	02:01:20.764	0.58856	0.58859			6
2024.07.26	02:01:23.420	0.58855				2
2024.07.26	02:01:24.472	0.58854	0.58857			6
2024.07.26	02:01:25.107	0.58855				2
2024.07.26	02:01:25.411		0.58858			4
2024.07.26	02:01:26.115	0.58856				2
2024.07.26	02:01:26.487	0.58855	0.58857			6
2024.07.26	02:01:28.797	0.58854	0.58858			6
2024.07.26	02:01:29.112		0.58859			4
2024.07.26	02:01:29.800	0.58855	0.58857			6
2024.07.26	02:01:34.510		0.58858			4
2024.07.26	02:01:39.308		0.58857			4
2024.07.26	02:01:39.611	0.58854	0.58855			6
2024.07.26	02:01:40.807		0.58856			4
2024.07.26	02:01:44.968	0.58855	0.58857			6
2024.07.26	02:01:45.296	0.58854	0.58858			6
2024.07.26	02:01:45.607	0.58853	0.58855			6
2024.07.26	02:01:52.410	0.58854	0.58856			6
2024.07.26	02:01:54.213	0.58855				2
2024.07.26	02:01:54.516	0.58856	0.58857			6
2024.07.26	02:01:54.821	0.58855	0.58856			6
2024.07.26	02:01:55.647	0.58853				2
2024.07.26	02:01:58.076	0.58854				2
2024.07.26	02:01:58.866	0.58855	0.58857			6
2024.07.26	02:01:59.886	0.58850	0.58854			6
2024.07.26	02:02:00.269	0.58851				2
2024.07.26	02:02:06.851	0.58852				2
2024.07.26	02:02:10.261	0.58851				2
2024.07.26	02:02:11.451	0.58852				2
2024.07.26	02:02:16.405	0.58856	0.58857			6
2024.07.26	02:02:20.455	0.58855				2
2024.07.26	02:02:22.159	0.58853	0.58855			6
2024.07.26	02:02:25.408	0.58852	0.58854			6
2024.07.26	02:02:25.928	0.58851	0.58855			6
2024.07.26	02:02:32.774		0.58854			4
2024.07.26	02:02:36.287	0.58855	0.58857			6
2024.07.26	02:02:37.100	0.58854	0.58856			6
2024.07.26	02:02:41.621		0.58857			4
2024.07.26	02:02:42.017	0.58855				2
2024.07.26	02:02:43.983	0.58854	0.58856			6
2024.07.26	02:02:44.491		0.58857			4
2024.07.26	02:02:51.840	0.58852	0.58855			6
2024.07.26	02:02:54.713	0.58851	0.58853			6
2024.07.26	02:02:55.142		0.58854			4
2024.07.26	02:02:55.498		0.58853			4
2024.07.26	02:02:58.043	0.58850	0.58854			6
2024.07.26	02:02:58.537		0.58855			4
2024.07.26	02:02:59.194	0.58851	0.58854			6
2024.07.26	02:03:00.366	0.58850	0.58853			6
2024.07.26	02:03:00.683	0.58851				2
2024.07.26	02:03:02.370	0.58852	0.58854			6
2024.07.26	02:03:06.128	0.58853				2
2024.07.26	02:03:06.434	0.58852				2
2024.07.26	02:03:06.747	0.58851				2
2024.07.26	02:03:07.129		0.58853			4
2024.07.26	02:03:10.317		0.58854			4
2024.07.26	02:03:10.631	0.58849	0.58852			6
2024.07.26	02:03:11.686	0.58850	0.58853			6
2024.07.26	02:03:13.249	0.58852	0.58854			6
2024.07.26	02:03:13.598	0.58851				2
2024.07.26	02:03:13.902	0.58852				2
2024.07.26	02:03:14.216	0.58851				2
2024.07.26	02:03:14.907	0.58852				2
2024.07.26	02:03:16.410	0.58851				2
2024.07.26	02:03:22.521	0.58853	0.58855			6
2024.07.26	02:03:26.498	0.58851	0.58854			6
2024.07.26	02:03:38.027	0.58850	0.58853			6
2024.07.26	02:03:38.416		0.58852			4
2024.07.26	02:03:38.803		0.58853			4
2024.07.26	02:03:43.789		0.58852			4
2024.07.26	02:03:44.149	0.58849	0.58851			6
2024.07.26	02:03:45.352	0.58850				2
2024.07.26	02:03:46.586	0.58849				2
2024.07.26	02:03:48.169	0.58850	0.58852			6
2024.07.26	02:03:48.527	0.58849	0.58851			6
2024.07.26	02:03:50.464	0.58850				2
2024.07.26	02:03:51.887		0.58852			4
2024.07.26	02:03:52.222	0.58851				2
2024.07.26	02:03:52.542	0.58853	0.58854			6
2024.07.26	02:03:54.841	0.58851				2
2024.07.26	02:03:55.801	0.58850				2
2024.07.26	02:03:56.293	0.58851				2
2024.07.26	02:03:58.776	0.58849				2
2024.07.26	02:04:00.060	0.58849				2
2024.07.26	02:04:01.108	0.58850				2
2024.07.26	02:04:01.523	0.58849				2
2024.07.26	02:04:09.100	0.58850	0.58853			6
2024.07.26	02:04:15.398	0.58851				2
2024.07.26	02:04:16.281	0.58850				2
2024.07.26	02:04:17.835	0.58851				2
2024.07.26	02:04:18.941	0.58850				2
2024.07.26	02:04:19.261	0.58851				2
2024.07.26	02:04:19.564	0.58850				2
2024.07.26	02:04:19.889	0.58849				2
2024.07.26	02:04:21.138	0.58850				2
2024.07.26	02:04:21.461		0.58852			4
2024.07.26	02:04:22.423	0.58849				2
2024.07.26	02:04:23.666	0.58850	0.58853			6
2024.07.26	02:04:24.572	0.58853	0.58856			6
2024.07.26	02:04:25.802	0.58855	0.58858			6
2024.07.26	02:04:26.501	0.58856				2
2024.07.26	02:04:31.139	0.58852	0.58854			6
2024.07.26	02:04:31.443	0.58851				2
2024.07.26	02:04:36.010	0.58852				2
2024.07.26	02:04:37.832		0.58855			4
2024.07.26	02:04:39.447	0.58850	0.58853			6
2024.07.26	02:04:39.867	0.58851	0.58854			6
2024.07.26	02:04:49.576	0.58852				2
2024.07.26	02:04:50.383	0.58851				2
2024.07.26	02:04:57.156	0.58852				2
2024.07.26	02:05:01.371	0.58852				2
2024.07.26	02:05:04.296	0.58853	0.58855			6
2024.07.26	02:05:05.333	0.58854				2
2024.07.26	02:05:06.707	0.58853				2
2024.07.26	02:05:08.243		0.58856			4
2024.07.26	02:05:08.962	0.58854				2
2024.07.26	02:05:10.198	0.58853				2
2024.07.26	02:05:11.730	0.58855	0.58857			6
2024.07.26	02:05:12.034	0.58852	0.58854			6
2024.07.26	02:05:12.336	0.58851	0.58853			6
2024.07.26	02:05:14.118	0.58852	0.58854			6
2024.07.26	02:05:17.235	0.58851				2
2024.07.26	02:05:31.699	0.58852	0.58855			6
2024.07.26	02:05:33.147	0.58853				2
2024.07.26	02:05:43.244		0.58854			4
2024.07.26	02:05:44.245		0.58855			4
2024.07.26	02:05:48.017	0.58854				2
2024.07.26	02:05:48.697		0.58856			4
2024.07.26	02:05:49.190	0.58855				2
2024.07.26	02:05:50.352	0.58854				2
2024.07.26	02:05:51.904	0.58855	0.58857			6
2024.07.26	02:06:00.225	0.58855				2
2024.07.26	02:06:14.719	0.58857	0.58858			6
2024.07.26	02:06:15.382	0.58856	0.58857			6
2024.07.26	02:06:16.570	0.58855				2
2024.07.26	02:06:23.309	0.58856				2
2024.07.26	02:06:23.622		0.58858			4
2024.07.26	02:06:24.694	0.58855	0.58857			6
2024.07.26	02:06:53.667	0.58857	0.58858			6
2024.07.26	02:06:57.026	0.58858	0.58859			6
2024.07.26	02:07:00.211	0.58857				2
2024.07.26	02:07:00.895		0.58858			4
2024.07.26	02:07:01.257		0.58859			4
2024.07.26	02:07:02.915	0.58856	0.58858			6
2024.07.26	02:07:05.558		0.58859			4
2024.07.26	02:07:05.950	0.58857				2
2024.07.26	02:07:13.047	0.58858	0.58862			6
2024.07.26	02:07:13.362	0.58857	0.58860			6
2024.07.26	02:07:17.266	0.58858				2
2024.07.26	02:07:17.600	0.58857				2
2024.07.26	02:07:17.931	0.58855	0.58859			6
2024.07.26	02:07:18.249		0.58858			4
2024.07.26	02:07:18.898	0.58856	0.58860			6
2024.07.26	02:07:20.264	0.58857				2
2024.07.26	02:07:20.580	0.58858	0.58861			6
2024.07.26	02:07:21.010	0.58859	0.58862			6
2024.07.26	02:07:21.741	0.58858	0.58861			6
2024.07.26	02:07:22.692	0.58859				2
2024.07.26	02:07:29.426	0.58861	0.58863			6
2024.07.26	02:07:31.234	0.58863	0.58864			6
2024.07.26	02:07:35.473		0.58865			4
2024.07.26	02:07:36.828	0.58862				2
2024.07.26	02:07:37.772	0.58864	0.58866			6
2024.07.26	02:07:38.633		0.58867			4
2024.07.26	02:07:40.577	0.58863	0.58866			6
2024.07.26	02:07:50.879	0.58866	0.58868			6
2024.07.26	02:07:51.187		0.58869			4
2024.07.26	02:07:57.709	0.58867				2
2024.07.26	02:07:59.942	0.58864	0.58867			6
2024.07.26	02:08:00.404	0.58864				2
2024.07.26	02:08:08.459		0.58866			4
2024.07.26	02:08:10.203	0.58863				2
2024.07.26	02:08:11.383	0.58864				2
2024.07.26	02:08:11.833	0.58863				2
2024.07.26	02:08:13.170	0.58864	0.58867			6
2024.07.26	02:08:16.713	0.58863	0.58866			6
2024.07.26	02:08:17.400	0.58862				2
2024.07.26	02:08:18.252	0.58861	0.58865			6
2024.07.26	02:08:19.279	0.58862				2
2024.07.26	02:08:20.112		0.58864			4
2024.07.26	02:08:23.007	0.58864	0.58866			6
2024.07.26	02:08:25.391	0.58863				2
2024.07.26	02:08:26.405		0.58865			4
2024.07.26	02:08:27.402		0.58866			4
2024.07.26	02:08:30.432		0.58865			4
2024.07.26	02:08:30.776	0.58864	0.58866			6
2024.07.26	02:08:31.779	0.58863				2
2024.07.26	02:08:34.759	0.58864				2
2024.07.26	02:08:35.063	0.58863	0.58865			6
2024.07.26	02:08:37.561		0.58866			4
2024.07.26	02:08:38.687	0.58864				2
2024.07.26	02:08:40.260	0.58863				2
2024.07.26	02:08:40.595	0.58864				2
2024.07.26	02:08:42.262	0.58863				2
2024.07.26	02:08:45.111	0.58864				2
2024.07.26	02:08:47.728	0.58863				2
2024.07.26	02:08:48.492	0.58864				2
2024.07.26	02:08:53.438	0.58863				2
2024.07.26	02:08:54.691	0.58864				2
2024.07.26	02:08:56.857	0.58863	0.58865			6
2024.07.26	02:09:00.024	0.58863				2
2024.07.26	02:09:02.807		0.58866			4
2024.07.26	02:09:03.938		0.58865			4
2024.07.26	02:09:11.011	0.58862	0.58864			6
2024.07.26	02:09:12.476	0.58861				2
2024.07.26	02:09:13.106	0.58863	0.58865			6
2024.07.26	02:09:14.344	0.58862				2
2024.07.26	02:09:15.252	0.58863				2
2024.07.26	02:09:17.039	0.58864	0.58867			6
2024.07.26	02:09:17.739	0.58863	0.58866			6
2024.07.26	02:09:23.285	0.58864				2
2024.07.26	02:09:24.561	0.58863				2
2024.07.26	02:09:26.810	0.58864				2
2024.07.26	02:09:27.941		0.58867			4
2024.07.26	02:09:29.047		0.58866			4
2024.07.26	02:09:30.191	0.58863				2
2024.07.26	02:09:30.909	0.58864				2
2024.07.26	02:09:31.323	0.58863				2
2024.07.26	02:09:34.459	0.58864				2
2024.07.26	02:09:35.314	0.58863				2
2024.07.26	02:09:38.587	0.58864				2
2024.07.26	02:09:41.314	0.58863	0.58867			6
2024.07.26	02:09:41.746	0.58864				2
2024.07.26	02:09:42.603	0.58862	0.58866			6
2024.07.26	02:09:44.496	0.58863	0.58867			6
2024.07.26	02:09:51.151		0.58866			4
2024.07.26	02:09:51.456	0.58862	0.58865			6
2024.07.26	02:09:59.054	0.58864	0.58866			6
2024.07.26	02:10:00.281	0.58864				2
2024.07.26	02:10:20.401	0.58863				2
2024.07.26	02:10:26.201		0.58865			4
2024.07.26	02:10:26.527	0.58862	0.58864			6
2024.07.26	02:10:30.688	0.58863				2
2024.07.26	02:10:33.496	0.58869	0.58870			6
2024.07.26	02:10:33.798	0.58868	0.58869			6
2024.07.26	02:10:35.270		0.58870			4
2024.07.26	02:10:40.249	0.58871	0.58873			6
2024.07.26	02:10:40.649	0.58872	0.58875			6
2024.07.26	02:10:42.804		0.58874			4
2024.07.26	02:10:43.181		0.58875			4
2024.07.26	02:10:43.482		0.58874			4
2024.07.26	02:10:43.790		0.58875			4
2024.07.26	02:10:44.111	0.58873	0.58876			6
2024.07.26	02:10:44.428	0.58872	0.58875			6
2024.07.26	02:10:45.603	0.58871	0.58872			6
2024.07.26	02:10:45.904	0.58868	0.58871			6
2024.07.26	02:10:49.629	0.58869				2
2024.07.26	02:10:56.796	0.58870	0.58872			6
2024.07.26	02:11:00.244	0.58870				2
2024.07.26	02:11:05.176	0.58873	0.58874			6
2024.07.26	02:11:10.263	0.58874	0.58875			6
2024.07.26	02:11:14.476	0.58873				2
2024.07.26	02:11:37.352		0.58874			4
2024.07.26	02:11:37.656		0.58875			4
2024.07.26	02:11:52.610		0.58874			4
2024.07.26	02:11:52.915		0.58875			4
2024.07.26	02:11:58.778	0.58872				2
2024.07.26	02:11:59.148	0.58873				2
2024.07.26	02:12:01.527	0.58873				2
2024.07.26	02:12:06.646		0.58876			4
2024.07.26	02:12:07.014		0.58875			4
2024.07.26	02:12:07.316		0.58876			4
2024.07.26	02:12:09.025		0.58875			4
2024.07.26	02:12:10.641		0.58876			4
2024.07.26	02:12:11.058		0.58875			4
2024.07.26	02:12:17.716	0.58872	0.58874			6
2024.07.26	02:12:18.366		0.58875			4
2024.07.26	02:12:18.979		0.58876			4
2024.07.26	02:12:23.929		0.58875			4
2024.07.26	02:12:25.174		0.58874			4
2024.07.26	02:12:31.122		0.58875			4
2024.07.26	02:12:32.077	0.58873				2
2024.07.26	02:12:32.428		0.58876			4
2024.07.26	02:12:33.641	0.58876	0.58877			6
2024.07.26	02:12:33.946		0.58879			4
2024.07.26	02:12:34.679	0.58877				2
2024.07.26	02:12:35.081		0.58880			4
2024.07.26	02:12:36.350	0.58878	0.58881			6
2024.07.26	02:12:43.996	0.58880	0.58882			6
2024.07.26	02:13:01.897	0.58880	0.58883			6
2024.07.26	02:13:04.562	0.58881				2
2024.07.26	02:13:10.919		0.58884			4
2024.07.26	02:13:21.506	0.58882	0.58885			6
2024.07.26	02:13:25.018	0.58883				2
2024.07.26	02:13:41.699	0.58882				2
2024.07.26	02:13:42.790	0.58881	0.58884			6
2024.07.26	02:13:43.402	0.58882	0.58885			6
2024.07.26	02:13:44.361		0.58884			4
2024.07.26	02:13:44.665	0.58881				2
2024.07.26	02:13:46.130	0.58882				2
2024.07.26	02:13:46.449		0.58885			4
2024.07.26	02:14:00.260	0.58882				2
2024.07.26	02:14:13.084	0.58881				2
2024.07.26	02:14:13.893	0.58883				2
2024.07.26	02:14:14.929		0.58884			4
2024.07.26	02:14:15.240		0.58885			4
2024.07.26	02:14:20.887	0.58882	0.58884			6
2024.07.26	02:14:27.379	0.58883	0.58885			6
2024.07.26	02:14:30.594	0.58882	0.58884			6
2024.07.26	02:14:42.053	0.58879	0.58882			6
2024.07.26	02:14:42.371	0.58880				2
2024.07.26	02:14:50.930	0.58881				2
2024.07.26	02:14:51.273	0.58880				2
2024.07.26	02:15:00.197	0.58880				2
2024.07.26	02:15:02.059	0.58879	0.58881			6
2024.07.26	02:15:03.960	0.58880	0.58882			6
2024.07.26	02:15:06.251		0.58881			4
2024.07.26	02:15:08.408		0.58882			4
2024.07.26	02:15:15.863	0.58878	0.58881			6
2024.07.26	02:15:17.266	0.58879				2
2024.07.26	02:15:17.604	0.58878				2
2024.07.26	02:15:23.785	0.58879	0.58882			6
2024.07.26	02:15:24.625		0.58881			4
2024.07.26	02:15:25.350		0.58880			4
2024.07.26	02:15:25.655		0.58881			4
2024.07.26	02:15:27.686	0.58880	0.58882			6
2024.07.26	02:15:29.505	0.58879	0.58881			6
2024.07.26	02:15:32.548		0.58880			4
2024.07.26	02:15:32.852		0.58881			4
2024.07.26	02:15:45.107	0.58881	0.58882			6
2024.07.26	02:15:45.408	0.58878	0.58880			6
2024.07.26	02:15:46.194	0.58879	0.58881			6
2024.07.26	02:15:54.730	0.58878	0.58880			6
2024.07.26	02:15:55.044	0.58879	0.58881			6
2024.07.26	02:15:57.690	0.58878	0.58880			6
2024.07.26	02:16:00.120	0.58878				2
2024.07.26	02:16:00.432	0.58879	0.58881			6
2024.07.26	02:16:08.539	0.58878	0.58879			6
2024.07.26	02:16:08.843	0.58879	0.58881			6
2024.07.26	02:16:20.036	0.58880				2
2024.07.26	02:16:25.581	0.58879				2
2024.07.26	02:16:34.093	0.58878	0.58880			6
2024.07.26	02:16:40.646	0.58879	0.58882			6
2024.07.26	02:16:43.869		0.58881			4
2024.07.26	02:16:51.292	0.58880	0.58882			6
2024.07.26	02:16:51.711	0.58879				2
2024.07.26	02:16:52.029		0.58881			4
2024.07.26	02:16:56.059	0.58880	0.58882			6
2024.07.26	02:16:58.592	0.58879	0.58881			6
2024.07.26	02:16:59.260	0.58880	0.58882			6
2024.07.26	02:16:59.564	0.58879				2
2024.07.26	02:17:00.181	0.58880				2
2024.07.26	02:17:01.473	0.58881	0.58883			6
2024.07.26	02:17:03.242	0.58880	0.58882			6
2024.07.26	02:17:22.591	0.58879	0.58881			6
2024.07.26	02:17:27.371	0.58880	0.58882			6
2024.07.26	02:17:28.631	0.58879	0.58881			6
2024.07.26	02:17:58.184		0.58882			4
2024.07.26	02:17:59.170		0.58881			4
2024.07.26	02:18:00.150	0.58880	0.58882			6
2024.07.26	02:18:03.081	0.58882	0.58884			6
2024.07.26	02:18:25.866	0.58879	0.58882			6
2024.07.26	02:18:27.910	0.58880				2
2024.07.26	02:18:33.280		0.58881			4
2024.07.26	02:18:38.971	0.58879				2
2024.07.26	02:19:00.417	0.58882	0.58884			6
2024.07.26	02:19:06.916	0.58881				2
2024.07.26	02:19:11.459	0.58882				2
2024.07.26	02:19:11.886	0.58881				2
2024.07.26	02:19:14.331	0.58882				2
2024.07.26	02:19:15.906	0.58881				2
2024.07.26	02:19:17.846	0.58882				2
2024.07.26	02:19:21.212	0.58881				2
2024.07.26	02:19:23.522	0.58882				2
2024.07.26	02:19:25.497	0.58881				2
2024.07.26	02:19:26.074	0.58882				2
2024.07.26	02:19:28.599	0.58883				2
2024.07.26	02:19:38.184	0.58885	0.58886			6
2024.07.26	02:19:39.475	0.58884	0.58885			6
2024.07.26	02:19:46.021	0.58886	0.58887			6
2024.07.26	02:19:46.323	0.58887	0.58889			6
2024.07.26	02:19:46.744	0.58886	0.58888			6
2024.07.26	02:19:48.023	0.58887	0.58889			6
2024.07.26	02:19:54.343	0.58886	0.58888			6
2024.07.26	02:20:00.169	0.58886				2
2024.07.26	02:20:03.212	0.58887	0.58889			6
2024.07.26	02:20:03.516	0.58886				2
2024.07.26	02:20:05.433		0.58888			4
2024.07.26	02:20:06.240	0.58885	0.58887			6
2024.07.26	02:20:10.616	0.58886	0.58888			6
2024.07.26	02:20:12.265		0.58887			4
2024.07.26	02:20:15.335	0.58885				2
2024.07.26	02:20:16.128	0.58884	0.58886			6
2024.07.26	02:20:42.044	0.58885				2
2024.07.26	02:20:43.776	0.58884				2
2024.07.26	02:20:45.329	0.58885				2
2024.07.26	02:20:45.984	0.58884				2
2024.07.26	02:20:48.470	0.58883				2
2024.07.26	02:20:48.828	0.58884				2
2024.07.26	02:20:55.106	0.58885	0.58887			6
2024.07.26	02:20:58.440	0.58884	0.58886			6
2024.07.26	02:20:59.360	0.58885	0.58887			6
2024.07.26	02:21:00.291	0.58885				2
2024.07.26	02:21:00.761	0.58884	0.58886			6
2024.07.26	02:21:01.590	0.58885	0.58887			6
2024.07.26	02:21:01.997	0.58884	0.58886			6
2024.07.26	02:21:08.475		0.58887			4
2024.07.26	02:21:11.011		0.58886			4
2024.07.26	02:21:22.901	0.58885	0.58887			6
2024.07.26	02:21:23.212	0.58884	0.58886			6
2024.07.26	02:21:27.594		0.58887			4
2024.07.26	02:21:27.896		0.58886			4
2024.07.26	02:21:37.735		0.58887			4
2024.07.26	02:21:38.057		0.58886			4
2024.07.26	02:21:43.581	0.58885				2
2024.07.26	02:21:44.599	0.58884				2
2024.07.26	02:21:51.214		0.58885			4
2024.07.26	02:21:52.027		0.58886			4
2024.07.26	02:21:54.554		0.58887			4
2024.07.26	02:21:54.861		0.58886			4
2024.07.26	02:21:55.977	0.58885	0.58887			6
2024.07.26	02:21:57.996	0.58884				2
2024.07.26	02:21:58.303		0.58886			4
2024.07.26	02:22:00.413	0.58884	0.58887			6
2024.07.26	02:22:01.721		0.58886			4
2024.07.26	02:22:02.621	0.58885	0.58887			6
2024.07.26	02:22:06.574	0.58886				2
2024.07.26	02:22:06.886		0.58888			4
2024.07.26	02:22:07.207	0.58888	0.58889			6
2024.07.26	02:22:07.559	0.58887				2
2024.07.26	02:22:09.980	0.58886	0.58888			6
2024.07.26	02:22:10.296	0.58885	0.58887			6
2024.07.26	02:22:42.687	0.58886	0.58888			6
2024.07.26	02:22:50.919	0.58887				2
2024.07.26	02:22:51.280	0.58886				2
2024.07.26	02:22:51.979		0.58889			4
2024.07.26	02:22:58.676	0.58887				2
2024.07.26	02:22:59.233	0.58886				2
2024.07.26	02:23:00.079	0.58886				2
2024.07.26	02:23:08.044	0.58885	0.58887			6
2024.07.26	02:23:08.737		0.58888			4
2024.07.26	02:23:09.056	0.58886				2
2024.07.26	02:23:10.228	0.58885	0.58886			6
2024.07.26	02:23:10.656	0.58884				2
2024.07.26	02:23:44.395	0.58885				2
2024.07.26	02:23:44.849	0.58884				2
2024.07.26	02:23:47.374	0.58880	0.58883			6
2024.07.26	02:23:47.683	0.58879				2
2024.07.26	02:23:48.597	0.58878	0.58882			6
2024.07.26	02:23:54.644	0.58880	0.58883			6
2024.07.26	02:23:57.563	0.58879				2
2024.07.26	02:23:57.895	0.58880				2
2024.07.26	02:23:58.553		0.58884			4
2024.07.26	02:24:00.049	0.58880				2
2024.07.26	02:24:01.094	0.58882	0.58885			6
2024.07.26	02:24:06.901	0.58880	0.58884			6
2024.07.26	02:24:09.828	0.58881				2
2024.07.26	02:24:11.762	0.58880				2
2024.07.26	02:24:15.781	0.58881	0.58885			6
2024.07.26	02:24:21.354		0.58884			4
2024.07.26	02:24:31.173	0.58882				2
2024.07.26	02:24:49.017	0.58883				2
2024.07.26	02:24:49.720	0.58884	0.58885			6
2024.07.26	02:24:52.169	0.58883	0.58884			6
2024.07.26	02:24:54.147	0.58882	0.58883			6
2024.07.26	02:24:54.600		0.58884			4
2024.07.26	02:24:54.937	0.58880				2
2024.07.26	02:24:55.685	0.58879	0.58883			6
2024.07.26	02:24:59.050	0.58881	0.58884			6
2024.07.26	02:24:59.693		0.58883			4
2024.07.26	02:25:00.051	0.58880	0.58884			6
2024.07.26	02:25:05.658		0.58882			4
2024.07.26	02:25:06.047	0.58879				2
2024.07.26	02:25:08.553	0.58880				2
2024.07.26	02:25:08.859	0.58879				2
2024.07.26	02:25:13.307	0.58882	0.58884			6
2024.07.26	02:25:17.298	0.58880				2
2024.07.26	02:25:20.540		0.58883			4
2024.07.26	02:25:20.841		0.58884			4
2024.07.26	02:25:21.672	0.58882				2
2024.07.26	02:25:25.406	0.58883				2
2024.07.26	02:26:00.404	0.58883				2
2024.07.26	02:26:21.149		0.58884			4
2024.07.26	02:26:21.731	0.58882				2
2024.07.26	02:26:43.392	0.58883				2
2024.07.26	02:26:53.836	0.58882				2
2024.07.26	02:27:00.311	0.58882				2
2024.07.26	02:27:21.989		0.58884			4
2024.07.26	02:27:29.945	0.58883				2
2024.07.26	02:27:30.657	0.58882				2
2024.07.26	02:27:31.701	0.58881				2
2024.07.26	02:27:41.201	0.58882				2
2024.07.26	02:27:44.483	0.58883				2
2024.07.26	02:27:45.632	0.58880				2
2024.07.26	02:27:49.724	0.58881				2
2024.07.26	02:27:50.821	0.58882				2
2024.07.26	02:27:52.721	0.58883				2
2024.07.26	02:27:54.519	0.58881				2
2024.07.26	02:27:55.010	0.58882				2
2024.07.26	02:27:57.510		0.58885			4
2024.07.26	02:27:58.947	0.58883				2
2024.07.26	02:28:00.019	0.58884				2
2024.07.26	02:28:00.376	0.58883				2
2024.07.26	02:28:01.219	0.58882				2
2024.07.26	02:28:01.963	0.58883				2
2024.07.26	02:28:02.719	0.58884				2
2024.07.26	02:28:04.260	0.58885	0.58886			6
2024.07.26	02:28:06.231		0.58888			4
2024.07.26	02:28:06.545	0.58883	0.58885			6
2024.07.26	02:28:06.846	0.58882	0.58884			6
2024.07.26	02:28:07.548	0.58883				2
2024.07.26	02:28:07.862		0.58885			4
2024.07.26	02:28:11.783		0.58884			4
2024.07.26	02:28:12.103	0.58882	0.58883			6
2024.07.26	02:28:15.871	0.58884	0.58885			6
2024.07.26	02:28:22.223	0.58883				2
2024.07.26	02:28:23.491	0.58884				2
2024.07.26	02:28:24.599	0.58883				2
2024.07.26	02:28:25.760	0.58884				2
2024.07.26	02:28:26.999	0.58883				2
2024.07.26	02:28:35.906	0.58884				2
2024.07.26	02:28:39.224	0.58885	0.58886			6
2024.07.26	02:28:41.331	0.58887	0.58888			6
2024.07.26	02:28:42.113	0.58886				2
2024.07.26	02:28:43.174	0.58887				2
2024.07.26	02:28:46.397	0.58888	0.58889			6
2024.07.26	02:28:47.688	0.58887	0.58888			6
2024.07.26	02:28:48.811	0.58888	0.58889			6
2024.07.26	02:28:53.749	0.58887	0.58888			6
2024.07.26	02:28:54.484	0.58886				2
2024.07.26	02:28:55.414	0.58884	0.58886			6
2024.07.26	02:28:55.715	0.58883				2
2024.07.26	02:28:56.641	0.58884				2
2024.07.26	02:29:00.380	0.58884				2
2024.07.26	02:29:02.161	0.58883	0.58885			6
2024.07.26	02:29:02.463	0.58881	0.58884			6
2024.07.26	02:29:03.111	0.58882				2
2024.07.26	02:29:10.054	0.58884	0.58885			6
2024.07.26	02:29:11.035	0.58885	0.58886			6
2024.07.26	02:29:15.801	0.58884	0.58885			6
2024.07.26	02:29:22.331	0.58883				2
2024.07.26	02:29:31.704	0.58884				2
2024.07.26	02:29:34.418	0.58883				2
2024.07.26	02:29:35.746	0.58884				2
2024.07.26	02:29:45.135	0.58881	0.58884			6
2024.07.26	02:29:45.452	0.58882				2
2024.07.26	02:29:46.658	0.58884	0.58885			6
2024.07.26	02:29:52.481	0.58882	0.58884			6
2024.07.26	02:29:53.995	0.58881	0.58883			6
2024.07.26	02:29:54.932		0.58884			4
2024.07.26	02:29:55.678		0.58883			4
2024.07.26	02:29:57.089	0.58882	0.58884			6
2024.07.26	02:29:57.789	0.58881	0.58883			6
2024.07.26	02:29:58.629	0.58882	0.58884			6
2024.07.26	02:30:00.241	0.58882				2
2024.07.26	02:30:01.846	0.58883				2
2024.07.26	02:30:02.494	0.58881				2
2024.07.26	02:30:03.675	0.58880				2
2024.07.26	02:30:03.996	0.58881				2
2024.07.26	02:30:06.081	0.58880				2
2024.07.26	02:30:06.386	0.58881				2
2024.07.26	02:30:06.706	0.58882				2
2024.07.26	02:30:07.022	0.58881				2
2024.07.26	02:30:07.326	0.58883				2
2024.07.26	02:30:08.452	0.58885	0.58886			6
2024.07.26	02:30:08.753	0.58884	0.58885			6
2024.07.26	02:30:09.661	0.58885	0.58886			6
2024.07.26	02:30:10.748	0.58884	0.58885			6
2024.07.26	02:30:15.407	0.58885	0.58886			6
2024.07.26	02:30:15.713	0.58884	0.58885			6
2024.07.26	02:30:19.120	0.58883				2
2024.07.26	02:30:21.187	0.58884				2
2024.07.26	02:30:21.493	0.58883				2
2024.07.26	02:30:22.271	0.58884				2
2024.07.26	02:30:22.582	0.58883				2
2024.07.26	02:30:24.766	0.58884				2
2024.07.26	02:30:36.037	0.58885	0.58886			6
2024.07.26	02:30:38.184	0.58884	0.58885			6
2024.07.26	02:30:42.652	0.58883				2
2024.07.26	02:30:44.407	0.58884				2
2024.07.26	02:30:46.482	0.58885	0.58886			6
2024.07.26	02:30:46.825	0.58884	0.58885			6
2024.07.26	02:30:48.802	0.58885	0.58886			6
2024.07.26	02:30:49.110	0.58884	0.58885			6
2024.07.26	02:30:55.502	0.58883	0.58884			6
2024.07.26	02:30:55.803	0.58882				2
2024.07.26	02:31:00.146	0.58882				2
2024.07.26	02:31:02.686	0.58881	0.58882			6
2024.07.26	02:31:03.107		0.58883			4
2024.07.26	02:31:08.343		0.58882			4
2024.07.26	02:31:18.446	0.58880				2
2024.07.26	02:31:21.385	0.58881	0.58883			6
2024.07.26	02:31:23.024		0.58882			4
2024.07.26	02:31:23.605		0.58883			4
2024.07.26	02:31:23.948		0.58882			4
2024.07.26	02:31:26.081	0.58876	0.58879			6
2024.07.26	02:31:30.897		0.58878			4
2024.07.26	02:31:31.362	0.58871	0.58874			6
2024.07.26	02:31:32.342	0.58872				2
2024.07.26	02:31:33.550	0.58871				2
2024.07.26	02:31:40.012	0.58872				2
2024.07.26	02:31:44.442	0.58873				2
2024.07.26	02:31:44.872	0.58872				2
2024.07.26	02:31:45.999	0.58871				2
2024.07.26	02:31:50.368	0.58869	0.58872			6
2024.07.26	02:31:58.852	0.58870	0.58873			6
2024.07.26	02:31:59.703		0.58874			4
2024.07.26	02:32:00.476	0.58870				2
2024.07.26	02:32:03.895	0.58871				2
2024.07.26	02:32:04.249	0.58870				2
2024.07.26	02:32:09.153	0.58869				2
2024.07.26	02:32:11.834	0.58870				2
2024.07.26	02:32:12.534	0.58872				2
2024.07.26	02:32:14.351	0.58873				2
2024.07.26	02:32:15.587	0.58872	0.58875			6
2024.07.26	02:32:15.909	0.58873				2
2024.07.26	02:32:20.075	0.58872				2
2024.07.26	02:32:21.306	0.58867	0.58870			6
2024.07.26	02:32:29.522	0.58868				2
2024.07.26	02:32:45.181	0.58869				2
2024.07.26	02:32:46.834	0.58868				2
2024.07.26	02:32:53.782	0.58869				2
2024.07.26	02:32:56.957	0.58868				2
2024.07.26	02:33:00.377	0.58867				2
2024.07.26	02:33:04.482		0.58869			4
2024.07.26	02:33:15.574	0.58866	0.58868			6
2024.07.26	02:33:24.544	0.58867				2
2024.07.26	02:33:24.845	0.58863	0.58866			6
2024.07.26	02:33:25.152	0.58864	0.58865			6
2024.07.26	02:33:25.455		0.58866			4
2024.07.26	02:33:26.756	0.58866	0.58867			6
2024.07.26	02:33:27.603		0.58868			4
2024.07.26	02:33:29.293	0.58865				2
2024.07.26	02:33:30.918	0.58863	0.58866			6
2024.07.26	02:33:33.046	0.58864				2
2024.07.26	02:33:35.551		0.58865			4
2024.07.26	02:33:44.676	0.58863				2
2024.07.26	02:33:49.056	0.58864				2
2024.07.26	02:33:58.075	0.58863				2
2024.07.26	02:33:59.197	0.58862	0.58864			6
2024.07.26	02:34:00.359	0.58862				2
2024.07.26	02:34:00.852	0.58863	0.58865			6
2024.07.26	02:34:02.030	0.58864				2
2024.07.26	02:34:08.777	0.58863				2
2024.07.26	02:34:10.855	0.58864				2
2024.07.26	02:34:12.287	0.58863				2
2024.07.26	02:34:12.703	0.58864				2
2024.07.26	02:34:21.190		0.58866			4
2024.07.26	02:34:23.370		0.58865			4
2024.07.26	02:34:26.694		0.58866			4
2024.07.26	02:34:26.998		0.58865			4
2024.07.26	02:34:35.950	0.58863				2
2024.07.26	02:34:36.944	0.58864				2
2024.07.26	02:34:38.097	0.58863				2
2024.07.26	02:34:41.475	0.58864				2
2024.07.26	02:34:43.725	0.58863				2
2024.07.26	02:34:46.905	0.58864	0.58866			6
2024.07.26	02:34:47.218		0.58865			4
2024.07.26	02:34:53.201	0.58863				2
2024.07.26	02:34:56.684	0.58864				2
2024.07.26	02:34:57.818	0.58863				2
2024.07.26	02:35:00.064	0.58862	0.58864			6
2024.07.26	02:35:01.142	0.58863	0.58865			6
2024.07.26	02:35:13.589	0.58864				2
2024.07.26	02:35:14.716	0.58863				2
2024.07.26	02:35:16.730	0.58864				2
2024.07.26	02:35:19.227	0.58863				2
2024.07.26	02:35:24.823		0.58864			4
2024.07.26	02:35:31.612	0.58864	0.58865			6
2024.07.26	02:35:32.056	0.58863	0.58864			6
2024.07.26	02:35:41.745		0.58865			4
2024.07.26	02:35:42.817	0.58864				2
2024.07.26	02:35:47.406	0.58863				2
2024.07.26	02:35:59.796	0.58864				2
2024.07.26	02:36:00.106	0.58864				2
2024.07.26	02:36:01.032	0.58863				2
2024.07.26	02:36:22.407	0.58864				2
2024.07.26	02:36:24.542		0.58866			4
2024.07.26	02:36:25.943	0.58863				2
2024.07.26	02:36:26.932	0.58864				2
2024.07.26	02:36:28.081	0.58863				2
2024.07.26	02:36:30.335	0.58864				2
2024.07.26	02:36:33.716	0.58863	0.58865			6
2024.07.26	02:36:34.706	0.58864	0.58866			6
2024.07.26	02:36:37.017	0.58863	0.58865			6
2024.07.26	02:36:38.226		0.58866			4
2024.07.26	02:36:39.309		0.58865			4
2024.07.26	02:36:45.341		0.58864			4
2024.07.26	02:36:45.648		0.58865			4
2024.07.26	02:36:46.104		0.58866			4
2024.07.26	02:36:47.240		0.58865			4
2024.07.26	02:36:48.352		0.58866			4
2024.07.26	02:36:49.479		0.58865			4
2024.07.26	02:36:53.934		0.58866			4
2024.07.26	02:36:55.125		0.58865			4
2024.07.26	02:36:57.368		0.58866			4
2024.07.26	02:36:58.420		0.58865			4
2024.07.26	02:37:00.760	0.58863				2
2024.07.26	02:37:04.480		0.58866			4
2024.07.26	02:37:07.860		0.58865			4
2024.07.26	02:37:14.423	0.58861	0.58866			6
2024.07.26	02:37:14.983		0.58865			4
2024.07.26	02:37:17.220	0.58862				2
2024.07.26	02:37:21.533	0.58863				2
2024.07.26	02:37:21.998	0.58861	0.58866			6
2024.07.26	02:37:22.491	0.58863	0.58865			6
2024.07.26	02:37:28.219	0.58865	0.58867			6
2024.07.26	02:37:32.503	0.58863	0.58865			6
2024.07.26	02:37:40.757	0.58862				2
2024.07.26	02:37:41.171	0.58863				2
2024.07.26	02:37:53.641	0.58864	0.58866			6
2024.07.26	02:37:53.947	0.58863				2
2024.07.26	02:37:57.215	0.58864				2
2024.07.26	02:37:58.343	0.58863	0.58865			6
2024.07.26	02:37:59.259		0.58866			4
2024.07.26	02:37:59.581		0.58865			4
2024.07.26	02:38:00.180	0.58863				2
2024.07.26	02:38:01.727	0.58864	0.58866			6
2024.07.26	02:38:05.105	0.58865				2
2024.07.26	02:38:05.447	0.58864				2
2024.07.26	02:38:09.597	0.58863				2
2024.07.26	02:38:10.743		0.58865			4
2024.07.26	02:38:11.625	0.58864	0.58866			6
2024.07.26	02:38:11.946	0.58863	0.58865			6
2024.07.26	02:38:12.290	0.58867	0.58869			6
2024.07.26	02:38:13.460	0.58866				2
2024.07.26	02:38:31.581	0.58867				2
2024.07.26	02:38:35.567		0.58870			4
2024.07.26	02:38:56.621	0.58868				2
2024.07.26	02:38:57.875	0.58867				2
2024.07.26	02:38:59.046	0.58873	0.58874			6
2024.07.26	02:38:59.362		0.58875			4
2024.07.26	02:39:00.351	0.58873				2
2024.07.26	02:39:08.340		0.58874			4
2024.07.26	02:39:08.827		0.58875			4
2024.07.26	02:39:14.710		0.58874			4
2024.07.26	02:39:16.488		0.58875			4
2024.07.26	02:39:16.812		0.58874			4
2024.07.26	02:39:20.081	0.58872				2
2024.07.26	02:39:21.042	0.58873				2
2024.07.26	02:39:23.371	0.58872	0.58875			6
2024.07.26	02:39:23.741	0.58873				2
2024.07.26	02:39:24.482		0.58874			4
2024.07.26	02:39:24.833		0.58875			4
2024.07.26	02:39:26.826	0.58874				2
2024.07.26	02:39:28.081	0.58873				2
2024.07.26	02:39:35.860	0.58874				2
2024.07.26	02:39:37.098	0.58873				2
2024.07.26	02:39:41.330	0.58874				2
2024.07.26	02:39:47.444	0.58871				2
2024.07.26	02:39:47.778	0.58872				2
2024.07.26	02:39:50.125	0.58873				2
2024.07.26	02:39:50.432	0.58872				2
2024.07.26	02:39:57.541	0.58875	0.58878			6
2024.07.26	02:39:57.865		0.58877			4
2024.07.26	02:40:00.438	0.58875				2
2024.07.26	02:40:05.348	0.58873	0.58876			6
2024.07.26	02:40:09.745	0.58874				2
2024.07.26	02:40:28.689	0.58876	0.58878			6
2024.07.26	02:40:30.171		0.58877			4
2024.07.26	02:40:30.473		0.58878			4
2024.07.26	02:40:36.997	0.58875	0.58877			6
2024.07.26	02:40:37.346	0.58876	0.58878			6
2024.07.26	02:40:45.510	0.58875				2
2024.07.26	02:40:50.100	0.58876				2
2024.07.26	02:40:55.633	0.58874				2
2024.07.26	02:41:00.314	0.58874				2
2024.07.26	02:41:11.965	0.58875	0.58879			6
2024.07.26	02:41:12.282		0.58878			4
2024.07.26	02:41:14.118	0.58874				2
2024.07.26	02:41:18.397	0.58873	0.58876			6
2024.07.26	02:41:18.703	0.58872	0.58875			6
2024.07.26	02:41:19.505		0.58876			4
2024.07.26	02:41:23.999		0.58875			4
2024.07.26	02:41:30.893		0.58876			4
2024.07.26	02:41:33.496	0.58871				2
2024.07.26	02:41:35.910	0.58873				2
2024.07.26	02:41:41.763	0.58871	0.58875			6
2024.07.26	02:41:47.320		0.58873			4
2024.07.26	02:41:47.624		0.58874			4
2024.07.26	02:41:50.728		0.58875			4
2024.07.26	02:42:01.723	0.58871				2
2024.07.26	02:42:07.241	0.58872				2
2024.07.26	02:42:08.114	0.58871				2
2024.07.26	02:42:09.276	0.58869	0.58873			6
2024.07.26	02:42:17.240		0.58874			4
2024.07.26	02:42:29.246	0.58870				2
2024.07.26	02:42:29.600	0.58869				2
2024.07.26	02:42:32.865	0.58870				2
2024.07.26	02:42:46.505	0.58869				2
2024.07.26	02:43:01.799	0.58869				2
2024.07.26	02:43:04.506		0.58873			4
2024.07.26	02:43:09.855	0.58871	0.58874			6
2024.07.26	02:43:10.162	0.58870				2
2024.07.26	02:43:14.726	0.58872				2
2024.07.26	02:43:21.864	0.58873	0.58876			6
2024.07.26	02:43:28.672		0.58875			4
2024.07.26	02:43:34.652		0.58876			4
2024.07.26	02:43:35.782	0.58872	0.58875			6
2024.07.26	02:43:42.951		0.58873			4
2024.07.26	02:43:43.256		0.58875			4
2024.07.26	02:43:43.900	0.58873	0.58876			6
2024.07.26	02:43:45.792		0.58875			4
2024.07.26	02:43:47.868	0.58875	0.58877			6
2024.07.26	02:43:50.863		0.58878			4
2024.07.26	02:43:54.324		0.58877			4
2024.07.26	02:44:04.082	0.58875				2
2024.07.26	02:44:04.633	0.58873	0.58876			6
2024.07.26	02:44:05.332		0.58875			4
2024.07.26	02:44:06.346	0.58872				2
2024.07.26	02:44:10.606		0.58874			4
2024.07.26	02:44:14.270	0.58870	0.58875			6
2024.07.26	02:44:17.232	0.58871	0.58874			6
2024.07.26	02:44:23.645	0.58870				2
2024.07.26	02:44:27.196		0.58875			4
2024.07.26	02:44:50.686		0.58874			4
2024.07.26	02:44:51.008		0.58875			4
2024.07.26	02:44:54.653		0.58874			4
2024.07.26	02:45:00.396	0.58870				2
2024.07.26	02:45:00.773	0.58871	0.58875			6
2024.07.26	02:45:02.187	0.58872				2
2024.07.26	02:45:05.134	0.58873				2
2024.07.26	02:45:06.396	0.58872				2
2024.07.26	02:45:11.682	0.58870	0.58874			6
2024.07.26	02:45:12.784		0.58875			4
2024.07.26	02:45:16.391		0.58874			4
2024.07.26	02:45:34.057	0.58871	0.58875			6
2024.07.26	02:45:34.842	0.58872				2
2024.07.26	02:45:37.070	0.58871				2
2024.07.26	02:45:44.746	0.58870	0.58874			6
2024.07.26	02:45:45.064	0.58871	0.58875			6
2024.07.26	02:45:46.034	0.58872				2
2024.07.26	02:45:50.331	0.58871				2
2024.07.26	02:45:50.651	0.58870	0.58874			6
2024.07.26	02:45:55.995	0.58872	0.58875			6
2024.07.26	02:46:00.182	0.58872				2
2024.07.26	02:46:03.639	0.58870				2
2024.07.26	02:46:06.241	0.58872				2
2024.07.26	02:46:07.838	0.58871	0.58874			6
2024.07.26	02:46:08.142	0.58870	0.58873			6
2024.07.26	02:46:09.441	0.58871				2
2024.07.26	02:46:12.172	0.58870				2
2024.07.26	02:46:13.621	0.58871				2
2024.07.26	02:46:17.961	0.58870				2
2024.07.26	02:46:18.630		0.58872			4
2024.07.26	02:46:21.155		0.58873			4
2024.07.26	02:46:22.143		0.58872			4
2024.07.26	02:46:23.020		0.58873			4
2024.07.26	02:46:47.557	0.58871				2
2024.07.26	02:46:55.073	0.58870				2
2024.07.26	02:46:55.702		0.58872			4
2024.07.26	02:46:56.096		0.58873			4
2024.07.26	02:46:56.434		0.58872			4
2024.07.26	02:46:59.996		0.58873			4
2024.07.26	02:47:00.401	0.58870	0.58872			6
2024.07.26	02:47:00.790		0.58873			4
2024.07.26	02:47:01.968		0.58872			4
2024.07.26	02:47:04.216		0.58873			4
2024.07.26	02:47:05.469		0.58872			4
2024.07.26	02:47:17.497		0.58873			4
2024.07.26	02:47:23.167		0.58872			4
2024.07.26	02:47:28.806		0.58873			4
2024.07.26	02:47:32.451		0.58872			4
2024.07.26	02:47:45.298		0.58871			4
2024.07.26	02:47:45.602		0.58872			4
2024.07.26	02:47:45.937		0.58873			4
2024.07.26	02:47:47.909		0.58871			4
2024.07.26	02:47:48.210		0.58873			4
2024.07.26	02:47:57.851	0.58871				2
2024.07.26	02:47:58.155	0.58870				2
2024.07.26	02:48:00.468	0.58870				2
2024.07.26	02:48:01.735	0.58871	0.58872			6
2024.07.26	02:48:15.695		0.58873			4
2024.07.26	02:48:38.146		0.58872			4
2024.07.26	02:48:38.476		0.58873			4
2024.07.26	02:48:57.256	0.58872	0.58874			6
2024.07.26	02:48:58.809	0.58871				2
2024.07.26	02:49:00.077	0.58871				2
2024.07.26	02:49:06.447	0.58870	0.58873			6
2024.07.26	02:49:08.584	0.58871	0.58874			6
2024.07.26	02:49:49.338		0.58873			4
2024.07.26	02:49:49.649	0.58867	0.58869			6
2024.07.26	02:49:50.639	0.58868	0.58870			6
2024.07.26	02:49:51.746	0.58869				2
2024.07.26	02:49:52.282	0.58868				2
2024.07.26	02:49:55.086	0.58869				2
2024.07.26	02:49:57.205	0.58868				2
2024.07.26	02:50:00.049	0.58868				2
2024.07.26	02:50:04.996	0.58871	0.58872			6
2024.07.26	02:50:05.303	0.58872	0.58874			6
2024.07.26	02:50:06.646	0.58871	0.58873			6
2024.07.26	02:50:10.905	0.58872	0.58874			6
2024.07.26	02:50:13.325	0.58873				2
2024.07.26	02:50:13.629	0.58872				2
2024.07.26	02:50:15.372	0.58873	0.58875			6
2024.07.26	02:50:17.741	0.58872				2
2024.07.26	02:50:26.935	0.58874				2
2024.07.26	02:50:27.241	0.58872				2
2024.07.26	02:50:30.158	0.58874				2
2024.07.26	02:50:30.463	0.58875	0.58878			6
2024.07.26	02:50:31.483		0.58877			4
2024.07.26	02:50:35.589		0.58879			4
2024.07.26	02:50:46.672		0.58877			4
2024.07.26	02:50:51.511	0.58876	0.58878			6
2024.07.26	02:50:56.845	0.58875				2
2024.07.26	02:50:57.398	0.58877	0.58880			6
2024.07.26	02:50:59.126		0.58879			4
2024.07.26	02:50:59.431	0.58880	0.58881			6
2024.07.26	02:50:59.734		0.58882			4
2024.07.26	02:51:00.058	0.58879	0.58883			6
2024.07.26	02:51:00.489		0.58881			4
2024.07.26	02:51:00.792		0.58882			4
2024.07.26	02:51:01.263		0.58881			4
2024.07.26	02:51:01.570	0.58877	0.58880			6
2024.07.26	02:51:06.052	0.58878				2
2024.07.26	02:51:10.968	0.58877	0.58881			6
2024.07.26	02:51:11.280	0.58878	0.58880			6
2024.07.26	02:51:14.528	0.58877				2
2024.07.26	02:51:15.227		0.58879			4
2024.07.26	02:51:18.595	0.58876	0.58880			6
2024.07.26	02:51:27.969	0.58877				2
2024.07.26	02:52:00.771	0.58877				2
2024.07.26	02:52:02.642	0.58875	0.58877			6
2024.07.26	02:52:07.770	0.58877	0.58878			6
2024.07.26	02:52:08.071		0.58879			4
2024.07.26	02:52:08.886	0.58875	0.58878			6
2024.07.26	02:52:13.735	0.58877				2
2024.07.26	02:52:17.843	0.58878	0.58879			6
2024.07.26	02:52:18.157	0.58879	0.58880			6
2024.07.26	02:52:24.648		0.58881			4
2024.07.26	02:52:24.957		0.58880			4
2024.07.26	02:52:25.690	0.58882	0.58883			6
2024.07.26	02:52:26.305	0.58883	0.58885			6
2024.07.26	02:52:27.045		0.58884			4
2024.07.26	02:52:27.688	0.58882				2
2024.07.26	02:52:28.562		0.58883			4
2024.07.26	02:52:28.886	0.58880				2
2024.07.26	02:52:29.659	0.58882	0.58884			6
2024.07.26	02:52:33.762	0.58881				2
2024.07.26	02:52:37.416	0.58883				2
2024.07.26	02:52:37.750	0.58882	0.58885			6
2024.07.26	02:52:39.904	0.58883				2
2024.07.26	02:52:41.261	0.58882				2
2024.07.26	02:52:41.584	0.58883				2
2024.07.26	02:52:45.398	0.58884				2
2024.07.26	02:52:45.743		0.58886			4
2024.07.26	02:52:49.083	0.58883				2
2024.07.26	02:52:51.376		0.58885			4
2024.07.26	02:52:56.696	0.58882	0.58884			6
2024.07.26	02:53:00.109	0.58882				2
