<DATE>	<TIME>	<BID>	<ASK>	<LAST>	<VOLUME>	<FLAGS>
2024.10.01	00:00:00.155	0.63452	0.63526			6
2024.10.01	00:00:00.519	0.63392	0.63522			6
2024.10.01	00:00:00.925		0.63571			4
2024.10.01	00:00:30.859	0.63394	0.63544			6
2024.10.01	00:01:00.401	0.63394	0.63542			6
2024.10.01	00:01:27.603	0.63404	0.63538			6
2024.10.01	00:01:42.693	0.63413				2
2024.10.01	00:01:43.003	0.63404				2
2024.10.01	00:02:01.008	0.63404				2
2024.10.01	00:02:05.672		0.63534			4
2024.10.01	00:02:13.411		0.63530			4
2024.10.01	00:03:01.014	0.63404				2
2024.10.01	00:03:06.909	0.63408				2
2024.10.01	00:03:13.344		0.63529			4
2024.10.01	00:03:43.784	0.63410	0.63512			6
2024.10.01	00:03:44.849	0.63411				2
2024.10.01	00:04:01.006	0.63411				2
2024.10.01	00:04:06.477	0.63404	0.63522			6
2024.10.01	00:04:07.523		0.63513			4
2024.10.01	00:05:00.594	0.63404				2
2024.10.01	00:05:01.669	0.63415				2
2024.10.01	00:05:04.138	0.63413				2
2024.10.01	00:05:16.103		0.63513			4
2024.10.01	00:05:16.516		0.63522			4
2024.10.01	00:05:18.152	0.63415				2
2024.10.01	00:05:25.742	0.63418	0.63509			6
2024.10.01	00:05:29.757	0.63429				2
2024.10.01	00:05:30.599	0.63415	0.63505			6
2024.10.01	00:05:31.160	0.63413				2
2024.10.01	00:05:47.522		0.63503			4
2024.10.01	00:05:49.887		0.63502			4
2024.10.01	00:05:58.336	0.63417				2
2024.10.01	00:06:05.842	0.63417				2
2024.10.01	00:06:51.001		0.63502			4
2024.10.01	00:07:00.336	0.63417				2
2024.10.01	00:07:53.011		0.63502			4
2024.10.01	00:08:00.345	0.63417				2
2024.10.01	00:08:05.225	0.63439				2
2024.10.01	00:08:09.369	0.63438				2
2024.10.01	00:08:09.853	0.63436				2
2024.10.01	00:08:23.306	0.63437				2
2024.10.01	00:08:50.063	0.63438				2
2024.10.01	00:08:55.301	0.63432	0.63498			6
2024.10.01	00:08:58.855	0.63428				2
2024.10.01	00:08:59.304		0.63497			4
2024.10.01	00:09:00.587	0.63428				2
2024.10.01	00:09:06.844	0.63429				2
2024.10.01	00:09:44.968		0.63499			4
2024.10.01	00:10:00.321	0.63429				2
2024.10.01	00:10:15.366	0.63443	0.63505			6
2024.10.01	00:10:15.983	0.63445				2
2024.10.01	00:10:16.413	0.63446				2
2024.10.01	00:10:16.913	0.63449	0.63509			6
2024.10.01	00:10:18.129	0.63450				2
2024.10.01	00:11:33.118	0.63442	0.63494			6
2024.10.01	00:11:33.542	0.63439				2
2024.10.01	00:12:00.059	0.63439				2
2024.10.01	00:12:02.191		0.63499			4
2024.10.01	00:12:03.243	0.63441				2
2024.10.01	00:12:07.642	0.63439				2
2024.10.01	00:12:08.884	0.63441				2
2024.10.01	00:12:18.729	0.63439	0.63501			6
2024.10.01	00:12:20.777	0.63424	0.63491			6
2024.10.01	00:12:21.821	0.63425				2
2024.10.01	00:12:47.671	0.63424				2
2024.10.01	00:12:48.847	0.63425				2
2024.10.01	00:13:01.364	0.63425				2
2024.10.01	00:13:21.203		0.63491			4
2024.10.01	00:13:40.136	0.63423	0.63482			6
2024.10.01	00:14:10.783	0.63423				2
2024.10.01	00:14:15.117		0.63478			4
2024.10.01	00:14:19.670	0.63422	0.63476			6
2024.10.01	00:14:24.650	0.63423	0.63477			6
2024.10.01	00:14:30.730	0.63425	0.63480			6
2024.10.01	00:14:40.941	0.63427	0.63478			6
2024.10.01	00:14:49.210		0.63479			4
2024.10.01	00:15:00.176	0.63427				2
2024.10.01	00:15:42.311	0.63428				2
2024.10.01	00:15:51.057		0.63488			4
2024.10.01	00:15:51.620		0.63479			4
2024.10.01	00:16:00.409	0.63428				2
2024.10.01	00:16:21.397	0.63437				2
2024.10.01	00:16:21.699	0.63428				2
2024.10.01	00:16:22.005	0.63437				2
2024.10.01	00:16:22.320	0.63428				2
2024.10.01	00:16:52.443		0.63479			4
2024.10.01	00:17:00.990	0.63428				2
2024.10.01	00:17:02.483	0.63429				2
2024.10.01	00:17:18.917		0.63480			4
2024.10.01	00:17:25.277		0.63481			4
2024.10.01	00:17:27.131		0.63482			4
2024.10.01	00:17:30.076		0.63481			4
2024.10.01	00:17:30.405	0.63430	0.63482			6
2024.10.01	00:17:30.709	0.63429	0.63481			6
2024.10.01	00:17:39.917	0.63431				2
2024.10.01	00:17:40.856	0.63432				2
2024.10.01	00:17:42.458	0.63431				2
2024.10.01	00:17:43.703		0.63482			4
2024.10.01	00:17:50.987	0.63430				2
2024.10.01	00:17:57.716	0.63429				2
2024.10.01	00:18:00.316	0.63429				2
2024.10.01	00:18:00.712	0.63430				2
2024.10.01	00:18:10.512	0.63431	0.63483			6
2024.10.01	00:18:11.669	0.63430	0.63484			6
2024.10.01	00:18:12.154	0.63431	0.63483			6
2024.10.01	00:18:15.999		0.63484			4
2024.10.01	00:18:16.496	0.63429	0.63482			6
2024.10.01	00:18:20.470	0.63431	0.63483			6
2024.10.01	00:18:35.558	0.63430				2
2024.10.01	00:18:50.236	0.63431				2
2024.10.01	00:19:02.559	0.63431				2
2024.10.01	00:19:10.519	0.63430				2
2024.10.01	00:19:10.821	0.63431				2
2024.10.01	00:19:20.994		0.63483			4
2024.10.01	00:19:26.531	0.63432	0.63489			6
2024.10.01	00:19:31.199	0.63433				2
2024.10.01	00:19:32.564	0.63435	0.63490			6
2024.10.01	00:19:42.759		0.63488			4
2024.10.01	00:19:43.704		0.63490			4
2024.10.01	00:20:00.449	0.63435				2
2024.10.01	00:20:06.808		0.63489			4
2024.10.01	00:20:08.346	0.63431				2
2024.10.01	00:20:11.023		0.63490			4
2024.10.01	00:20:28.578		0.63491			4
2024.10.01	00:20:36.531	0.63435				2
2024.10.01	00:20:40.712	0.63432				2
2024.10.01	00:20:45.245	0.63433				2
2024.10.01	00:21:01.058	0.63434				2
2024.10.01	00:21:01.364	0.63433				2
2024.10.01	00:21:01.667	0.63439	0.63490			6
2024.10.01	00:21:01.976	0.63436	0.63491			6
2024.10.01	00:21:04.403	0.63434				2
2024.10.01	00:21:06.542	0.63437				2
2024.10.01	00:21:14.185		0.63490			4
2024.10.01	00:21:26.669	0.63433				2
2024.10.01	00:21:30.686	0.63436				2
2024.10.01	00:21:45.720	0.63433				2
2024.10.01	00:21:50.718	0.63436	0.63491			6
2024.10.01	00:21:51.286	0.63433				2
2024.10.01	00:21:54.003	0.63435				2
2024.10.01	00:22:00.731	0.63435				2
2024.10.01	00:22:11.535	0.63433				2
2024.10.01	00:22:19.818	0.63436	0.63496			6
2024.10.01	00:22:24.771		0.63497			4
2024.10.01	00:22:34.957		0.63499			4
2024.10.01	00:22:36.176	0.63437				2
2024.10.01	00:22:38.256	0.63447				2
2024.10.01	00:22:38.587	0.63437				2
2024.10.01	00:22:40.874	0.63440				2
2024.10.01	00:22:45.403	0.63443	0.63500			6
2024.10.01	00:23:00.783	0.63443				2
2024.10.01	00:23:11.781		0.63501			4
2024.10.01	00:24:04.956	0.63444				2
2024.10.01	00:24:14.349		0.63501			4
2024.10.01	00:24:50.030	0.63445				2
2024.10.01	00:25:03.460	0.63445				2
2024.10.01	00:25:16.038		0.63501			4
2024.10.01	00:25:20.989		0.63503			4
2024.10.01	00:25:25.341		0.63501			4
2024.10.01	00:25:45.157		0.63502			4
2024.10.01	00:25:49.969	0.63443	0.63496			6
2024.10.01	00:25:52.138		0.63503			4
2024.10.01	00:25:52.699		0.63498			4
2024.10.01	00:26:00.988	0.63443				2
2024.10.01	00:26:09.552	0.63440	0.63493			6
2024.10.01	00:26:17.550	0.63438	0.63490			6
2024.10.01	00:26:18.810		0.63494			4
2024.10.01	00:26:20.095	0.63435				2
2024.10.01	00:26:30.713		0.63490			4
2024.10.01	00:26:31.631	0.63433				2
2024.10.01	00:26:34.251	0.63436	0.63503			6
2024.10.01	00:26:52.282	0.63439				2
2024.10.01	00:26:56.561		0.63501			4
2024.10.01	00:26:57.816	0.63441	0.63505			6
2024.10.01	00:26:59.712	0.63442	0.63507			6
2024.10.01	00:27:00.259	0.63442				2
2024.10.01	00:27:01.472	0.63443	0.63509			6
2024.10.01	00:27:05.742	0.63446				2
2024.10.01	00:27:08.858		0.63511			4
2024.10.01	00:27:57.681		0.63510			4
2024.10.01	00:28:01.782	0.63446				2
2024.10.01	00:28:16.520	0.63447				2
2024.10.01	00:28:20.299	0.63450	0.63512			6
2024.10.01	00:28:34.361	0.63451	0.63511			6
2024.10.01	00:28:35.483	0.63452				2
2024.10.01	00:28:41.213		0.63509			4
2024.10.01	00:28:53.523	0.63449				2
2024.10.01	00:28:57.079		0.63508			4
2024.10.01	00:29:01.000	0.63449				2
2024.10.01	00:29:33.853		0.63507			4
2024.10.01	00:29:38.314		0.63505			4
2024.10.01	00:29:59.471		0.63503			4
2024.10.01	00:30:00.383	0.63449				2
2024.10.01	00:30:22.890		0.63504			4
2024.10.01	00:30:37.461		0.63503			4
2024.10.01	00:31:01.230	0.63449	0.63502			6
2024.10.01	00:31:09.677		0.63501			4
2024.10.01	00:31:14.175		0.63500			4
2024.10.01	00:31:32.909		0.63498			4
2024.10.01	00:31:39.968		0.63497			4
2024.10.01	00:32:00.058	0.63449	0.63496			6
2024.10.01	00:32:37.523		0.63495			4
2024.10.01	00:32:39.993		0.63496			4
2024.10.01	00:33:00.311	0.63449				2
2024.10.01	00:33:07.118		0.63495			4
2024.10.01	00:33:10.013		0.63496			4
2024.10.01	00:33:31.579		0.63495			4
2024.10.01	00:33:42.384		0.63496			4
2024.10.01	00:33:52.883		0.63495			4
2024.10.01	00:34:00.992	0.63449				2
2024.10.01	00:34:25.811		0.63486			4
2024.10.01	00:34:26.929	0.63450				2
2024.10.01	00:34:37.290	0.63449				2
2024.10.01	00:34:37.656	0.63450				2
2024.10.01	00:34:40.595	0.63449				2
2024.10.01	00:34:41.165	0.63450				2
2024.10.01	00:35:06.125	0.63449				2
2024.10.01	00:35:10.082	0.63451				2
2024.10.01	00:35:11.064	0.63449	0.63494			6
2024.10.01	00:35:30.678		0.63492			4
2024.10.01	00:35:32.763		0.63491			4
2024.10.01	00:35:33.165	0.63450	0.63493			6
2024.10.01	00:35:37.105	0.63449				2
2024.10.01	00:35:59.459		0.63494			4
2024.10.01	00:36:00.134	0.63449				2
2024.10.01	00:36:01.409		0.63492			4
2024.10.01	00:36:30.981		0.63491			4
2024.10.01	00:36:32.770		0.63492			4
2024.10.01	00:36:50.229		0.63494			4
2024.10.01	00:36:53.782	0.63450				2
2024.10.01	00:37:00.420	0.63450				2
2024.10.01	00:37:08.913	0.63449				2
2024.10.01	00:37:29.013	0.63450	0.63493			6
2024.10.01	00:37:30.848	0.63451				2
2024.10.01	00:37:31.487		0.63492			4
2024.10.01	00:37:46.025	0.63449	0.63491			6
2024.10.01	00:37:50.990		0.63495			4
2024.10.01	00:37:51.686		0.63488			4
2024.10.01	00:37:51.998	0.63450	0.63490			6
2024.10.01	00:37:52.504	0.63449	0.63487			6
2024.10.01	00:37:54.508		0.63490			4
2024.10.01	00:37:56.134	0.63451	0.63489			6
2024.10.01	00:38:07.581	0.63451				2
2024.10.01	00:38:08.997	0.63454	0.63495			6
2024.10.01	00:38:09.341	0.63458	0.63496			6
2024.10.01	00:38:10.089	0.63457	0.63497			6
2024.10.01	00:38:11.310	0.63458				2
2024.10.01	00:38:21.521	0.63457				2
2024.10.01	00:38:26.330	0.63455				2
2024.10.01	00:38:28.296		0.63496			4
2024.10.01	00:38:36.524		0.63497			4
2024.10.01	00:38:38.838	0.63454				2
2024.10.01	00:38:41.200	0.63455				2
2024.10.01	00:38:45.664		0.63495			4
2024.10.01	00:38:46.177	0.63453	0.63486			6
2024.10.01	00:38:46.732	0.63452	0.63487			6
2024.10.01	00:38:47.750		0.63490			4
2024.10.01	00:38:48.489		0.63485			4
2024.10.01	00:38:49.385		0.63490			4
2024.10.01	00:38:51.873	0.63453	0.63487			6
2024.10.01	00:38:52.841	0.63449				2
2024.10.01	00:39:00.171	0.63449				2
2024.10.01	00:39:07.354		0.63486			4
2024.10.01	00:39:21.861		0.63487			4
2024.10.01	00:40:00.305	0.63449				2
2024.10.01	00:40:14.602	0.63454	0.63490			6
2024.10.01	00:40:22.006		0.63489			4
2024.10.01	00:40:28.413		0.63491			4
2024.10.01	00:40:31.287		0.63494			4
2024.10.01	00:40:35.998		0.63493			4
2024.10.01	00:40:36.300		0.63491			4
2024.10.01	00:40:46.205		0.63490			4
2024.10.01	00:40:46.507	0.63459	0.63493			6
2024.10.01	00:41:00.305	0.63459				2
2024.10.01	00:41:10.748	0.63451	0.63490			6
2024.10.01	00:41:11.254		0.63489			4
2024.10.01	00:41:58.546		0.63492			4
2024.10.01	00:42:00.304	0.63451				2
2024.10.01	00:42:01.336		0.63493			4
2024.10.01	00:42:04.120		0.63492			4
2024.10.01	00:42:05.027	0.63439	0.63487			6
2024.10.01	00:42:05.530		0.63486			4
2024.10.01	00:42:20.613		0.63487			4
2024.10.01	00:43:00.029	0.63439				2
2024.10.01	00:43:03.736	0.63440	0.63490			6
2024.10.01	00:43:04.041	0.63439	0.63487			6
2024.10.01	00:43:05.852		0.63486			4
2024.10.01	00:43:27.358		0.63487			4
2024.10.01	00:43:31.754		0.63486			4
2024.10.01	00:43:39.695		0.63487			4
2024.10.01	00:44:01.128	0.63439				2
2024.10.01	00:44:09.196	0.63440	0.63490			6
2024.10.01	00:44:09.511	0.63439	0.63484			6
2024.10.01	00:44:12.511		0.63488			4
2024.10.01	00:44:16.306		0.63487			4
2024.10.01	00:44:22.585		0.63486			4
2024.10.01	00:44:44.327		0.63485			4
2024.10.01	00:44:47.754		0.63487			4
2024.10.01	00:44:49.769		0.63488			4
2024.10.01	00:44:50.897	0.63437				2
2024.10.01	00:44:53.196	0.63443	0.63496			6
2024.10.01	00:44:54.075		0.63495			4
2024.10.01	00:44:54.480		0.63496			4
2024.10.01	00:44:55.258	0.63440	0.63497			6
2024.10.01	00:44:55.827	0.63441				2
2024.10.01	00:44:56.146	0.63443				2
2024.10.01	00:44:56.469	0.63442				2
2024.10.01	00:44:56.785	0.63444				2
2024.10.01	00:45:00.282	0.63446	0.63491			6
2024.10.01	00:45:01.968	0.63440				2
2024.10.01	00:45:06.544	0.63458	0.63484			6
2024.10.01	00:45:06.826	0.63453	0.63482			6
2024.10.01	00:45:08.882		0.63483			4
2024.10.01	00:45:10.107	0.63451	0.63482			6
2024.10.01	00:45:13.373	0.63454	0.63483			6
2024.10.01	00:45:15.677	0.63455	0.63484			6
2024.10.01	00:45:16.718	0.63456	0.63482			6
2024.10.01	00:45:17.024	0.63451	0.63480			6
2024.10.01	00:45:19.542	0.63452				2
2024.10.01	00:45:26.889	0.63450	0.63479			6
2024.10.01	00:45:27.334	0.63448	0.63478			6
2024.10.01	00:45:27.650	0.63450	0.63477			6
2024.10.01	00:45:27.968	0.63447				2
2024.10.01	00:45:28.355		0.63476			4
2024.10.01	00:45:28.662	0.63449	0.63477			6
2024.10.01	00:45:29.770	0.63451	0.63480			6
2024.10.01	00:45:30.206	0.63450	0.63479			6
2024.10.01	00:45:30.588	0.63451				2
2024.10.01	00:45:32.357	0.63450				2
2024.10.01	00:45:41.202	0.63451				2
2024.10.01	00:45:42.104	0.63450				2
2024.10.01	00:45:42.830		0.63478			4
2024.10.01	00:45:44.706	0.63449	0.63477			6
2024.10.01	00:45:47.721	0.63450	0.63479			6
2024.10.01	00:45:49.291	0.63456	0.63484			6
2024.10.01	00:45:50.025	0.63454	0.63482			6
2024.10.01	00:45:51.009	0.63453				2
2024.10.01	00:45:51.341	0.63451	0.63478			6
2024.10.01	00:45:53.461		0.63477			4
2024.10.01	00:46:00.457	0.63452				2
2024.10.01	00:46:00.759	0.63455	0.63484			6
2024.10.01	00:46:01.065	0.63454	0.63483			6
2024.10.01	00:46:01.382		0.63482			4
2024.10.01	00:46:04.580	0.63449	0.63478			6
2024.10.01	00:46:09.283		0.63472			4
2024.10.01	00:46:09.833		0.63473			4
2024.10.01	00:46:13.253		0.63469			4
2024.10.01	00:46:13.738		0.63472			4
2024.10.01	00:46:14.142		0.63469			4
2024.10.01	00:46:15.239		0.63477			4
2024.10.01	00:46:18.498		0.63476			4
2024.10.01	00:46:20.561		0.63470			4
2024.10.01	00:46:27.221	0.63453	0.63482			6
2024.10.01	00:46:28.302		0.63481			4
2024.10.01	00:46:29.013		0.63482			4
2024.10.01	00:46:29.460	0.63454				2
2024.10.01	00:46:31.695	0.63453	0.63481			6
2024.10.01	00:46:32.225	0.63449	0.63470			6
2024.10.01	00:46:32.530		0.63462			4
2024.10.01	00:46:33.652		0.63466			4
2024.10.01	00:46:35.014		0.63462			4
2024.10.01	00:46:37.549		0.63463			4
2024.10.01	00:46:38.330		0.63473			4
2024.10.01	00:46:44.018	0.63451	0.63481			6
2024.10.01	00:46:45.011	0.63452				2
2024.10.01	00:46:45.655	0.63453				2
2024.10.01	00:46:46.145	0.63451				2
2024.10.01	00:46:46.471	0.63453				2
2024.10.01	00:46:47.360	0.63449	0.63476			6
2024.10.01	00:46:49.192		0.63471			4
2024.10.01	00:46:49.580		0.63469			4
2024.10.01	00:46:51.082	0.63448	0.63479			6
2024.10.01	00:46:51.392	0.63449				2
2024.10.01	00:46:52.193	0.63450				2
2024.10.01	00:46:52.552		0.63480			4
2024.10.01	00:46:55.060	0.63451	0.63481			6
2024.10.01	00:46:55.787	0.63450				2
2024.10.01	00:46:56.518		0.63480			4
2024.10.01	00:46:57.797	0.63449				2
2024.10.01	00:46:58.914	0.63450				2
2024.10.01	00:47:00.391	0.63450				2
2024.10.01	00:47:01.957	0.63446				2
2024.10.01	00:47:03.713	0.63450	0.63481			6
2024.10.01	00:47:13.876	0.63449				2
2024.10.01	00:47:15.974	0.63450				2
2024.10.01	00:47:16.580	0.63449	0.63480			6
2024.10.01	00:47:16.922	0.63450	0.63481			6
2024.10.01	00:47:23.217		0.63482			4
2024.10.01	00:47:23.986	0.63451	0.63481			6
2024.10.01	00:47:24.928		0.63482			4
2024.10.01	00:47:36.274	0.63453	0.63484			6
2024.10.01	00:47:37.429	0.63452				2
2024.10.01	00:47:41.646	0.63449	0.63481			6
2024.10.01	00:47:42.757	0.63448				2
2024.10.01	00:47:52.025	0.63449	0.63480			6
2024.10.01	00:47:52.349	0.63450	0.63482			6
2024.10.01	00:47:55.445	0.63449	0.63481			6
2024.10.01	00:48:00.069	0.63448	0.63479			6
2024.10.01	00:48:02.356		0.63480			4
2024.10.01	00:48:25.054	0.63450	0.63479			6
2024.10.01	00:48:25.356	0.63452				2
2024.10.01	00:48:25.761	0.63449	0.63480			6
2024.10.01	00:48:26.125	0.63447	0.63479			6
2024.10.01	00:48:30.155	0.63446				2
2024.10.01	00:48:41.023	0.63447				2
2024.10.01	00:48:45.754	0.63446				2
2024.10.01	00:50:25.096	0.63446	0.63478			6
2024.10.01	00:50:54.316		0.63477			4
2024.10.01	00:50:57.401		0.63478			4
2024.10.01	00:50:57.788		0.63477			4
2024.10.01	00:51:00.396	0.63446				2
2024.10.01	00:51:02.304		0.63478			4
2024.10.01	00:51:04.102		0.63477			4
2024.10.01	00:51:07.841		0.63478			4
2024.10.01	00:51:08.556	0.63444	0.63470			6
2024.10.01	00:52:01.730	0.63444				2
2024.10.01	00:52:08.738		0.63470			4
2024.10.01	00:52:09.921	0.63446				2
2024.10.01	00:52:10.582	0.63444				2
2024.10.01	00:52:11.583	0.63446				2
2024.10.01	00:52:12.921	0.63444				2
2024.10.01	00:52:13.920	0.63446				2
2024.10.01	00:52:14.558	0.63444				2
2024.10.01	00:52:16.139		0.63471			4
2024.10.01	00:52:16.840		0.63473			4
2024.10.01	00:52:17.365		0.63470			4
2024.10.01	00:52:32.557	0.63442	0.63469			6
2024.10.01	00:52:37.893	0.63444	0.63471			6
2024.10.01	00:52:38.435		0.63470			4
2024.10.01	00:52:40.902		0.63469			4
2024.10.01	00:52:53.326		0.63470			4
2024.10.01	00:52:53.636		0.63466			4
2024.10.01	00:52:58.349		0.63467			4
2024.10.01	00:53:01.756	0.63444				2
2024.10.01	00:53:04.677		0.63466			4
2024.10.01	00:53:12.097		0.63465			4
2024.10.01	00:53:18.544		0.63466			4
2024.10.01	00:53:23.156		0.63465			4
2024.10.01	00:53:32.388		0.63466			4
2024.10.01	00:53:33.754	0.63439	0.63464			6
2024.10.01	00:53:57.987		0.63463			4
2024.10.01	00:54:00.215	0.63439				2
2024.10.01	00:54:09.759	0.63434				2
2024.10.01	00:54:33.054	0.63439	0.63466			6
2024.10.01	00:54:33.583	0.63434	0.63458			6
2024.10.01	00:54:34.643		0.63461			4
2024.10.01	00:54:35.010		0.63460			4
2024.10.01	00:54:38.170	0.63430				2
2024.10.01	00:54:40.104	0.63434	0.63461			6
2024.10.01	00:55:00.556	0.63434				2
2024.10.01	00:55:11.944	0.63440	0.63466			6
2024.10.01	00:55:13.359	0.63441				2
2024.10.01	00:55:22.942	0.63442				2
2024.10.01	00:55:36.898	0.63434	0.63459			6
2024.10.01	00:55:38.974	0.63435				2
2024.10.01	00:55:52.107		0.63460			4
2024.10.01	00:55:56.923		0.63459			4
2024.10.01	00:55:59.089	0.63439	0.63460			6
2024.10.01	00:56:00.364	0.63439				2
2024.10.01	00:56:02.693		0.63459			4
2024.10.01	00:56:25.216		0.63460			4
2024.10.01	00:56:27.257		0.63459			4
2024.10.01	00:56:48.243		0.63460			4
2024.10.01	00:56:48.754		0.63459			4
2024.10.01	00:57:04.621	0.63439				2
2024.10.01	00:57:41.316		0.63458			4
2024.10.01	00:57:59.559	0.63435				2
2024.10.01	00:58:01.132	0.63435				2
2024.10.01	00:58:24.774		0.63456			4
2024.10.01	00:58:29.690		0.63457			4
2024.10.01	00:59:03.168	0.63434				2
2024.10.01	00:59:17.907	0.63435				2
2024.10.01	00:59:31.057	0.63434	0.63457			6
2024.10.01	00:59:36.824		0.63456			4
2024.10.01	01:00:00.311	0.63440	0.63455			6
2024.10.01	01:00:00.620		0.63456			4
2024.10.01	01:00:01.233	0.63451				2
2024.10.01	01:00:01.610	0.63439				2
2024.10.01	01:00:02.621	0.63444	0.63463			6
2024.10.01	01:00:02.934	0.63445				2
2024.10.01	01:00:03.401	0.63442				2
2024.10.01	01:00:03.758	0.63451	0.63466			6
2024.10.01	01:00:04.074	0.63449				2
2024.10.01	01:00:04.979	0.63450				2
2024.10.01	01:00:05.485	0.63453				2
2024.10.01	01:00:06.285	0.63454				2
2024.10.01	01:00:06.625	0.63455				2
2024.10.01	01:00:09.104	0.63456				2
2024.10.01	01:00:10.707	0.63457				2
2024.10.01	01:00:12.156	0.63456				2
2024.10.01	01:00:13.117	0.63458	0.63468			6
2024.10.01	01:00:14.510	0.63457				2
2024.10.01	01:00:17.389	0.63458				2
2024.10.01	01:00:23.704	0.63457				2
2024.10.01	01:00:24.860		0.63470			4
2024.10.01	01:00:25.798	0.63456				2
2024.10.01	01:00:27.896	0.63458				2
2024.10.01	01:00:30.327	0.63460				2
2024.10.01	01:00:39.153	0.63459				2
2024.10.01	01:00:39.480		0.63471			4
2024.10.01	01:00:40.356		0.63470			4
2024.10.01	01:00:53.578	0.63460	0.63468			6
2024.10.01	01:00:53.880		0.63469			4
2024.10.01	01:00:59.372		0.63466			4
2024.10.01	01:01:00.308	0.63461				2
2024.10.01	01:01:00.630		0.63469			4
2024.10.01	01:01:05.633	0.63460				2
2024.10.01	01:01:06.873	0.63464				2
2024.10.01	01:01:11.365		0.63470			4
2024.10.01	01:01:40.622		0.63467			4
2024.10.01	01:02:00.395	0.63464				2
2024.10.01	01:02:00.965		0.63470			4
2024.10.01	01:02:09.361	0.63454	0.63462			6
2024.10.01	01:02:20.061	0.63456				2
2024.10.01	01:02:23.228	0.63455				2
2024.10.01	01:02:24.589	0.63456				2
2024.10.01	01:02:26.864	0.63450	0.63460			6
2024.10.01	01:02:48.892	0.63449	0.63457			6
2024.10.01	01:02:57.338		0.63456			4
2024.10.01	01:03:00.440	0.63449				2
2024.10.01	01:03:30.643	0.63450				2
2024.10.01	01:03:37.629	0.63449	0.63455			6
2024.10.01	01:03:38.296	0.63450				2
2024.10.01	01:03:41.795	0.63449				2
2024.10.01	01:03:50.001		0.63454			4
2024.10.01	01:03:52.653		0.63455			4
2024.10.01	01:03:55.079		0.63456			4
2024.10.01	01:03:55.778		0.63454			4
2024.10.01	01:04:00.435	0.63449				2
2024.10.01	01:04:01.380		0.63456			4
2024.10.01	01:04:02.375	0.63450				2
2024.10.01	01:04:24.507		0.63455			4
2024.10.01	01:04:26.386	0.63449				2
2024.10.01	01:04:31.677	0.63445	0.63452			6
2024.10.01	01:04:31.977	0.63446	0.63451			6
2024.10.01	01:04:32.291	0.63447				2
2024.10.01	01:04:40.987		0.63450			4
2024.10.01	01:04:41.597		0.63449			4
2024.10.01	01:04:43.153	0.63445				2
2024.10.01	01:04:47.278	0.63446				2
2024.10.01	01:04:49.056	0.63447	0.63451			6
2024.10.01	01:04:51.323	0.63449				2
2024.10.01	01:04:52.881	0.63450				2
2024.10.01	01:04:57.012		0.63454			4
2024.10.01	01:05:00.534	0.63450				2
2024.10.01	01:05:10.028		0.63456			4
2024.10.01	01:05:17.208		0.63455			4
2024.10.01	01:05:20.492		0.63454			4
2024.10.01	01:05:21.295		0.63453			4
2024.10.01	01:05:21.629		0.63454			4
2024.10.01	01:05:23.560	0.63447	0.63451			6
2024.10.01	01:05:23.863	0.63449				2
2024.10.01	01:05:34.973		0.63452			4
2024.10.01	01:05:37.536		0.63451			4
2024.10.01	01:05:39.631	0.63454	0.63458			6
2024.10.01	01:05:40.781		0.63459			4
2024.10.01	01:05:50.359	0.63453	0.63457			6
2024.10.01	01:05:50.663	0.63449	0.63451			6
2024.10.01	01:05:51.052	0.63444	0.63445			6
2024.10.01	01:05:51.365	0.63439	0.63444			6
2024.10.01	01:05:51.674		0.63443			4
2024.10.01	01:05:53.802	0.63434	0.63438			6
2024.10.01	01:06:00.266	0.63434				2
2024.10.01	01:06:01.417		0.63439			4
2024.10.01	01:06:12.821		0.63438			4
2024.10.01	01:06:15.625		0.63439			4
2024.10.01	01:06:26.541		0.63435			4
2024.10.01	01:06:26.846		0.63437			4
2024.10.01	01:06:28.605		0.63439			4
2024.10.01	01:06:43.761	0.63430	0.63436			6
2024.10.01	01:06:44.270	0.63429	0.63435			6
2024.10.01	01:06:46.786	0.63430	0.63437			6
2024.10.01	01:06:54.676	0.63429	0.63436			6
2024.10.01	01:06:57.222		0.63435			4
2024.10.01	01:07:00.382	0.63429				2
2024.10.01	01:07:05.902		0.63436			4
2024.10.01	01:07:07.891	0.63428	0.63430			6
2024.10.01	01:07:08.572		0.63431			4
2024.10.01	01:07:12.755	0.63425	0.63427			6
2024.10.01	01:07:27.555	0.63424				2
2024.10.01	01:08:01.104	0.63424				2
2024.10.01	01:08:13.137		0.63427			4
2024.10.01	01:08:28.207	0.63425				2
2024.10.01	01:08:29.416		0.63429			4
2024.10.01	01:08:33.795		0.63430			4
2024.10.01	01:08:35.838	0.63424	0.63429			6
2024.10.01	01:08:42.149		0.63428			4
2024.10.01	01:08:42.870		0.63429			4
2024.10.01	01:08:44.637		0.63430			4
2024.10.01	01:08:55.196	0.63425				2
2024.10.01	01:09:01.806	0.63425				2
2024.10.01	01:09:02.724		0.63431			4
2024.10.01	01:09:03.632		0.63430			4
2024.10.01	01:09:09.159	0.63427				2
2024.10.01	01:09:09.621	0.63426				2
2024.10.01	01:09:14.561		0.63433			4
2024.10.01	01:09:15.388	0.63428	0.63430			6
2024.10.01	01:09:17.561		0.63433			4
2024.10.01	01:09:18.397	0.63425	0.63430			6
2024.10.01	01:09:18.711		0.63431			4
2024.10.01	01:09:19.038	0.63424	0.63427			6
2024.10.01	01:09:19.341	0.63425				2
2024.10.01	01:09:21.057		0.63428			4
2024.10.01	01:09:24.450		0.63429			4
2024.10.01	01:09:52.009	0.63426	0.63431			6
2024.10.01	01:10:05.768	0.63431	0.63436			6
2024.10.01	01:10:06.076		0.63437			4
2024.10.01	01:10:08.892	0.63430	0.63435			6
2024.10.01	01:10:42.135		0.63436			4
2024.10.01	01:10:49.465		0.63435			4
2024.10.01	01:10:59.111		0.63436			4
2024.10.01	01:10:59.547	0.63435	0.63440			6
2024.10.01	01:10:59.847		0.63441			4
2024.10.01	01:11:00.363	0.63435				2
2024.10.01	01:11:04.761		0.63440			4
2024.10.01	01:11:08.961		0.63439			4
2024.10.01	01:11:20.540		0.63440			4
2024.10.01	01:11:21.129		0.63441			4
2024.10.01	01:11:44.419	0.63429	0.63433			6
2024.10.01	01:11:50.689		0.63434			4
2024.10.01	01:11:53.099	0.63430	0.63435			6
2024.10.01	01:11:56.807		0.63433			4
2024.10.01	01:11:57.116		0.63435			4
2024.10.01	01:12:01.742	0.63430	0.63434			6
2024.10.01	01:12:03.228		0.63435			4
2024.10.01	01:12:19.266	0.63433				2
2024.10.01	01:12:20.424	0.63430				2
2024.10.01	01:12:20.733		0.63434			4
2024.10.01	01:12:25.243	0.63431	0.63436			6
2024.10.01	01:12:26.094	0.63430	0.63435			6
2024.10.01	01:12:29.751		0.63434			4
2024.10.01	01:12:42.124		0.63433			4
2024.10.01	01:12:47.308		0.63434			4
2024.10.01	01:12:55.132	0.63432	0.63436			6
2024.10.01	01:13:15.079	0.63430	0.63435			6
2024.10.01	01:13:16.410		0.63434			4
2024.10.01	01:13:39.815		0.63435			4
2024.10.01	01:13:47.647		0.63433			4
2024.10.01	01:13:55.848	0.63431	0.63436			6
2024.10.01	01:14:01.655	0.63431				2
2024.10.01	01:14:05.558		0.63435			4
2024.10.01	01:14:17.650		0.63436			4
2024.10.01	01:14:55.133		0.63438			4
2024.10.01	01:14:55.933		0.63439			4
2024.10.01	01:15:00.366	0.63434	0.63441			6
2024.10.01	01:15:00.672	0.63435				2
2024.10.01	01:15:07.098		0.63439			4
2024.10.01	01:15:07.403		0.63441			4
2024.10.01	01:15:07.707		0.63439			4
2024.10.01	01:15:08.013		0.63441			4
2024.10.01	01:15:10.457		0.63440			4
2024.10.01	01:15:49.220	0.63440	0.63446			6
2024.10.01	01:15:50.343	0.63441				2
2024.10.01	01:15:50.646	0.63442	0.63447			6
2024.10.01	01:15:54.239		0.63448			4
2024.10.01	01:16:00.369	0.63445	0.63451			6
2024.10.01	01:16:16.752		0.63448			4
2024.10.01	01:16:17.175	0.63442				2
2024.10.01	01:16:19.662		0.63446			4
2024.10.01	01:16:21.456	0.63444				2
2024.10.01	01:16:22.141	0.63442				2
2024.10.01	01:16:22.496	0.63444				2
2024.10.01	01:16:22.798	0.63442				2
2024.10.01	01:16:56.805	0.63441	0.63444			6
2024.10.01	01:17:13.709	0.63441	0.63446			6
2024.10.01	01:17:32.312	0.63445	0.63450			6
2024.10.01	01:17:32.654		0.63451			4
2024.10.01	01:17:35.929	0.63446				2
2024.10.01	01:17:40.468		0.63450			4
2024.10.01	01:18:00.409	0.63446	0.63451			6
2024.10.01	01:18:00.808		0.63450			4
2024.10.01	01:18:01.212	0.63447				2
2024.10.01	01:18:11.638		0.63451			4
2024.10.01	01:18:12.093		0.63450			4
2024.10.01	01:18:23.816	0.63448				2
2024.10.01	01:18:24.671		0.63453			4
2024.10.01	01:18:25.369		0.63450			4
2024.10.01	01:18:27.379	0.63447				2
2024.10.01	01:18:30.647		0.63453			4
2024.10.01	01:18:31.431		0.63450			4
2024.10.01	01:18:36.650		0.63453			4
2024.10.01	01:18:37.410		0.63450			4
2024.10.01	01:18:38.097	0.63448				2
2024.10.01	01:18:41.607		0.63453			4
2024.10.01	01:18:42.652		0.63452			4
2024.10.01	01:19:00.425	0.63452	0.63456			6
2024.10.01	01:19:01.114	0.63454	0.63458			6
2024.10.01	01:19:30.003		0.63457			4
2024.10.01	01:19:40.442	0.63455	0.63458			6
2024.10.01	01:19:44.228		0.63457			4
2024.10.01	01:19:59.624		0.63458			4
2024.10.01	01:20:00.745	0.63455	0.63457			6
2024.10.01	01:20:03.741	0.63458	0.63461			6
2024.10.01	01:20:24.390	0.63459				2
2024.10.01	01:21:03.064	0.63459				2
2024.10.01	01:21:05.739		0.63461			4
2024.10.01	01:21:08.382	0.63461	0.63462			6
2024.10.01	01:21:28.179	0.63460	0.63461			6
2024.10.01	01:21:28.800		0.63462			4
2024.10.01	01:21:41.077		0.63463			4
2024.10.01	01:21:46.121		0.63464			4
2024.10.01	01:21:55.775		0.63463			4
2024.10.01	01:21:59.642		0.63464			4
2024.10.01	01:22:00.420	0.63460				2
2024.10.01	01:22:05.009		0.63463			4
2024.10.01	01:22:38.284	0.63461				2
2024.10.01	01:22:38.646	0.63460				2
2024.10.01	01:22:55.718	0.63462	0.63467			6
2024.10.01	01:22:56.026		0.63465			4
2024.10.01	01:23:04.625	0.63461	0.63462			6
2024.10.01	01:23:05.436	0.63459	0.63461			6
2024.10.01	01:23:06.353		0.63462			4
2024.10.01	01:23:09.101	0.63458	0.63461			6
2024.10.01	01:23:20.289		0.63462			4
2024.10.01	01:23:29.360	0.63459				2
2024.10.01	01:23:29.718		0.63464			4
2024.10.01	01:23:34.821		0.63463			4
2024.10.01	01:23:38.462	0.63458	0.63462			6
2024.10.01	01:23:42.801		0.63463			4
2024.10.01	01:23:48.222		0.63462			4
2024.10.01	01:23:58.558	0.63456	0.63460			6
2024.10.01	01:24:00.420	0.63456				2
2024.10.01	01:24:11.207		0.63461			4
2024.10.01	01:24:13.234		0.63460			4
2024.10.01	01:24:38.982	0.63450	0.63454			6
2024.10.01	01:24:44.353	0.63451	0.63456			6
2024.10.01	01:24:47.992	0.63453	0.63457			6
2024.10.01	01:24:48.352		0.63459			4
2024.10.01	01:24:49.256		0.63457			4
2024.10.01	01:24:50.357		0.63458			4
2024.10.01	01:24:51.507		0.63457			4
2024.10.01	01:24:54.893		0.63458			4
2024.10.01	01:24:56.620		0.63457			4
2024.10.01	01:24:57.700		0.63458			4
2024.10.01	01:24:58.273		0.63457			4
2024.10.01	01:25:00.443	0.63455	0.63460			6
2024.10.01	01:25:01.265	0.63456				2
2024.10.01	01:25:03.236		0.63461			4
2024.10.01	01:25:06.405		0.63460			4
2024.10.01	01:25:15.788	0.63457	0.63462			6
2024.10.01	01:25:23.496		0.63461			4
2024.10.01	01:25:31.590	0.63456	0.63460			6
2024.10.01	01:25:45.584	0.63457	0.63461			6
2024.10.01	01:25:46.014		0.63462			4
2024.10.01	01:25:54.751	0.63458				2
2024.10.01	01:26:02.404	0.63458				2
2024.10.01	01:26:29.965	0.63461	0.63465			6
2024.10.01	01:27:09.305	0.63461	0.63464			6
2024.10.01	01:27:09.609		0.63465			4
2024.10.01	01:27:10.607		0.63466			4
2024.10.01	01:27:22.084	0.63465	0.63469			6
2024.10.01	01:27:27.473		0.63470			4
2024.10.01	01:27:45.665	0.63466	0.63471			6
2024.10.01	01:28:00.461	0.63466				2
2024.10.01	01:28:03.374	0.63469	0.63474			6
2024.10.01	01:28:07.092	0.63470	0.63475			6
2024.10.01	01:28:17.635	0.63471				2
2024.10.01	01:28:23.384	0.63472	0.63477			6
2024.10.01	01:29:00.419	0.63473				2
2024.10.01	01:29:02.145	0.63472	0.63476			6
2024.10.01	01:29:11.895	0.63470	0.63475			6
2024.10.01	01:29:12.627	0.63471				2
2024.10.01	01:29:23.859	0.63469	0.63472			6
2024.10.01	01:29:25.026	0.63468				2
2024.10.01	01:29:47.472	0.63472	0.63477			6
2024.10.01	01:29:59.254	0.63473				2
2024.10.01	01:30:00.394	0.63473				2
2024.10.01	01:30:02.925	0.63472				2
2024.10.01	01:30:33.724	0.63467	0.63472			6
2024.10.01	01:30:58.982		0.63471			4
2024.10.01	01:31:17.585	0.63467	0.63472			6
2024.10.01	01:31:19.861	0.63466				2
2024.10.01	01:31:30.735	0.63464	0.63470			6
2024.10.01	01:31:31.046		0.63469			4
2024.10.01	01:31:34.985	0.63465	0.63470			6
2024.10.01	01:31:35.288	0.63466	0.63471			6
2024.10.01	01:31:47.519	0.63467	0.63472			6
2024.10.01	01:31:53.257	0.63466	0.63471			6
2024.10.01	01:32:00.466	0.63466	0.63472			6
2024.10.01	01:32:17.894	0.63467				2
2024.10.01	01:32:24.046	0.63466	0.63471			6
2024.10.01	01:32:24.358		0.63472			4
2024.10.01	01:32:37.493	0.63467	0.63473			6
2024.10.01	01:32:38.743	0.63468				2
2024.10.01	01:32:54.837	0.63469	0.63475			6
2024.10.01	01:33:01.006	0.63469				2
2024.10.01	01:33:14.885	0.63470	0.63476			6
2024.10.01	01:33:17.130	0.63469	0.63475			6
2024.10.01	01:33:37.043	0.63470	0.63476			6
2024.10.01	01:34:00.989	0.63470				2
2024.10.01	01:34:31.396	0.63471				2
2024.10.01	01:34:37.356		0.63476			4
2024.10.01	01:34:41.125		0.63473			4
2024.10.01	01:35:03.354	0.63471	0.63474			6
2024.10.01	01:36:10.358	0.63471	0.63474			6
2024.10.01	01:36:35.154		0.63476			4
2024.10.01	01:36:36.001		0.63474			4
2024.10.01	01:36:40.860	0.63475	0.63478			6
2024.10.01	01:36:41.482		0.63479			4
2024.10.01	01:36:41.906	0.63474				2
2024.10.01	01:36:48.664	0.63475	0.63480			6
2024.10.01	01:36:49.746	0.63474				2
2024.10.01	01:36:50.084	0.63475				2
2024.10.01	01:36:51.562		0.63481			4
2024.10.01	01:36:52.251		0.63480			4
2024.10.01	01:36:58.184	0.63478				2
2024.10.01	01:36:58.519	0.63475				2
2024.10.01	01:37:00.534	0.63475				2
2024.10.01	01:37:14.941	0.63479	0.63483			6
2024.10.01	01:37:16.081		0.63484			4
2024.10.01	01:37:17.791		0.63483			4
2024.10.01	01:37:20.850		0.63482			4
2024.10.01	01:37:31.116		0.63483			4
2024.10.01	01:37:34.134		0.63484			4
2024.10.01	01:37:34.442		0.63483			4
2024.10.01	01:37:40.850		0.63484			4
2024.10.01	01:38:00.664	0.63479				2
2024.10.01	01:38:08.557	0.63472	0.63477			6
2024.10.01	01:38:12.915		0.63478			4
2024.10.01	01:38:13.667	0.63471	0.63477			6
2024.10.01	01:38:16.349	0.63472	0.63478			6
2024.10.01	01:38:17.618		0.63477			4
2024.10.01	01:38:24.318	0.63471				2
2024.10.01	01:38:47.833	0.63472				2
2024.10.01	01:38:48.150	0.63474	0.63479			6
2024.10.01	01:38:50.404	0.63470	0.63475			6
2024.10.01	01:39:02.352	0.63470				2
2024.10.01	01:39:18.551	0.63469				2
2024.10.01	01:39:19.891	0.63470				2
2024.10.01	01:39:28.720	0.63469				2
2024.10.01	01:39:30.107	0.63470				2
2024.10.01	01:39:50.989		0.63475			4
2024.10.01	01:40:00.387	0.63470				2
2024.10.01	01:40:22.731	0.63473				2
2024.10.01	01:40:23.066	0.63470				2
2024.10.01	01:40:35.557	0.63469				2
2024.10.01	01:40:36.237	0.63470				2
2024.10.01	01:40:53.856		0.63475			4
2024.10.01	01:41:06.270	0.63470				2
2024.10.01	01:41:06.742	0.63469				2
2024.10.01	01:41:14.909	0.63466	0.63471			6
2024.10.01	01:41:21.510	0.63467	0.63472			6
2024.10.01	01:41:21.822	0.63466				2
2024.10.01	01:41:22.909	0.63467				2
2024.10.01	01:41:30.797	0.63468				2
2024.10.01	01:41:39.615	0.63467				2
2024.10.01	01:41:42.424		0.63471			4
2024.10.01	01:41:44.220	0.63465	0.63470			6
2024.10.01	01:41:44.565		0.63469			4
2024.10.01	01:41:46.619	0.63464				2
2024.10.01	01:41:47.226	0.63462	0.63466			6
2024.10.01	01:42:00.372	0.63463	0.63467			6
2024.10.01	01:42:00.804	0.63462				2
2024.10.01	01:42:30.112	0.63461	0.63465			6
2024.10.01	01:42:37.256	0.63460	0.63464			6
2024.10.01	01:42:44.967		0.63463			4
2024.10.01	01:42:48.523		0.63462			4
2024.10.01	01:42:48.834		0.63463			4
2024.10.01	01:42:51.175	0.63455	0.63460			6
2024.10.01	01:43:00.402	0.63455				2
2024.10.01	01:43:04.351		0.63459			4
2024.10.01	01:43:11.922	0.63453	0.63457			6
2024.10.01	01:43:12.235	0.63452	0.63455			6
2024.10.01	01:43:14.263		0.63456			4
2024.10.01	01:43:15.833	0.63449	0.63452			6
2024.10.01	01:43:16.546		0.63453			4
2024.10.01	01:43:27.101		0.63452			4
2024.10.01	01:43:30.881		0.63453			4
2024.10.01	01:43:31.306	0.63448				2
2024.10.01	01:43:31.647		0.63452			4
2024.10.01	01:43:32.091	0.63449				2
2024.10.01	01:43:34.489		0.63453			4
2024.10.01	01:43:52.259		0.63452			4
2024.10.01	01:43:54.391	0.63448	0.63453			6
2024.10.01	01:43:56.034		0.63452			4
2024.10.01	01:44:01.373	0.63448				2
2024.10.01	01:44:07.113	0.63447	0.63451			6
2024.10.01	01:44:49.927		0.63452			4
2024.10.01	01:45:00.291	0.63449	0.63453			6
2024.10.01	01:45:02.167	0.63448				2
2024.10.01	01:45:21.398	0.63452	0.63456			6
2024.10.01	01:45:55.596	0.63456	0.63460			6
2024.10.01	01:46:03.837	0.63456				2
2024.10.01	01:46:17.448	0.63453	0.63457			6
2024.10.01	01:46:17.773	0.63452				2
2024.10.01	01:46:23.253	0.63451	0.63455			6
2024.10.01	01:46:25.125	0.63450				2
2024.10.01	01:46:48.763	0.63447	0.63453			6
2024.10.01	01:46:49.065		0.63452			4
2024.10.01	01:46:56.820	0.63450	0.63455			6
2024.10.01	01:47:00.369	0.63450				2
2024.10.01	01:47:12.005	0.63452	0.63456			6
2024.10.01	01:47:14.674	0.63451				2
2024.10.01	01:47:17.353		0.63457			4
2024.10.01	01:47:22.443	0.63452				2
2024.10.01	01:47:37.234	0.63451				2
2024.10.01	01:47:37.993	0.63452				2
2024.10.01	01:47:38.305	0.63451				2
2024.10.01	01:47:40.288	0.63452				2
2024.10.01	01:47:40.588	0.63451				2
2024.10.01	01:47:45.176	0.63450	0.63455			6
2024.10.01	01:47:52.656	0.63448	0.63453			6
2024.10.01	01:47:54.864		0.63454			4
2024.10.01	01:48:00.417	0.63448				2
2024.10.01	01:48:01.953	0.63450	0.63455			6
2024.10.01	01:48:30.988		0.63456			4
2024.10.01	01:48:38.031	0.63452	0.63457			6
2024.10.01	01:49:00.992	0.63452				2
2024.10.01	01:49:04.749	0.63454	0.63459			6
2024.10.01	01:49:05.418	0.63457	0.63463			6
2024.10.01	01:49:06.107		0.63462			4
2024.10.01	01:49:15.747	0.63458	0.63463			6
2024.10.01	01:49:20.524	0.63457	0.63462			6
2024.10.01	01:49:24.893	0.63460	0.63463			6
2024.10.01	01:49:25.206	0.63461	0.63467			6
2024.10.01	01:49:26.474	0.63463	0.63468			6
2024.10.01	01:49:27.880		0.63467			4
2024.10.01	01:49:28.889		0.63468			4
2024.10.01	01:49:36.175		0.63466			4
2024.10.01	01:49:55.038		0.63467			4
2024.10.01	01:49:56.111		0.63466			4
2024.10.01	01:49:57.306		0.63467			4
2024.10.01	01:50:00.649	0.63462				2
2024.10.01	01:50:01.745		0.63466			4
2024.10.01	01:50:02.871		0.63467			4
2024.10.01	01:50:11.886		0.63466			4
2024.10.01	01:50:13.364		0.63467			4
2024.10.01	01:50:16.397		0.63466			4
2024.10.01	01:50:16.938		0.63467			4
2024.10.01	01:50:28.260	0.63464	0.63468			6
2024.10.01	01:50:28.791		0.63467			4
2024.10.01	01:50:29.978	0.63466	0.63471			6
2024.10.01	01:50:35.681	0.63461	0.63465			6
2024.10.01	01:50:36.012		0.63466			4
2024.10.01	01:51:01.129	0.63461				2
2024.10.01	01:51:27.976	0.63462	0.63468			6
2024.10.01	01:51:28.419		0.63467			4
2024.10.01	01:51:30.611		0.63468			4
2024.10.01	01:51:30.914		0.63467			4
2024.10.01	01:51:36.407		0.63468			4
2024.10.01	01:51:38.662		0.63467			4
2024.10.01	01:51:41.410	0.63463				2
2024.10.01	01:51:42.042		0.63468			4
2024.10.01	01:51:51.060		0.63467			4
2024.10.01	01:52:00.414	0.63463				2
2024.10.01	01:52:03.638		0.63468			4
2024.10.01	01:52:03.943		0.63467			4
2024.10.01	01:52:15.061		0.63468			4
2024.10.01	01:52:18.446		0.63467			4
2024.10.01	01:52:31.790		0.63468			4
2024.10.01	01:52:32.095		0.63467			4
2024.10.01	01:52:46.407		0.63468			4
2024.10.01	01:52:46.722		0.63467			4
2024.10.01	01:52:48.706		0.63468			4
2024.10.01	01:52:49.006		0.63467			4
2024.10.01	01:52:53.194		0.63468			4
2024.10.01	01:52:53.501		0.63467			4
2024.10.01	01:52:55.492		0.63468			4
2024.10.01	01:52:55.794		0.63467			4
2024.10.01	01:52:56.534		0.63468			4
2024.10.01	01:52:56.867		0.63467			4
2024.10.01	01:53:00.380	0.63463				2
2024.10.01	01:53:04.561		0.63468			4
2024.10.01	01:53:46.800		0.63467			4
2024.10.01	01:53:51.127		0.63468			4
2024.10.01	01:53:51.441		0.63467			4
2024.10.01	01:53:52.392	0.63466	0.63472			6
2024.10.01	01:53:53.319	0.63463	0.63468			6
2024.10.01	01:53:53.638	0.63461	0.63466			6
2024.10.01	01:54:00.360	0.63461				2
2024.10.01	01:54:18.011	0.63452	0.63457			6
2024.10.01	01:54:18.354		0.63458			4
2024.10.01	01:54:26.426	0.63453				2
2024.10.01	01:54:32.350	0.63452	0.63457			6
2024.10.01	01:55:00.276	0.63452				2
2024.10.01	01:55:05.108	0.63450	0.63456			6
2024.10.01	01:55:05.411	0.63451				2
2024.10.01	01:55:05.876		0.63457			4
2024.10.01	01:55:06.615	0.63455	0.63460			6
2024.10.01	01:55:12.215	0.63451	0.63456			6
2024.10.01	01:55:15.340	0.63450	0.63455			6
2024.10.01	01:55:18.011	0.63446	0.63450			6
2024.10.01	01:55:18.825		0.63452			4
2024.10.01	01:55:21.766		0.63451			4
2024.10.01	01:55:24.158	0.63447	0.63452			6
2024.10.01	01:55:25.035	0.63448				2
2024.10.01	01:55:25.343		0.63453			4
2024.10.01	01:55:32.170		0.63452			4
2024.10.01	01:55:37.938	0.63446	0.63450			6
2024.10.01	01:55:39.510		0.63451			4
2024.10.01	01:55:50.098	0.63448				2
2024.10.01	01:55:50.400	0.63446				2
2024.10.01	01:55:51.055		0.63449			4
2024.10.01	01:55:54.604	0.63444				2
2024.10.01	01:56:00.913	0.63444				2
2024.10.01	01:56:02.556	0.63441	0.63446			6
2024.10.01	01:56:04.697	0.63440				2
2024.10.01	01:56:07.722	0.63438	0.63442			6
2024.10.01	01:56:08.228		0.63441			4
2024.10.01	01:56:08.755		0.63442			4
2024.10.01	01:56:11.264		0.63443			4
2024.10.01	01:56:14.288		0.63442			4
2024.10.01	01:56:14.788		0.63443			4
2024.10.01	01:56:17.321		0.63442			4
2024.10.01	01:56:18.324		0.63443			4
2024.10.01	01:56:23.885		0.63442			4
2024.10.01	01:56:28.791	0.63437				2
2024.10.01	01:56:29.281	0.63436	0.63441			6
2024.10.01	01:56:30.446	0.63433	0.63437			6
2024.10.01	01:56:37.019		0.63436			4
2024.10.01	01:56:37.330		0.63437			4
2024.10.01	01:56:37.645	0.63432				2
2024.10.01	01:56:41.479		0.63438			4
2024.10.01	01:56:42.716		0.63437			4
2024.10.01	01:56:43.583	0.63431				2
2024.10.01	01:56:44.055	0.63435				2
2024.10.01	01:56:49.366		0.63438			4
2024.10.01	01:56:51.621	0.63436				2
2024.10.01	01:56:56.128	0.63435				2
2024.10.01	01:57:00.195	0.63435				2
2024.10.01	01:57:03.278		0.63437			4
2024.10.01	01:57:03.841		0.63438			4
2024.10.01	01:57:06.550	0.63440	0.63443			6
2024.10.01	01:57:08.869		0.63444			4
2024.10.01	01:57:09.689		0.63443			4
2024.10.01	01:57:12.026	0.63439	0.63441			6
2024.10.01	01:57:12.412	0.63437				2
2024.10.01	01:57:14.451	0.63438				2
2024.10.01	01:57:16.419	0.63437	0.63440			6
2024.10.01	01:57:22.875		0.63439			4
2024.10.01	01:57:24.805	0.63436				2
2024.10.01	01:57:36.321	0.63437	0.63440			6
2024.10.01	01:57:36.979	0.63438	0.63441			6
2024.10.01	01:57:37.388	0.63437				2
2024.10.01	01:57:42.667		0.63440			4
2024.10.01	01:57:43.019	0.63434	0.63437			6
2024.10.01	01:57:43.374	0.63432	0.63435			6
2024.10.01	01:57:52.762		0.63436			4
2024.10.01	01:57:55.800	0.63431	0.63435			6
2024.10.01	01:57:58.255	0.63432				2
2024.10.01	01:57:58.562	0.63434	0.63437			6
2024.10.01	01:57:59.167	0.63435	0.63438			6
2024.10.01	01:58:01.180	0.63435				2
2024.10.01	01:58:07.808	0.63438	0.63441			6
2024.10.01	01:58:08.662		0.63440			4
2024.10.01	01:58:09.965	0.63437				2
2024.10.01	01:58:15.487	0.63438	0.63441			6
2024.10.01	01:58:16.310	0.63440	0.63442			6
2024.10.01	01:58:22.558		0.63443			4
2024.10.01	01:58:27.187	0.63439				2
2024.10.01	01:58:30.399	0.63440	0.63444			6
2024.10.01	01:58:30.737	0.63439	0.63443			6
2024.10.01	01:58:31.099	0.63440				2
2024.10.01	01:58:35.193	0.63438	0.63441			6
2024.10.01	01:58:41.699	0.63439	0.63442			6
2024.10.01	01:58:42.257		0.63443			4
2024.10.01	01:58:42.885	0.63437	0.63441			6
2024.10.01	01:58:46.457	0.63438				2
2024.10.01	01:58:47.289	0.63437				2
2024.10.01	01:58:48.319		0.63440			4
2024.10.01	01:58:54.883		0.63439			4
2024.10.01	01:59:00.989	0.63437				2
2024.10.01	01:59:10.511	0.63436				2
2024.10.01	01:59:12.456	0.63437				2
2024.10.01	01:59:13.556	0.63436				2
2024.10.01	01:59:22.140	0.63435	0.63438			6
2024.10.01	01:59:22.477	0.63434	0.63437			6
2024.10.01	01:59:33.552	0.63427	0.63432			6
2024.10.01	01:59:33.863	0.63426	0.63430			6
2024.10.01	01:59:34.781	0.63425	0.63429			6
2024.10.01	01:59:37.527	0.63424	0.63428			6
2024.10.01	01:59:42.657	0.63423	0.63426			6
2024.10.01	01:59:42.966	0.63425	0.63428			6
2024.10.01	01:59:45.485	0.63424				2
2024.10.01	01:59:47.559	0.63425	0.63429			6
2024.10.01	01:59:47.863	0.63424	0.63428			6
2024.10.01	01:59:54.482		0.63429			4
2024.10.01	01:59:58.340	0.63423	0.63428			6
2024.10.01	02:00:00.277	0.63428	0.63431			6
2024.10.01	02:00:00.582	0.63427				2
2024.10.01	02:00:00.885	0.63425	0.63428			6
2024.10.01	02:00:01.221	0.63423	0.63429			6
2024.10.01	02:00:01.536		0.63428			4
2024.10.01	02:00:01.954	0.63424	0.63429			6
2024.10.01	02:00:02.565	0.63423				2
2024.10.01	02:00:02.940	0.63424	0.63428			6
2024.10.01	02:00:04.148	0.63423				2
2024.10.01	02:00:06.384		0.63427			4
2024.10.01	02:00:10.968	0.63424				2
2024.10.01	02:00:12.487	0.63423				2
2024.10.01	02:00:14.082	0.63424				2
2024.10.01	02:00:14.456	0.63423				2
2024.10.01	02:00:15.383		0.63428			4
2024.10.01	02:00:19.987		0.63427			4
2024.10.01	02:00:21.115		0.63428			4
2024.10.01	02:00:26.543	0.63424				2
2024.10.01	02:00:26.857	0.63423				2
2024.10.01	02:00:27.872		0.63427			4
2024.10.01	02:00:28.331	0.63424				2
2024.10.01	02:00:34.434		0.63428			4
2024.10.01	02:00:34.741		0.63427			4
2024.10.01	02:00:36.478	0.63427	0.63430			6
2024.10.01	02:00:36.784	0.63425	0.63428			6
2024.10.01	02:00:52.530		0.63429			4
2024.10.01	02:00:54.544	0.63426	0.63430			6
2024.10.01	02:00:58.676	0.63421	0.63424			6
2024.10.01	02:01:00.371	0.63422				2
2024.10.01	02:01:00.804	0.63424	0.63425			6
2024.10.01	02:01:04.126	0.63425	0.63426			6
2024.10.01	02:01:04.876		0.63427			4
2024.10.01	02:01:15.171	0.63426				2
2024.10.01	02:01:16.710	0.63427	0.63429			6
2024.10.01	02:01:18.961	0.63426				2
2024.10.01	02:01:19.520		0.63428			4
2024.10.01	02:01:20.933		0.63429			4
2024.10.01	02:01:21.771		0.63428			4
2024.10.01	02:01:32.829	0.63427	0.63429			6
2024.10.01	02:01:36.301	0.63426				2
2024.10.01	02:01:41.662	0.63427	0.63430			6
2024.10.01	02:01:52.304	0.63426	0.63429			6
2024.10.01	02:02:00.849	0.63427	0.63430			6
2024.10.01	02:02:12.672	0.63428	0.63431			6
2024.10.01	02:02:17.436		0.63430			4
2024.10.01	02:02:26.651		0.63431			4
2024.10.01	02:02:36.010	0.63427				2
2024.10.01	02:02:41.430	0.63428				2
2024.10.01	02:02:47.072	0.63427				2
2024.10.01	02:02:48.456	0.63430				2
2024.10.01	02:02:48.763	0.63431	0.63434			6
2024.10.01	02:02:49.078		0.63435			4
2024.10.01	02:02:49.382	0.63434	0.63436			6
2024.10.01	02:02:49.683		0.63437			4
2024.10.01	02:02:52.305		0.63436			4
2024.10.01	02:02:54.270		0.63437			4
2024.10.01	02:02:56.621		0.63438			4
2024.10.01	02:02:57.528	0.63435				2
2024.10.01	02:02:57.861	0.63434				2
2024.10.01	02:03:00.281	0.63434				2
2024.10.01	02:03:02.259	0.63435	0.63439			6
2024.10.01	02:03:03.894	0.63438	0.63441			6
2024.10.01	02:03:04.199		0.63442			4
2024.10.01	02:03:05.100	0.63436	0.63439			6
2024.10.01	02:03:06.395	0.63431	0.63435			6
2024.10.01	02:03:07.105	0.63432	0.63436			6
2024.10.01	02:03:08.031	0.63431				2
2024.10.01	02:03:10.035	0.63432				2
2024.10.01	02:03:13.170		0.63435			4
2024.10.01	02:03:13.711	0.63434	0.63437			6
2024.10.01	02:03:14.990	0.63433	0.63436			6
2024.10.01	02:03:20.376	0.63435	0.63437			6
2024.10.01	02:03:20.684	0.63434				2
2024.10.01	02:03:23.086	0.63435	0.63438			6
2024.10.01	02:03:23.469	0.63436	0.63440			6
2024.10.01	02:03:24.587	0.63437				2
2024.10.01	02:03:26.767	0.63436				2
2024.10.01	02:03:27.386	0.63437				2
2024.10.01	02:03:28.111	0.63436				2
2024.10.01	02:03:30.097	0.63437				2
2024.10.01	02:03:30.804	0.63436				2
2024.10.01	02:03:31.453		0.63438			4
2024.10.01	02:03:38.136		0.63440			4
2024.10.01	02:03:39.053	0.63435				2
2024.10.01	02:03:39.827	0.63436				2
2024.10.01	02:04:00.268	0.63436				2
2024.10.01	02:04:02.859	0.63437	0.63441			6
2024.10.01	02:04:04.924	0.63438	0.63440			6
2024.10.01	02:04:05.229		0.63441			4
2024.10.01	02:04:07.200	0.63437				2
2024.10.01	02:04:12.734	0.63438				2
2024.10.01	02:04:13.078		0.63440			4
2024.10.01	02:04:16.635	0.63437				2
2024.10.01	02:04:18.214		0.63441			4
2024.10.01	02:04:18.854	0.63438				2
2024.10.01	02:04:19.191	0.63443	0.63447			6
2024.10.01	02:04:23.931	0.63444	0.63449			6
2024.10.01	02:04:26.132	0.63447				2
2024.10.01	02:04:27.717		0.63450			4
2024.10.01	02:04:28.099		0.63451			4
2024.10.01	02:04:28.597	0.63448	0.63452			6
2024.10.01	02:04:32.612	0.63449				2
2024.10.01	02:04:37.207		0.63451			4
2024.10.01	02:04:52.253	0.63450	0.63452			6
2024.10.01	02:04:55.559	0.63449	0.63453			6
2024.10.01	02:04:56.746	0.63448	0.63452			6
2024.10.01	02:04:59.190	0.63449				2
2024.10.01	02:05:00.807	0.63449				2
2024.10.01	02:05:01.621		0.63453			4
2024.10.01	02:05:04.355	0.63451				2
2024.10.01	02:05:06.939	0.63454	0.63456			6
2024.10.01	02:05:07.650		0.63457			4
2024.10.01	02:05:10.848		0.63456			4
2024.10.01	02:05:11.226		0.63457			4
2024.10.01	02:05:11.540		0.63456			4
2024.10.01	02:05:11.845	0.63455				2
2024.10.01	02:05:12.836	0.63456	0.63457			6
2024.10.01	02:05:15.358	0.63455	0.63456			6
2024.10.01	02:05:16.249	0.63456	0.63458			6
2024.10.01	02:05:17.502	0.63455				2
2024.10.01	02:05:18.436	0.63456	0.63459			6
2024.10.01	02:05:18.739	0.63455	0.63458			6
2024.10.01	02:05:19.122	0.63454	0.63456			6
2024.10.01	02:05:22.970	0.63455	0.63458			6
2024.10.01	02:05:26.289	0.63458	0.63462			6
2024.10.01	02:05:26.744		0.63463			4
2024.10.01	02:05:27.305	0.63460	0.63462			6
2024.10.01	02:05:27.885		0.63463			4
2024.10.01	02:05:33.595	0.63459				2
2024.10.01	02:05:34.205		0.63462			4
2024.10.01	02:05:34.513	0.63458				2
2024.10.01	02:05:36.089	0.63459				2
2024.10.01	02:05:36.408	0.63458	0.63461			6
2024.10.01	02:05:36.723	0.63457				2
2024.10.01	02:05:41.343	0.63459				2
2024.10.01	02:05:43.559	0.63458				2
2024.10.01	02:05:44.144	0.63457				2
2024.10.01	02:05:47.045	0.63456	0.63459			6
2024.10.01	02:05:59.456	0.63453	0.63456			6
2024.10.01	02:06:00.339	0.63453				2
2024.10.01	02:06:01.470	0.63455	0.63458			6
2024.10.01	02:06:01.870	0.63454	0.63457			6
2024.10.01	02:06:03.927	0.63453	0.63456			6
2024.10.01	02:06:06.666	0.63454				2
2024.10.01	02:06:08.426	0.63453	0.63455			6
2024.10.01	02:06:11.371		0.63456			4
2024.10.01	02:06:17.743	0.63454				2
2024.10.01	02:06:20.501	0.63453				2
2024.10.01	02:06:23.088	0.63452				2
2024.10.01	02:06:29.370	0.63456	0.63460			6
2024.10.01	02:06:35.939	0.63462	0.63466			6
2024.10.01	02:06:36.614		0.63467			4
2024.10.01	02:06:37.047	0.63463				2
2024.10.01	02:06:39.110	0.63462	0.63466			6
2024.10.01	02:06:40.844	0.63464	0.63468			6
2024.10.01	02:06:42.101	0.63465	0.63469			6
2024.10.01	02:06:42.411	0.63468	0.63472			6
2024.10.01	02:06:42.713	0.63469	0.63473			6
2024.10.01	02:06:44.609	0.63470	0.63474			6
2024.10.01	02:06:44.923	0.63471	0.63476			6
2024.10.01	02:06:47.016		0.63475			4
2024.10.01	02:06:49.619	0.63470	0.63474			6
2024.10.01	02:06:50.013	0.63471	0.63475			6
2024.10.01	02:06:51.127	0.63470				2
2024.10.01	02:06:51.536	0.63469	0.63473			6
2024.10.01	02:06:53.390	0.63471	0.63476			6
2024.10.01	02:06:56.515		0.63475			4
2024.10.01	02:06:57.154	0.63470	0.63474			6
2024.10.01	02:07:00.436	0.63470				2
2024.10.01	02:07:01.076	0.63472	0.63476			6
2024.10.01	02:07:05.390	0.63473	0.63477			6
2024.10.01	02:07:05.703	0.63474	0.63478			6
2024.10.01	02:07:11.201	0.63479	0.63482			6
2024.10.01	02:07:13.196	0.63478				2
2024.10.01	02:07:14.018	0.63476	0.63480			6
2024.10.01	02:07:14.665	0.63475	0.63479			6
2024.10.01	02:07:17.281	0.63473	0.63477			6
2024.10.01	02:07:27.212		0.63478			4
2024.10.01	02:07:32.203	0.63474				2
2024.10.01	02:07:33.798		0.63479			4
2024.10.01	02:07:37.900		0.63478			4
2024.10.01	02:07:46.257		0.63479			4
2024.10.01	02:07:46.618	0.63473				2
2024.10.01	02:07:47.367		0.63477			4
2024.10.01	02:07:50.264	0.63472	0.63476			6
2024.10.01	02:08:00.000	0.63472				2
2024.10.01	02:08:02.079	0.63473	0.63477			6
2024.10.01	02:08:02.421	0.63472	0.63476			6
2024.10.01	02:08:04.280	0.63474				2
2024.10.01	02:08:04.884	0.63473	0.63475			6
2024.10.01	02:08:06.706	0.63472	0.63473			6
2024.10.01	02:08:16.758	0.63467	0.63471			6
2024.10.01	02:08:17.064		0.63470			4
2024.10.01	02:08:17.441	0.63468	0.63471			6
2024.10.01	02:08:34.474	0.63466	0.63470			6
2024.10.01	02:08:38.736	0.63467				2
2024.10.01	02:08:39.380		0.63471			4
2024.10.01	02:08:57.092	0.63465	0.63469			6
2024.10.01	02:08:57.403	0.63464	0.63470			6
2024.10.01	02:08:58.276	0.63465	0.63469			6
2024.10.01	02:08:58.600	0.63464				2
2024.10.01	02:09:00.118	0.63464				2
2024.10.01	02:09:01.071	0.63466	0.63471			6
2024.10.01	02:09:05.798	0.63465	0.63469			6
2024.10.01	02:09:06.934	0.63464	0.63468			6
2024.10.01	02:09:07.335	0.63463				2
2024.10.01	02:09:16.864	0.63461	0.63466			6
2024.10.01	02:09:29.270	0.63463	0.63469			6
2024.10.01	02:09:29.582	0.63464				2
2024.10.01	02:09:29.894		0.63468			4
2024.10.01	02:09:30.607	0.63463				2
2024.10.01	02:09:32.643	0.63462	0.63466			6
2024.10.01	02:09:34.652	0.63456	0.63460			6
2024.10.01	02:09:40.569		0.63461			4
2024.10.01	02:09:40.882	0.63458	0.63463			6
2024.10.01	02:09:41.684	0.63460				2
2024.10.01	02:09:47.679	0.63462	0.63465			6
2024.10.01	02:09:50.618		0.63466			4
2024.10.01	02:09:53.514	0.63460	0.63464			6
2024.10.01	02:09:55.212	0.63461				2
2024.10.01	02:09:55.513	0.63463	0.63468			6
2024.10.01	02:10:00.427	0.63463				2
2024.10.01	02:10:01.267	0.63464	0.63469			6
2024.10.01	02:10:01.601	0.63466	0.63470			6
2024.10.01	02:10:35.413	0.63467				2
2024.10.01	02:10:47.837		0.63471			4
2024.10.01	02:10:50.311		0.63472			4
2024.10.01	02:10:52.734	0.63470	0.63473			6
2024.10.01	02:10:53.375	0.63471	0.63475			6
2024.10.01	02:10:59.273		0.63476			4
2024.10.01	02:11:00.410	0.63471				2
2024.10.01	02:11:01.117	0.63472				2
2024.10.01	02:11:07.418		0.63475			4
2024.10.01	02:11:07.722	0.63471				2
2024.10.01	02:11:13.680		0.63474			4
2024.10.01	02:11:14.301		0.63475			4
2024.10.01	02:11:29.580		0.63474			4
2024.10.01	02:11:31.455	0.63472				2
2024.10.01	02:11:32.737	0.63470	0.63473			6
2024.10.01	02:11:40.601	0.63469				2
2024.10.01	02:11:44.290	0.63467	0.63469			6
2024.10.01	02:11:44.964	0.63466				2
2024.10.01	02:11:49.724	0.63467	0.63471			6
2024.10.01	02:11:50.821	0.63462	0.63466			6
2024.10.01	02:11:55.543	0.63464	0.63465			6
2024.10.01	02:11:55.846	0.63466	0.63470			6
2024.10.01	02:11:56.158		0.63467			4
2024.10.01	02:11:56.557		0.63470			4
2024.10.01	02:11:58.014		0.63469			4
2024.10.01	02:11:58.324	0.63464				2
2024.10.01	02:11:59.760		0.63468			4
2024.10.01	02:12:00.363	0.63464				2
2024.10.01	02:12:00.937	0.63465	0.63469			6
2024.10.01	02:12:01.596		0.63470			4
2024.10.01	02:12:02.376	0.63468	0.63472			6
2024.10.01	02:12:03.039	0.63467	0.63471			6
2024.10.01	02:12:10.516	0.63468				2
2024.10.01	02:12:25.108	0.63467				2
2024.10.01	02:12:26.539	0.63468				2
2024.10.01	02:12:30.838	0.63464	0.63467			6
2024.10.01	02:12:31.491		0.63468			4
2024.10.01	02:12:33.754	0.63466	0.63469			6
2024.10.01	02:12:46.045	0.63465	0.63468			6
2024.10.01	02:12:50.432	0.63464				2
2024.10.01	02:12:52.896	0.63466	0.63469			6
2024.10.01	02:13:00.287	0.63466				2
2024.10.01	02:13:03.164		0.63470			4
2024.10.01	02:13:03.970		0.63469			4
2024.10.01	02:13:11.623		0.63470			4
2024.10.01	02:13:25.743	0.63470	0.63473			6
2024.10.01	02:13:50.092	0.63472	0.63476			6
2024.10.01	02:13:51.303		0.63475			4
2024.10.01	02:14:00.451	0.63472				2
2024.10.01	02:14:00.907		0.63476			4
2024.10.01	02:14:04.086	0.63473	0.63477			6
2024.10.01	02:14:05.100	0.63472	0.63476			6
2024.10.01	02:14:14.950		0.63477			4
2024.10.01	02:14:15.883		0.63476			4
2024.10.01	02:14:54.413	0.63471	0.63474			6
2024.10.01	02:14:55.406	0.63468	0.63471			6
2024.10.01	02:15:00.461	0.63468				2
2024.10.01	02:15:03.430	0.63469				2
2024.10.01	02:15:06.612	0.63470	0.63473			6
2024.10.01	02:15:07.212	0.63472	0.63475			6
2024.10.01	02:15:10.401	0.63473				2
2024.10.01	02:15:19.165	0.63472				2
2024.10.01	02:15:19.693	0.63473	0.63476			6
2024.10.01	02:15:22.623	0.63477	0.63481			6
2024.10.01	02:15:22.960	0.63479	0.63483			6
2024.10.01	02:15:23.293	0.63480	0.63484			6
2024.10.01	02:15:30.318	0.63479	0.63482			6
2024.10.01	02:15:33.390	0.63477	0.63481			6
2024.10.01	02:15:34.401	0.63478	0.63482			6
2024.10.01	02:15:35.757	0.63473	0.63478			6
2024.10.01	02:15:41.316	0.63476	0.63480			6
2024.10.01	02:15:42.327	0.63478	0.63482			6
2024.10.01	02:15:48.826	0.63479	0.63483			6
2024.10.01	02:15:59.038		0.63484			4
2024.10.01	02:16:00.355	0.63480				2
2024.10.01	02:16:03.783	0.63481				2
2024.10.01	02:16:11.174	0.63480				2
2024.10.01	02:16:49.549	0.63479				2
2024.10.01	02:16:52.392		0.63483			4
2024.10.01	02:17:00.398	0.63480	0.63484			6
2024.10.01	02:17:00.778	0.63481	0.63486			6
2024.10.01	02:17:01.254	0.63482				2
2024.10.01	02:17:06.803	0.63480	0.63485			6
2024.10.01	02:17:09.314	0.63481	0.63486			6
2024.10.01	02:17:12.442	0.63480	0.63485			6
2024.10.01	02:17:31.603	0.63481				2
2024.10.01	02:17:31.967	0.63480				2
2024.10.01	02:17:41.643	0.63481				2
2024.10.01	02:17:47.930	0.63480				2
2024.10.01	02:18:00.400	0.63480				2
2024.10.01	02:18:05.612	0.63482	0.63486			6
2024.10.01	02:18:06.294	0.63481				2
2024.10.01	02:18:08.408		0.63485			4
2024.10.01	02:18:13.774		0.63486			4
2024.10.01	02:18:18.381		0.63485			4
2024.10.01	02:18:20.520		0.63486			4
2024.10.01	02:18:33.466	0.63480	0.63484			6
2024.10.01	02:18:43.871	0.63477	0.63482			6
2024.10.01	02:19:00.338	0.63477				2
2024.10.01	02:19:13.269	0.63476	0.63480			6
2024.10.01	02:19:26.717	0.63475	0.63479			6
2024.10.01	02:19:29.379		0.63478			4
2024.10.01	02:19:29.682	0.63472				2
2024.10.01	02:19:30.425	0.63474				2
2024.10.01	02:19:32.682	0.63473				2
2024.10.01	02:19:35.639	0.63474	0.63477			6
2024.10.01	02:19:35.940		0.63478			4
2024.10.01	02:19:38.836	0.63473				2
2024.10.01	02:19:56.343	0.63471	0.63475			6
2024.10.01	02:20:00.357	0.63471				2
2024.10.01	02:20:03.123	0.63474	0.63477			6
2024.10.01	02:20:03.822		0.63478			4
2024.10.01	02:20:12.126	0.63473	0.63477			6
2024.10.01	02:20:12.857	0.63470	0.63474			6
2024.10.01	02:20:16.788		0.63473			4
2024.10.01	02:20:18.388		0.63472			4
2024.10.01	02:20:23.312		0.63473			4
2024.10.01	02:20:31.105	0.63474	0.63478			6
2024.10.01	02:21:00.060	0.63474				2
2024.10.01	02:21:00.422	0.63475	0.63479			6
2024.10.01	02:21:00.790	0.63474	0.63478			6
2024.10.01	02:21:16.601	0.63475				2
2024.10.01	02:21:39.927		0.63479			4
2024.10.01	02:21:40.981	0.63476				2
2024.10.01	02:21:41.589	0.63475				2
2024.10.01	02:21:45.044		0.63478			4
2024.10.01	02:21:57.836		0.63477			4
2024.10.01	02:22:00.419	0.63475	0.63478			6
2024.10.01	02:22:06.174	0.63470	0.63473			6
2024.10.01	02:22:16.793	0.63473	0.63475			6
2024.10.01	02:22:17.104	0.63476	0.63479			6
2024.10.01	02:22:19.645	0.63475	0.63478			6
2024.10.01	02:22:21.966		0.63479			4
2024.10.01	02:22:29.378		0.63478			4
2024.10.01	02:22:37.766	0.63477				2
2024.10.01	02:22:39.022	0.63475				2
2024.10.01	02:22:41.865	0.63476	0.63479			6
2024.10.01	02:22:48.071	0.63478	0.63482			6
2024.10.01	02:22:52.641	0.63481	0.63484			6
2024.10.01	02:22:58.617	0.63480				2
2024.10.01	02:22:59.983		0.63483			4
2024.10.01	02:23:00.308	0.63481	0.63485			6
2024.10.01	02:23:01.587		0.63484			4
2024.10.01	02:23:08.540	0.63480				2
2024.10.01	02:23:10.755	0.63479	0.63483			6
2024.10.01	02:23:11.367		0.63484			4
2024.10.01	02:23:11.700	0.63480				2
2024.10.01	02:23:12.773	0.63482				2
2024.10.01	02:23:15.427		0.63485			4
2024.10.01	02:23:15.905	0.63481	0.63484			6
2024.10.01	02:23:16.577		0.63485			4
2024.10.01	02:23:19.617	0.63480	0.63484			6
2024.10.01	02:23:22.560	0.63481	0.63485			6
2024.10.01	02:23:27.139	0.63480	0.63484			6
2024.10.01	02:23:51.052	0.63478	0.63483			6
2024.10.01	02:23:59.362	0.63479				2
2024.10.01	02:24:00.397	0.63480	0.63484			6
2024.10.01	02:24:02.149		0.63485			4
2024.10.01	02:24:02.611	0.63481				2
2024.10.01	02:24:04.167	0.63482				2
2024.10.01	02:24:06.923	0.63484	0.63489			6
2024.10.01	02:24:09.242		0.63488			4
2024.10.01	02:24:09.636		0.63489			4
2024.10.01	02:24:11.860	0.63483				2
2024.10.01	02:24:12.175	0.63486	0.63490			6
2024.10.01	02:24:12.485	0.63487				2
2024.10.01	02:24:12.814		0.63491			4
2024.10.01	02:24:14.128	0.63485	0.63489			6
2024.10.01	02:24:21.061	0.63482	0.63487			6
2024.10.01	02:24:24.354	0.63480	0.63486			6
2024.10.01	02:24:26.487		0.63484			4
2024.10.01	02:24:27.105	0.63479	0.63483			6
2024.10.01	02:24:27.416	0.63478				2
2024.10.01	02:24:39.984	0.63481	0.63485			6
2024.10.01	02:24:40.303		0.63486			4
2024.10.01	02:24:57.691		0.63485			4
2024.10.01	02:24:58.750		0.63486			4
2024.10.01	02:25:00.439	0.63484	0.63488			6
2024.10.01	02:25:02.008		0.63489			4
2024.10.01	02:25:10.346	0.63483				2
2024.10.01	02:25:13.102	0.63484				2
2024.10.01	02:25:37.338	0.63483	0.63488			6
2024.10.01	02:25:39.883	0.63481	0.63486			6
2024.10.01	02:25:58.052		0.63487			4
2024.10.01	02:26:00.424	0.63477	0.63482			6
2024.10.01	02:26:35.721	0.63479				2
2024.10.01	02:26:36.024	0.63477				2
2024.10.01	02:26:40.510	0.63475	0.63480			6
2024.10.01	02:26:56.830		0.63479			4
2024.10.01	02:27:00.363	0.63474				2
2024.10.01	02:27:25.300	0.63475				2
2024.10.01	02:27:25.605	0.63474				2
2024.10.01	02:27:27.111		0.63478			4
2024.10.01	02:27:30.741	0.63473	0.63477			6
2024.10.01	02:27:31.181	0.63475				2
2024.10.01	02:27:31.933	0.63471	0.63475			6
2024.10.01	02:27:32.259	0.63470	0.63474			6
2024.10.01	02:27:46.471	0.63469	0.63471			6
2024.10.01	02:27:49.790	0.63463	0.63467			6
2024.10.01	02:28:00.416	0.63465	0.63470			6
2024.10.01	02:28:00.885	0.63466				2
2024.10.01	02:28:01.473		0.63469			4
2024.10.01	02:28:07.621		0.63470			4
2024.10.01	02:28:08.158	0.63465	0.63469			6
2024.10.01	02:28:21.414	0.63466				2
2024.10.01	02:28:22.458	0.63465				2
2024.10.01	02:28:22.822	0.63466				2
2024.10.01	02:28:23.123	0.63465	0.63468			6
2024.10.01	02:28:32.643	0.63463	0.63466			6
2024.10.01	02:28:36.641	0.63462				2
2024.10.01	02:28:43.392	0.63460	0.63465			6
2024.10.01	02:28:45.519		0.63464			4
2024.10.01	02:28:46.408		0.63463			4
2024.10.01	02:28:49.814		0.63464			4
2024.10.01	02:29:00.463	0.63460				2
2024.10.01	02:29:10.592	0.63459	0.63463			6
2024.10.01	02:29:19.503	0.63457	0.63462			6
2024.10.01	02:29:22.723		0.63461			4
2024.10.01	02:29:28.181	0.63455	0.63460			6
2024.10.01	02:29:30.325		0.63459			4
2024.10.01	02:29:54.489		0.63460			4
2024.10.01	02:29:56.121	0.63457				2
2024.10.01	02:30:00.282	0.63457				2
2024.10.01	02:30:02.339	0.63459	0.63463			6
2024.10.01	02:30:02.643	0.63460				2
2024.10.01	02:30:03.775	0.63463	0.63466			6
2024.10.01	02:30:05.884	0.63462				2
2024.10.01	02:30:06.363	0.63463				2
2024.10.01	02:30:13.802		0.63467			4
2024.10.01	02:30:16.836	0.63464				2
2024.10.01	02:30:20.624	0.63465	0.63468			6
2024.10.01	02:30:32.015	0.63466	0.63469			6
2024.10.01	02:30:35.272	0.63464				2
2024.10.01	02:30:35.591		0.63468			4
2024.10.01	02:30:54.343	0.63465	0.63469			6
2024.10.01	02:30:55.065		0.63468			4
2024.10.01	02:30:56.712	0.63464				2
2024.10.01	02:30:58.817	0.63463				2
2024.10.01	02:30:59.122	0.63464	0.63467			6
2024.10.01	02:30:59.475		0.63468			4
2024.10.01	02:31:00.122	0.63464				2
2024.10.01	02:31:00.822	0.63463				2
2024.10.01	02:31:01.167	0.63462				2
2024.10.01	02:31:03.843		0.63467			4
2024.10.01	02:31:07.587	0.63463	0.63468			6
2024.10.01	02:31:10.648		0.63467			4
2024.10.01	02:31:10.963	0.63461	0.63464			6
2024.10.01	02:31:11.280	0.63460				2
2024.10.01	02:31:12.382		0.63463			4
2024.10.01	02:31:14.407		0.63464			4
2024.10.01	02:31:37.147	0.63461	0.63465			6
2024.10.01	02:31:40.314	0.63460	0.63464			6
2024.10.01	02:31:45.366	0.63459				2
2024.10.01	02:31:45.895	0.63458	0.63462			6
2024.10.01	02:31:58.536	0.63454	0.63458			6
2024.10.01	02:31:59.182	0.63451	0.63455			6
2024.10.01	02:31:59.532	0.63450				2
2024.10.01	02:32:00.359	0.63449	0.63453			6
2024.10.01	02:32:00.791		0.63454			4
2024.10.01	02:32:02.124		0.63453			4
2024.10.01	02:32:04.599	0.63456	0.63460			6
2024.10.01	02:32:04.909	0.63459	0.63462			6
2024.10.01	02:32:05.558		0.63463			4
2024.10.01	02:32:06.717	0.63462	0.63466			6
2024.10.01	02:32:07.074	0.63460	0.63464			6
2024.10.01	02:32:18.390	0.63463	0.63468			6
2024.10.01	02:32:20.432	0.63462				2
2024.10.01	02:32:20.828	0.63463				2
2024.10.01	02:32:22.264	0.63462				2
2024.10.01	02:32:22.609		0.63466			4
2024.10.01	02:32:23.757	0.63461				2
2024.10.01	02:32:24.163	0.63462				2
2024.10.01	02:32:24.801	0.63461				2
2024.10.01	02:32:25.226	0.63462				2
2024.10.01	02:32:25.533	0.63461				2
2024.10.01	02:32:27.369	0.63466	0.63470			6
2024.10.01	02:32:28.528	0.63467				2
2024.10.01	02:32:29.415	0.63466				2
2024.10.01	02:32:29.795	0.63467				2
2024.10.01	02:32:30.281	0.63466				2
2024.10.01	02:32:30.582	0.63467				2
2024.10.01	02:32:31.570	0.63466				2
2024.10.01	02:32:32.219	0.63467				2
2024.10.01	02:32:32.763	0.63466				2
2024.10.01	02:32:33.192	0.63469	0.63473			6
2024.10.01	02:32:34.502		0.63472			4
2024.10.01	02:32:37.646	0.63468				2
2024.10.01	02:32:39.489	0.63469	0.63473			6
2024.10.01	02:32:45.002	0.63468				2
2024.10.01	02:32:45.323		0.63472			4
2024.10.01	02:33:00.694	0.63468				2
2024.10.01	02:33:03.119		0.63473			4
2024.10.01	02:33:03.521		0.63472			4
2024.10.01	02:33:05.699		0.63473			4
2024.10.01	02:33:06.131		0.63472			4
2024.10.01	02:33:10.871		0.63473			4
2024.10.01	02:33:18.012		0.63472			4
2024.10.01	02:33:23.182		0.63473			4
2024.10.01	02:33:31.554		0.63472			4
2024.10.01	02:33:34.020		0.63473			4
2024.10.01	02:33:34.361		0.63472			4
2024.10.01	02:33:38.725	0.63464	0.63468			6
2024.10.01	02:33:39.611	0.63465				2
2024.10.01	02:33:49.359	0.63464				2
2024.10.01	02:33:49.906	0.63465				2
2024.10.01	02:33:50.847	0.63464				2
2024.10.01	02:33:53.279	0.63463				2
2024.10.01	02:33:56.864	0.63458	0.63462			6
2024.10.01	02:33:57.213		0.63463			4
2024.10.01	02:34:00.001	0.63458				2
2024.10.01	02:34:05.231	0.63459	0.63464			6
2024.10.01	02:34:05.543	0.63457	0.63462			6
2024.10.01	02:34:15.157		0.63461			4
2024.10.01	02:34:15.772		0.63462			4
2024.10.01	02:34:18.279		0.63461			4
2024.10.01	02:34:18.699	0.63459	0.63464			6
2024.10.01	02:34:19.003	0.63458	0.63462			6
2024.10.01	02:34:19.831	0.63457	0.63461			6
2024.10.01	02:34:25.219		0.63462			4
2024.10.01	02:34:25.556		0.63461			4
2024.10.01	02:34:26.078	0.63456	0.63460			6
2024.10.01	02:34:26.385		0.63461			4
2024.10.01	02:34:31.152		0.63460			4
2024.10.01	02:34:33.758	0.63457	0.63462			6
2024.10.01	02:34:34.976		0.63461			4
2024.10.01	02:34:35.584	0.63458	0.63462			6
2024.10.01	02:34:36.053	0.63457				2
2024.10.01	02:34:40.043	0.63458				2
2024.10.01	02:34:41.401	0.63457				2
2024.10.01	02:34:41.702		0.63461			4
2024.10.01	02:34:49.899		0.63462			4
2024.10.01	02:35:00.379	0.63457				2
2024.10.01	02:35:00.684	0.63456	0.63460			6
2024.10.01	02:35:02.635		0.63461			4
2024.10.01	02:35:04.227		0.63460			4
2024.10.01	02:35:11.700	0.63457	0.63462			6
2024.10.01	02:35:12.009		0.63463			4
2024.10.01	02:35:15.836	0.63458				2
2024.10.01	02:35:17.231	0.63457	0.63462			6
2024.10.01	02:35:18.263		0.63463			4
2024.10.01	02:35:19.022		0.63462			4
2024.10.01	02:35:20.195	0.63452	0.63457			6
2024.10.01	02:35:21.256	0.63453				2
2024.10.01	02:35:48.860		0.63458			4
2024.10.01	02:36:00.033	0.63453				2
2024.10.01	02:36:00.418	0.63455				2
2024.10.01	02:36:08.321	0.63452	0.63456			6
2024.10.01	02:36:09.369		0.63457			4
2024.10.01	02:36:15.307	0.63453				2
2024.10.01	02:36:15.674	0.63452	0.63456			6
2024.10.01	02:36:16.907	0.63451				2
2024.10.01	02:36:21.978	0.63452				2
2024.10.01	02:36:23.021	0.63451				2
2024.10.01	02:36:23.330	0.63452				2
2024.10.01	02:36:24.080	0.63451				2
2024.10.01	02:36:24.385	0.63452				2
2024.10.01	02:36:24.775	0.63451	0.63454			6
2024.10.01	02:36:25.197	0.63450				2
2024.10.01	02:36:26.257	0.63451	0.63455			6
2024.10.01	02:36:27.585	0.63449	0.63451			6
2024.10.01	02:36:27.891	0.63447	0.63450			6
2024.10.01	02:36:28.247	0.63446				2
2024.10.01	02:36:29.336	0.63447	0.63452			6
2024.10.01	02:36:29.639	0.63450	0.63455			6
2024.10.01	02:36:29.945	0.63451				2
2024.10.01	02:36:34.032		0.63453			4
2024.10.01	02:36:34.342	0.63449				2
2024.10.01	02:36:45.418	0.63450				2
2024.10.01	02:36:45.780	0.63449				2
2024.10.01	02:36:46.468	0.63451				2
2024.10.01	02:36:46.825	0.63449				2
2024.10.01	02:36:47.393	0.63450				2
2024.10.01	02:36:48.091	0.63449				2
2024.10.01	02:36:48.824	0.63452	0.63456			6
2024.10.01	02:36:56.375		0.63457			4
2024.10.01	02:37:00.030	0.63452				2
2024.10.01	02:37:05.977	0.63454	0.63458			6
2024.10.01	02:37:12.516	0.63453				2
2024.10.01	02:37:22.973	0.63454				2
2024.10.01	02:37:26.683	0.63453	0.63457			6
2024.10.01	02:37:27.160		0.63458			4
2024.10.01	02:37:30.735	0.63456	0.63460			6
2024.10.01	02:37:50.982	0.63455	0.63459			6
2024.10.01	02:37:55.507	0.63453	0.63458			6
2024.10.01	02:38:01.192	0.63453				2
2024.10.01	02:38:09.182		0.63457			4
2024.10.01	02:38:14.642		0.63459			4
2024.10.01	02:38:15.287		0.63458			4
2024.10.01	02:38:18.894	0.63455				2
2024.10.01	02:38:19.638	0.63456	0.63460			6
2024.10.01	02:38:25.786	0.63457	0.63461			6
2024.10.01	02:38:32.443	0.63456				2
2024.10.01	02:39:00.095	0.63456				2
2024.10.01	02:39:02.882	0.63460	0.63465			6
2024.10.01	02:39:03.203	0.63463	0.63468			6
2024.10.01	02:39:08.383	0.63462	0.63465			6
2024.10.01	02:39:09.389		0.63466			4
2024.10.01	02:39:14.217	0.63461				2
2024.10.01	02:39:22.514	0.63462				2
2024.10.01	02:39:24.205	0.63461				2
2024.10.01	02:39:28.920	0.63462				2
2024.10.01	02:39:31.111	0.63461				2
2024.10.01	02:39:39.471		0.63464			4
2024.10.01	02:39:50.402	0.63462				2
2024.10.01	02:39:51.360		0.63465			4
2024.10.01	02:39:52.376	0.63461				2
2024.10.01	02:39:52.748	0.63462				2
2024.10.01	02:39:53.093	0.63461				2
2024.10.01	02:39:53.542	0.63462				2
2024.10.01	02:39:53.901	0.63461				2
2024.10.01	02:39:54.807	0.63462	0.63466			6
2024.10.01	02:39:55.918	0.63461				2
2024.10.01	02:39:56.221	0.63462				2
2024.10.01	02:39:56.692	0.63461				2
2024.10.01	02:39:57.112	0.63462				2
2024.10.01	02:40:00.326	0.63462				2
2024.10.01	02:40:00.660	0.63461				2
2024.10.01	02:40:01.031	0.63462				2
2024.10.01	02:40:14.139		0.63467			4
2024.10.01	02:40:16.681		0.63466			4
2024.10.01	02:40:17.308	0.63463	0.63467			6
2024.10.01	02:40:17.993		0.63466			4
2024.10.01	02:40:18.457		0.63467			4
2024.10.01	02:40:19.376	0.63462	0.63466			6
2024.10.01	02:40:19.712	0.63463				2
2024.10.01	02:40:30.734	0.63462				2
2024.10.01	02:40:35.892	0.63465	0.63469			6
2024.10.01	02:40:37.451	0.63466				2
2024.10.01	02:40:37.886	0.63465				2
2024.10.01	02:40:40.878	0.63466				2
2024.10.01	02:40:41.556	0.63465				2
2024.10.01	02:40:42.418	0.63466				2
2024.10.01	02:40:43.568	0.63465				2
2024.10.01	02:40:43.891	0.63466				2
2024.10.01	02:40:45.087	0.63465				2
2024.10.01	02:40:45.436	0.63466				2
2024.10.01	02:40:46.271	0.63465				2
2024.10.01	02:40:56.587	0.63466	0.63470			6
2024.10.01	02:41:00.703	0.63466				2
2024.10.01	02:41:01.743	0.63465	0.63469			6
2024.10.01	02:41:18.642	0.63462	0.63465			6
2024.10.01	02:41:19.163	0.63461				2
2024.10.01	02:41:22.415		0.63464			4
2024.10.01	02:41:35.055		0.63465			4
2024.10.01	02:41:35.363	0.63460	0.63462			6
2024.10.01	02:41:40.010		0.63464			4
2024.10.01	02:41:50.646	0.63459	0.63463			6
2024.10.01	02:42:00.290	0.63459				2
2024.10.01	02:42:10.635	0.63460				2
2024.10.01	02:42:11.401	0.63459				2
2024.10.01	02:42:18.106	0.63460				2
2024.10.01	02:42:18.412	0.63459				2
2024.10.01	02:42:28.595	0.63460				2
2024.10.01	02:42:30.557	0.63461	0.63464			6
2024.10.01	02:42:30.927	0.63460				2
2024.10.01	02:42:42.763	0.63464	0.63468			6
2024.10.01	02:42:43.069		0.63469			4
2024.10.01	02:42:49.760	0.63465				2
2024.10.01	02:42:50.068	0.63464				2
2024.10.01	02:42:50.608	0.63465				2
2024.10.01	02:42:50.934	0.63464				2
2024.10.01	02:42:53.585	0.63466	0.63471			6
2024.10.01	02:42:54.374	0.63469	0.63473			6
2024.10.01	02:42:55.407	0.63470				2
2024.10.01	02:43:00.968	0.63472	0.63476			6
2024.10.01	02:43:02.837		0.63475			4
2024.10.01	02:43:05.781		0.63476			4
2024.10.01	02:43:06.224		0.63474			4
2024.10.01	02:43:06.526		0.63475			4
2024.10.01	02:43:07.212	0.63471				2
2024.10.01	02:43:09.265	0.63472				2
2024.10.01	02:43:10.270	0.63471				2
2024.10.01	02:43:10.823	0.63472				2
2024.10.01	02:43:11.314	0.63471				2
2024.10.01	02:43:12.823	0.63470	0.63474			6
2024.10.01	02:43:24.062	0.63469	0.63473			6
2024.10.01	02:43:30.452	0.63470				2
2024.10.01	02:43:30.881	0.63469				2
2024.10.01	02:43:33.161		0.63472			4
2024.10.01	02:43:40.996	0.63465	0.63469			6
2024.10.01	02:43:48.707	0.63468	0.63472			6
2024.10.01	02:43:49.737		0.63473			4
2024.10.01	02:43:54.445	0.63469				2
2024.10.01	02:43:54.805	0.63470				2
2024.10.01	02:43:57.260	0.63469	0.63472			6
2024.10.01	02:43:57.571		0.63473			4
2024.10.01	02:43:57.914	0.63467	0.63470			6
2024.10.01	02:43:58.216	0.63468	0.63472			6
2024.10.01	02:44:00.328	0.63468				2
2024.10.01	02:44:01.503		0.63471			4
2024.10.01	02:44:04.478	0.63467	0.63469			6
2024.10.01	02:44:07.515		0.63470			4
2024.10.01	02:44:08.161		0.63469			4
2024.10.01	02:44:13.112		0.63470			4
2024.10.01	02:44:14.169	0.63466				2
2024.10.01	02:44:14.549	0.63467	0.63472			6
2024.10.01	02:44:14.928	0.63468				2
2024.10.01	02:44:15.452	0.63465	0.63467			6
2024.10.01	02:44:15.961	0.63464				2
2024.10.01	02:44:16.302	0.63465	0.63468			6
2024.10.01	02:44:28.098	0.63464				2
2024.10.01	02:44:51.830	0.63465	0.63469			6
2024.10.01	02:44:52.172	0.63466				2
2024.10.01	02:44:58.667		0.63470			4
2024.10.01	02:45:00.116	0.63466				2
2024.10.01	02:45:00.456	0.63467				2
2024.10.01	02:45:01.294	0.63466				2
2024.10.01	02:45:01.602		0.63469			4
2024.10.01	02:45:02.612		0.63470			4
2024.10.01	02:45:22.436	0.63460	0.63465			6
2024.10.01	02:45:23.596	0.63459	0.63463			6
2024.10.01	02:45:26.412	0.63458	0.63462			6
2024.10.01	02:45:26.786	0.63456	0.63459			6
2024.10.01	02:45:31.387		0.63460			4
2024.10.01	02:45:32.680		0.63461			4
2024.10.01	02:45:33.255		0.63460			4
2024.10.01	02:45:44.904		0.63459			4
2024.10.01	02:45:46.462		0.63458			4
2024.10.01	02:45:50.718	0.63451	0.63455			6
2024.10.01	02:45:57.140	0.63452	0.63458			6
2024.10.01	02:46:02.409	0.63454				2
2024.10.01	02:46:07.864	0.63456	0.63460			6
2024.10.01	02:46:10.378		0.63461			4
2024.10.01	02:46:11.160		0.63460			4
2024.10.01	02:46:15.487		0.63461			4
2024.10.01	02:46:38.626	0.63457				2
2024.10.01	02:46:40.920	0.63456	0.63460			6
2024.10.01	02:46:52.944		0.63461			4
2024.10.01	02:47:03.182	0.63456				2
2024.10.01	02:47:58.179		0.63461			4
2024.10.01	02:48:05.313	0.63457	0.63462			6
2024.10.01	02:48:08.145		0.63463			4
2024.10.01	02:48:15.409	0.63458				2
2024.10.01	02:49:01.131	0.63458				2
2024.10.01	02:49:09.242		0.63463			4
2024.10.01	02:49:20.198		0.63462			4
2024.10.01	02:49:40.086	0.63455	0.63460			6
2024.10.01	02:49:41.281	0.63454				2
2024.10.01	02:49:42.020	0.63452	0.63456			6
2024.10.01	02:49:45.647	0.63446	0.63450			6
2024.10.01	02:49:49.986	0.63444				2
2024.10.01	02:49:56.826	0.63441	0.63446			6
2024.10.01	02:50:00.283	0.63441	0.63447			6
2024.10.01	02:50:00.975	0.63439	0.63445			6
2024.10.01	02:50:04.138	0.63440				2
2024.10.01	02:50:07.486	0.63439				2
2024.10.01	02:50:10.717	0.63440				2
2024.10.01	02:50:19.379	0.63436	0.63440			6
2024.10.01	02:50:19.957	0.63435				2
2024.10.01	02:50:20.430		0.63441			4
2024.10.01	02:50:20.890	0.63439	0.63444			6
2024.10.01	02:50:21.977		0.63443			4
2024.10.01	02:50:29.072	0.63440				2
2024.10.01	02:50:47.804		0.63444			4
2024.10.01	02:50:49.500		0.63443			4
2024.10.01	02:51:00.358	0.63440				2
2024.10.01	02:51:01.357	0.63441				2
2024.10.01	02:51:07.419	0.63440				2
2024.10.01	02:51:09.827	0.63441	0.63445			6
2024.10.01	02:51:10.890		0.63443			4
2024.10.01	02:51:15.799	0.63440				2
2024.10.01	02:51:43.159	0.63441	0.63446			6
2024.10.01	02:51:45.000		0.63445			4
2024.10.01	02:51:57.975		0.63446			4
2024.10.01	02:51:59.777		0.63445			4
2024.10.01	02:52:00.832	0.63441				2
2024.10.01	02:52:02.377	0.63444	0.63449			6
2024.10.01	02:52:03.650	0.63446	0.63450			6
2024.10.01	02:52:03.963	0.63450	0.63455			6
2024.10.01	02:52:04.940	0.63449				2
2024.10.01	02:52:12.651	0.63450				2
2024.10.01	02:52:18.748	0.63451	0.63456			6
2024.10.01	02:52:20.471	0.63450				2
2024.10.01	02:52:28.410	0.63451				2
2024.10.01	02:52:29.394	0.63450	0.63455			6
2024.10.01	02:52:39.817		0.63456			4
2024.10.01	02:52:47.871		0.63455			4
2024.10.01	02:52:53.191	0.63451	0.63456			6
2024.10.01	02:52:54.676	0.63450	0.63455			6
2024.10.01	02:53:00.887	0.63450				2
2024.10.01	02:53:24.070	0.63451	0.63456			6
2024.10.01	02:53:27.861		0.63455			4
2024.10.01	02:53:30.468	0.63450				2
2024.10.01	02:53:43.674	0.63451	0.63456			6
2024.10.01	02:53:46.182	0.63453	0.63457			6
2024.10.01	02:53:46.515	0.63454	0.63459			6
2024.10.01	02:54:01.190	0.63454				2
2024.10.01	02:54:11.633	0.63451	0.63455			6
2024.10.01	02:54:12.653	0.63450				2
2024.10.01	02:54:13.055		0.63454			4
2024.10.01	02:54:13.411		0.63455			4
2024.10.01	02:54:22.471	0.63452	0.63458			6
2024.10.01	02:54:31.139	0.63454	0.63459			6
2024.10.01	02:54:49.125	0.63456	0.63461			6
2024.10.01	02:54:49.580		0.63460			4
2024.10.01	02:54:50.349		0.63461			4
2024.10.01	02:54:51.598		0.63460			4
2024.10.01	02:54:52.402	0.63458	0.63463			6
2024.10.01	02:54:52.737		0.63462			4
2024.10.01	02:54:57.149	0.63461	0.63466			6
2024.10.01	02:54:59.118	0.63460	0.63464			6
2024.10.01	02:54:59.769		0.63465			4
2024.10.01	02:55:00.161	0.63460				2
2024.10.01	02:55:00.905		0.63464			4
2024.10.01	02:55:01.215	0.63459	0.63463			6
2024.10.01	02:55:10.920	0.63458				2
2024.10.01	02:55:20.701	0.63457	0.63459			6
2024.10.01	02:55:21.251		0.63460			4
2024.10.01	02:55:23.378		0.63461			4
2024.10.01	02:55:24.602	0.63456	0.63460			6
2024.10.01	02:55:26.982		0.63461			4
2024.10.01	02:55:27.695	0.63457				2
2024.10.01	02:55:28.995		0.63462			4
2024.10.01	02:55:31.221		0.63463			4
2024.10.01	02:55:33.308	0.63455	0.63458			6
2024.10.01	02:55:35.395	0.63456	0.63460			6
2024.10.01	02:55:38.663	0.63457	0.63462			6
2024.10.01	02:55:43.903		0.63463			4
2024.10.01	02:55:47.411	0.63458				2
2024.10.01	02:55:48.565		0.63464			4
2024.10.01	02:55:48.911		0.63463			4
2024.10.01	02:55:50.341		0.63462			4
2024.10.01	02:55:54.040	0.63459				2
2024.10.01	02:55:55.755	0.63460	0.63465			6
2024.10.01	02:55:56.231	0.63461				2
2024.10.01	02:55:56.714	0.63462	0.63466			6
2024.10.01	02:55:58.651	0.63461	0.63465			6
2024.10.01	02:56:00.280	0.63461				2
2024.10.01	02:56:02.646		0.63463			4
2024.10.01	02:56:02.964	0.63459	0.63462			6
2024.10.01	02:56:07.732		0.63461			4
2024.10.01	02:56:14.315	0.63458				2
2024.10.01	02:56:22.708	0.63455	0.63458			6
2024.10.01	02:56:24.629		0.63460			4
2024.10.01	02:56:27.110		0.63459			4
2024.10.01	02:56:32.431		0.63460			4
2024.10.01	02:56:36.533		0.63459			4
2024.10.01	02:56:44.439		0.63458			4
2024.10.01	02:56:47.206	0.63454	0.63457			6
2024.10.01	02:56:47.668	0.63450	0.63453			6
2024.10.01	02:56:50.717	0.63448	0.63452			6
2024.10.01	02:56:55.798	0.63449	0.63453			6
2024.10.01	02:56:59.185	0.63450	0.63455			6
2024.10.01	02:57:00.235	0.63450				2
2024.10.01	02:57:06.369	0.63449	0.63452			6
2024.10.01	02:57:25.718	0.63450	0.63454			6
2024.10.01	02:57:29.406	0.63446	0.63449			6
2024.10.01	02:57:31.754	0.63444	0.63447			6
2024.10.01	02:57:34.300	0.63445				2
2024.10.01	02:57:40.542	0.63444				2
2024.10.01	02:57:40.893	0.63445				2
2024.10.01	02:57:45.673		0.63449			4
2024.10.01	02:57:50.942	0.63446				2
2024.10.01	02:58:05.363	0.63445				2
2024.10.01	02:58:06.790	0.63444	0.63448			6
2024.10.01	02:58:09.986	0.63442	0.63445			6
2024.10.01	02:58:10.632		0.63446			4
2024.10.01	02:58:12.757		0.63447			4
2024.10.01	02:58:14.127		0.63446			4
2024.10.01	02:58:16.965	0.63441	0.63445			6
2024.10.01	02:58:17.978	0.63442				2
2024.10.01	02:58:21.800		0.63446			4
2024.10.01	02:58:25.080		0.63447			4
2024.10.01	02:58:28.344	0.63441	0.63445			6
2024.10.01	02:58:28.652		0.63444			4
2024.10.01	02:58:36.377	0.63442	0.63445			6
2024.10.01	02:58:40.028	0.63441	0.63444			6
2024.10.01	02:58:41.770	0.63442				2
2024.10.01	02:58:44.008		0.63445			4
2024.10.01	02:58:45.380	0.63441	0.63444			6
2024.10.01	02:58:45.725		0.63445			4
2024.10.01	02:58:50.244		0.63444			4
2024.10.01	02:58:52.988		0.63445			4
2024.10.01	02:58:53.784		0.63444			4
2024.10.01	02:58:59.096		0.63445			4
2024.10.01	02:59:01.387	0.63442				2
2024.10.01	02:59:02.054	0.63441				2
2024.10.01	02:59:03.454	0.63442				2
2024.10.01	02:59:03.778	0.63441				2
2024.10.01	02:59:06.335	0.63442				2
2024.10.01	02:59:06.691	0.63441				2
2024.10.01	02:59:17.439	0.63442				2
2024.10.01	02:59:23.706	0.63441				2
2024.10.01	02:59:24.017	0.63442				2
2024.10.01	02:59:31.300	0.63445	0.63449			6
2024.10.01	02:59:36.297	0.63444				2
2024.10.01	02:59:36.603	0.63445				2
2024.10.01	02:59:42.861	0.63446	0.63450			6
2024.10.01	02:59:44.581	0.63445	0.63449			6
2024.10.01	02:59:47.841	0.63444	0.63447			6
2024.10.01	02:59:51.707		0.63448			4
2024.10.01	02:59:57.098	0.63446	0.63450			6
2024.10.01	02:59:57.404	0.63445	0.63449			6
2024.10.01	02:59:58.819		0.63450			4
2024.10.01	03:00:00.316	0.63445	0.63449			6
2024.10.01	03:00:01.126	0.63449	0.63450			6
2024.10.01	03:00:01.441	0.63445	0.63449			6
2024.10.01	03:00:02.239	0.63446				2
2024.10.01	03:00:04.311	0.63447				2
2024.10.01	03:00:04.612	0.63446	0.63448			6
2024.10.01	03:00:04.927		0.63449			4
2024.10.01	03:00:06.294	0.63443	0.63445			6
2024.10.01	03:00:06.600	0.63442				2
2024.10.01	03:00:07.399	0.63441	0.63443			6
2024.10.01	03:00:08.723	0.63439	0.63442			6
2024.10.01	03:00:09.362	0.63440				2
2024.10.01	03:00:09.748	0.63439	0.63440			6
2024.10.01	03:00:10.051	0.63438	0.63441			6
2024.10.01	03:00:10.360		0.63440			4
2024.10.01	03:00:10.742	0.63433	0.63438			6
2024.10.01	03:00:11.470	0.63436	0.63441			6
2024.10.01	03:00:12.490	0.63438	0.63442			6
2024.10.01	03:00:12.828	0.63437				2
2024.10.01	03:00:13.159	0.63438				2
2024.10.01	03:00:14.490	0.63439				2
2024.10.01	03:00:16.750	0.63436	0.63438			6
2024.10.01	03:00:17.079		0.63439			4
2024.10.01	03:00:19.765		0.63440			4
2024.10.01	03:00:20.428		0.63439			4
2024.10.01	03:00:21.365	0.63440	0.63444			6
2024.10.01	03:00:21.825		0.63442			4
2024.10.01	03:00:22.358		0.63444			4
2024.10.01	03:00:23.023		0.63443			4
2024.10.01	03:00:23.584	0.63442	0.63444			6
2024.10.01	03:00:24.366	0.63443				2
2024.10.01	03:00:24.691	0.63442				2
2024.10.01	03:00:27.732	0.63443				2
2024.10.01	03:00:28.066	0.63442				2
2024.10.01	03:00:29.399	0.63441	0.63445			6
2024.10.01	03:00:29.702	0.63443	0.63447			6
2024.10.01	03:00:30.021	0.63444	0.63448			6
2024.10.01	03:00:30.326	0.63443				2
2024.10.01	03:00:31.178	0.63444				2
2024.10.01	03:00:31.649	0.63445				2
2024.10.01	03:00:32.231	0.63444				2
2024.10.01	03:00:33.160	0.63445				2
2024.10.01	03:00:38.978	0.63442	0.63444			6
2024.10.01	03:00:40.582		0.63446			4
2024.10.01	03:00:40.887	0.63443	0.63447			6
2024.10.01	03:00:42.350	0.63445	0.63449			6
2024.10.01	03:00:45.245		0.63448			4
2024.10.01	03:00:46.625	0.63446	0.63449			6
2024.10.01	03:00:47.492	0.63448	0.63450			6
2024.10.01	03:00:49.189	0.63449	0.63452			6
2024.10.01	03:00:49.501	0.63450				2
2024.10.01	03:00:51.252	0.63448	0.63449			6
2024.10.01	03:00:51.559	0.63446				2
2024.10.01	03:00:53.233		0.63448			4
2024.10.01	03:00:54.845	0.63441	0.63443			6
2024.10.01	03:00:55.165	0.63440	0.63442			6
2024.10.01	03:00:56.299	0.63439				2
2024.10.01	03:00:56.602	0.63440				2
2024.10.01	03:00:57.004	0.63439				2
2024.10.01	03:00:57.405	0.63440				2
2024.10.01	03:00:58.567	0.63442	0.63444			6
2024.10.01	03:01:00.209	0.63442	0.63443			6
2024.10.01	03:01:00.681	0.63441				2
2024.10.01	03:01:01.011	0.63440	0.63442			6
2024.10.01	03:01:01.403	0.63439				2
2024.10.01	03:01:02.259		0.63443			4
2024.10.01	03:01:02.564		0.63442			4
2024.10.01	03:01:03.530	0.63440	0.63443			6
2024.10.01	03:01:03.871	0.63439				2
2024.10.01	03:01:06.684	0.63441	0.63444			6
2024.10.01	03:01:11.556	0.63438	0.63443			6
2024.10.01	03:01:14.233	0.63439				2
2024.10.01	03:01:15.769		0.63444			4
2024.10.01	03:01:16.419	0.63440				2
2024.10.01	03:01:16.720	0.63439	0.63443			6
2024.10.01	03:01:17.029		0.63444			4
2024.10.01	03:01:17.581	0.63436	0.63439			6
2024.10.01	03:01:17.883	0.63435				2
2024.10.01	03:01:18.203	0.63434	0.63437			6
2024.10.01	03:01:18.850		0.63438			4
2024.10.01	03:01:19.253		0.63437			4
2024.10.01	03:01:20.276	0.63436	0.63439			6
2024.10.01	03:01:20.584	0.63437	0.63440			6
2024.10.01	03:01:22.305	0.63439	0.63442			6
2024.10.01	03:01:22.638		0.63441			4
2024.10.01	03:01:23.026	0.63436	0.63439			6
2024.10.01	03:01:23.341	0.63438				2
2024.10.01	03:01:23.781	0.63437				2
2024.10.01	03:01:24.512	0.63439	0.63442			6
2024.10.01	03:01:24.822	0.63440				2
2024.10.01	03:01:26.689	0.63441				2
2024.10.01	03:01:27.249		0.63443			4
2024.10.01	03:01:27.851	0.63445	0.63446			6
2024.10.01	03:01:28.754	0.63448	0.63450			6
2024.10.01	03:01:29.114	0.63447				2
2024.10.01	03:01:30.184	0.63449	0.63451			6
2024.10.01	03:01:30.486	0.63450	0.63452			6
2024.10.01	03:01:30.795	0.63449	0.63451			6
2024.10.01	03:01:31.119	0.63448				2
2024.10.01	03:01:32.719		0.63452			4
2024.10.01	03:01:33.068	0.63449				2
2024.10.01	03:01:35.124	0.63448	0.63451			6
2024.10.01	03:01:35.451	0.63447				2
2024.10.01	03:01:35.767	0.63449	0.63452			6
2024.10.01	03:01:36.114		0.63453			4
2024.10.01	03:01:36.424	0.63450				2
2024.10.01	03:01:39.514	0.63449				2
2024.10.01	03:01:40.029	0.63450				2
2024.10.01	03:01:40.771	0.63449				2
2024.10.01	03:01:41.096	0.63450				2
2024.10.01	03:01:43.011	0.63451				2
2024.10.01	03:01:44.060	0.63450				2
2024.10.01	03:01:44.628	0.63451				2
2024.10.01	03:01:45.001	0.63450				2
2024.10.01	03:01:45.556	0.63451				2
2024.10.01	03:01:46.265	0.63450				2
2024.10.01	03:01:46.607	0.63451				2
2024.10.01	03:01:48.589	0.63450				2
2024.10.01	03:01:48.925	0.63449				2
2024.10.01	03:01:49.322	0.63450				2
2024.10.01	03:01:50.149	0.63449				2
2024.10.01	03:01:50.623	0.63450				2
2024.10.01	03:01:52.748	0.63449				2
2024.10.01	03:01:53.107	0.63450				2
2024.10.01	03:01:58.676	0.63449				2
2024.10.01	03:01:59.393	0.63448				2
2024.10.01	03:01:59.798	0.63450				2
2024.10.01	03:02:00.108	0.63449				2
2024.10.01	03:02:00.414	0.63450				2
2024.10.01	03:02:00.751	0.63449	0.63452			6
2024.10.01	03:02:01.613	0.63444	0.63448			6
2024.10.01	03:02:01.942	0.63449	0.63452			6
2024.10.01	03:02:02.325	0.63444	0.63448			6
2024.10.01	03:02:02.755	0.63445				2
2024.10.01	03:02:03.059	0.63444	0.63447			6
2024.10.01	03:02:03.906	0.63440	0.63443			6
2024.10.01	03:02:04.223	0.63441				2
2024.10.01	03:02:04.599		0.63445			4
2024.10.01	03:02:04.904	0.63440	0.63443			6
2024.10.01	03:02:05.235		0.63442			4
2024.10.01	03:02:06.324	0.63442	0.63447			6
2024.10.01	03:02:06.709	0.63443				2
2024.10.01	03:02:07.215	0.63444				2
2024.10.01	03:02:07.570	0.63443				2
2024.10.01	03:02:08.528		0.63445			4
2024.10.01	03:02:08.836	0.63440	0.63444			6
2024.10.01	03:02:09.148	0.63439	0.63441			6
2024.10.01	03:02:09.454	0.63438				2
2024.10.01	03:02:10.291	0.63437	0.63440			6
2024.10.01	03:02:10.605	0.63438				2
2024.10.01	03:02:11.269	0.63437	0.63438			6
2024.10.01	03:02:11.585	0.63436				2
2024.10.01	03:02:11.918	0.63437	0.63439			6
2024.10.01	03:02:12.272	0.63436				2
2024.10.01	03:02:12.667		0.63437			4
2024.10.01	03:02:12.991		0.63438			4
2024.10.01	03:02:13.300	0.63437				2
2024.10.01	03:02:14.669	0.63438	0.63440			6
2024.10.01	03:02:14.981	0.63436	0.63439			6
2024.10.01	03:02:15.975	0.63437				2
2024.10.01	03:02:16.280	0.63436				2
2024.10.01	03:02:16.688	0.63437				2
2024.10.01	03:02:17.316	0.63436				2
2024.10.01	03:02:17.620	0.63437	0.63438			6
2024.10.01	03:02:18.306	0.63436				2
2024.10.01	03:02:18.638	0.63437				2
2024.10.01	03:02:19.118	0.63436				2
2024.10.01	03:02:19.440		0.63437			4
2024.10.01	03:02:19.963	0.63435	0.63438			6
2024.10.01	03:02:20.266	0.63434				2
2024.10.01	03:02:21.554	0.63435				2
2024.10.01	03:02:21.958	0.63434				2
2024.10.01	03:02:22.338	0.63435				2
2024.10.01	03:02:22.979	0.63434				2
2024.10.01	03:02:23.859		0.63437			4
2024.10.01	03:02:24.513		0.63438			4
2024.10.01	03:02:24.837	0.63431	0.63433			6
2024.10.01	03:02:25.483	0.63430	0.63434			6
2024.10.01	03:02:25.866	0.63431	0.63433			6
2024.10.01	03:02:26.349		0.63434			4
2024.10.01	03:02:27.623	0.63435	0.63439			6
2024.10.01	03:02:28.361	0.63436				2
2024.10.01	03:02:28.922	0.63434	0.63438			6
2024.10.01	03:02:29.601	0.63436				2
2024.10.01	03:02:30.149	0.63435				2
2024.10.01	03:02:33.008	0.63434				2
2024.10.01	03:02:33.924		0.63437			4
2024.10.01	03:02:34.509		0.63438			4
2024.10.01	03:02:34.836	0.63435				2
2024.10.01	03:02:36.022	0.63434				2
2024.10.01	03:02:36.481	0.63435				2
2024.10.01	03:02:38.224	0.63439	0.63443			6
2024.10.01	03:02:38.536	0.63440	0.63444			6
2024.10.01	03:02:39.247	0.63439				2
2024.10.01	03:02:40.017	0.63441				2
2024.10.01	03:02:40.366	0.63442	0.63445			6
2024.10.01	03:02:40.683	0.63444	0.63448			6
2024.10.01	03:02:41.705	0.63445				2
2024.10.01	03:02:42.011	0.63444				2
2024.10.01	03:02:43.695	0.63445				2
2024.10.01	03:02:44.348	0.63444				2
2024.10.01	03:02:44.745	0.63445				2
2024.10.01	03:02:45.050	0.63444				2
2024.10.01	03:02:45.663	0.63448	0.63452			6
2024.10.01	03:02:46.797	0.63447	0.63450			6
2024.10.01	03:02:48.905		0.63451			4
2024.10.01	03:02:49.580		0.63450			4
2024.10.01	03:02:52.452		0.63451			4
2024.10.01	03:02:52.769		0.63450			4
2024.10.01	03:02:53.447		0.63451			4
2024.10.01	03:02:53.767	0.63448	0.63452			6
2024.10.01	03:02:54.771	0.63449				2
2024.10.01	03:02:55.102	0.63448	0.63454			6
2024.10.01	03:02:55.413		0.63452			4
2024.10.01	03:02:55.750	0.63449	0.63454			6
2024.10.01	03:02:57.278		0.63453			4
2024.10.01	03:02:58.088		0.63454			4
2024.10.01	03:02:58.844		0.63453			4
2024.10.01	03:02:59.950		0.63454			4
2024.10.01	03:03:00.261	0.63449				2
2024.10.01	03:03:00.589		0.63453			4
2024.10.01	03:03:01.622	0.63448	0.63452			6
2024.10.01	03:03:02.244	0.63453	0.63457			6
2024.10.01	03:03:02.899	0.63454	0.63458			6
2024.10.01	03:03:04.248		0.63457			4
2024.10.01	03:03:05.367	0.63455	0.63458			6
2024.10.01	03:03:05.893	0.63454				2
2024.10.01	03:03:06.619	0.63453	0.63457			6
2024.10.01	03:03:06.924		0.63458			4
2024.10.01	03:03:08.388		0.63457			4
2024.10.01	03:03:09.326	0.63454	0.63458			6
2024.10.01	03:03:10.409		0.63455			4
2024.10.01	03:03:10.722	0.63450	0.63453			6
2024.10.01	03:03:11.390	0.63449				2
2024.10.01	03:03:11.699	0.63448				2
2024.10.01	03:03:12.068	0.63449				2
2024.10.01	03:03:12.374	0.63448				2
2024.10.01	03:03:14.541	0.63449				2
2024.10.01	03:03:15.896	0.63450				2
2024.10.01	03:03:16.261	0.63449				2
2024.10.01	03:03:21.450		0.63454			4
2024.10.01	03:03:22.918		0.63453			4
2024.10.01	03:03:23.219		0.63454			4
2024.10.01	03:03:27.305	0.63450	0.63453			6
2024.10.01	03:03:28.713		0.63454			4
2024.10.01	03:03:31.870	0.63449	0.63453			6
2024.10.01	03:03:32.962		0.63452			4
2024.10.01	03:03:33.268	0.63448				2
2024.10.01	03:03:33.671	0.63449				2
2024.10.01	03:03:33.981	0.63448				2
2024.10.01	03:03:34.402	0.63447	0.63449			6
2024.10.01	03:03:34.714	0.63446	0.63450			6
2024.10.01	03:03:35.173	0.63448				2
2024.10.01	03:03:35.478	0.63447				2
2024.10.01	03:03:35.830	0.63448				2
2024.10.01	03:03:36.134	0.63446				2
2024.10.01	03:03:40.986	0.63448	0.63451			6
2024.10.01	03:03:41.640	0.63453	0.63457			6
2024.10.01	03:03:43.169	0.63455	0.63458			6
2024.10.01	03:03:43.572	0.63454				2
2024.10.01	03:03:44.023	0.63455				2
2024.10.01	03:03:45.773	0.63456				2
2024.10.01	03:03:47.123	0.63455				2
2024.10.01	03:03:48.457	0.63454				2
2024.10.01	03:03:48.830	0.63455				2
2024.10.01	03:03:49.137	0.63454				2
2024.10.01	03:03:49.474	0.63455				2
2024.10.01	03:03:49.799	0.63454				2
2024.10.01	03:03:51.998	0.63455				2
2024.10.01	03:03:52.623		0.63459			4
2024.10.01	03:03:54.950	0.63458	0.63461			6
2024.10.01	03:03:55.254	0.63460	0.63463			6
2024.10.01	03:03:55.557		0.63464			4
2024.10.01	03:03:56.093	0.63462	0.63466			6
2024.10.01	03:03:56.403		0.63467			4
2024.10.01	03:03:56.770	0.63463				2
2024.10.01	03:03:58.818	0.63464	0.63469			6
2024.10.01	03:04:00.031	0.63465				2
2024.10.01	03:04:00.389	0.63466				2
2024.10.01	03:04:00.987	0.63465				2
2024.10.01	03:04:01.376	0.63464	0.63468			6
2024.10.01	03:04:01.766	0.63468	0.63471			6
2024.10.01	03:04:04.623	0.63465	0.63469			6
2024.10.01	03:04:04.931		0.63468			4
2024.10.01	03:04:05.729		0.63469			4
2024.10.01	03:04:06.427	0.63466				2
2024.10.01	03:04:06.729	0.63465				2
2024.10.01	03:04:07.761	0.63466				2
2024.10.01	03:04:08.330	0.63465				2
2024.10.01	03:04:10.295	0.63466				2
2024.10.01	03:04:10.597	0.63457	0.63461			6
2024.10.01	03:04:10.904	0.63454	0.63459			6
2024.10.01	03:04:11.221	0.63459	0.63461			6
2024.10.01	03:04:11.840	0.63458				2
2024.10.01	03:04:12.175	0.63459				2
2024.10.01	03:04:12.491		0.63462			4
2024.10.01	03:04:14.646	0.63460	0.63463			6
2024.10.01	03:04:15.829	0.63461	0.63465			6
2024.10.01	03:04:16.140	0.63460	0.63463			6
2024.10.01	03:04:16.541	0.63461				2
2024.10.01	03:04:16.844	0.63460				2
2024.10.01	03:04:17.924	0.63459				2
2024.10.01	03:04:18.712	0.63460				2
2024.10.01	03:04:19.543		0.63462			4
2024.10.01	03:04:19.853	0.63459				2
2024.10.01	03:04:21.264	0.63464	0.63466			6
2024.10.01	03:04:21.594	0.63463	0.63467			6
2024.10.01	03:04:22.261	0.63464				2
2024.10.01	03:04:23.525	0.63463				2
2024.10.01	03:04:24.372	0.63462	0.63463			6
2024.10.01	03:04:25.686		0.63465			4
2024.10.01	03:04:28.263	0.63465	0.63467			6
2024.10.01	03:04:31.032	0.63463				2
2024.10.01	03:04:33.359	0.63465				2
2024.10.01	03:04:34.169	0.63464	0.63466			6
2024.10.01	03:04:46.081		0.63467			4
2024.10.01	03:04:47.645	0.63465	0.63468			6
2024.10.01	03:04:48.373	0.63468	0.63470			6
2024.10.01	03:04:48.716		0.63471			4
2024.10.01	03:04:49.459		0.63470			4
2024.10.01	03:04:51.252		0.63469			4
2024.10.01	03:04:51.991	0.63467				2
2024.10.01	03:04:52.880	0.63465	0.63467			6
2024.10.01	03:04:54.681	0.63464	0.63466			6
2024.10.01	03:04:57.404	0.63465	0.63468			6
2024.10.01	03:04:58.377	0.63466				2
2024.10.01	03:05:00.284	0.63465				2
2024.10.01	03:05:00.904	0.63468	0.63471			6
2024.10.01	03:05:03.094	0.63469	0.63472			6
2024.10.01	03:05:03.422		0.63473			4
2024.10.01	03:05:04.274	0.63472	0.63475			6
2024.10.01	03:05:05.444	0.63473	0.63476			6
2024.10.01	03:05:06.252	0.63472				2
2024.10.01	03:05:06.582		0.63474			4
2024.10.01	03:05:06.979	0.63471	0.63475			6
2024.10.01	03:05:07.370		0.63474			4
2024.10.01	03:05:12.626	0.63472	0.63476			6
2024.10.01	03:05:16.015	0.63470	0.63474			6
2024.10.01	03:05:16.328	0.63471				2
2024.10.01	03:05:21.425	0.63472	0.63476			6
2024.10.01	03:05:23.600	0.63474	0.63478			6
2024.10.01	03:05:25.854		0.63477			4
2024.10.01	03:05:27.550	0.63473	0.63476			6
2024.10.01	03:05:27.879		0.63475			4
2024.10.01	03:05:28.182	0.63470	0.63473			6
2024.10.01	03:05:30.323	0.63473	0.63476			6
2024.10.01	03:05:32.162		0.63475			4
2024.10.01	03:05:32.508		0.63476			4
2024.10.01	03:05:32.873	0.63469	0.63472			6
2024.10.01	03:05:33.183	0.63470	0.63473			6
2024.10.01	03:05:41.348	0.63468	0.63470			6
2024.10.01	03:05:41.668	0.63466	0.63468			6
2024.10.01	03:05:42.620		0.63467			4
2024.10.01	03:05:43.001		0.63468			4
2024.10.01	03:05:44.797	0.63465	0.63469			6
2024.10.01	03:05:46.915	0.63468	0.63472			6
2024.10.01	03:05:47.220		0.63471			4
2024.10.01	03:05:48.302		0.63472			4
2024.10.01	03:05:48.668	0.63466	0.63468			6
2024.10.01	03:05:48.978	0.63462	0.63464			6
2024.10.01	03:05:49.289	0.63464	0.63467			6
2024.10.01	03:05:50.491	0.63465				2
2024.10.01	03:05:50.966		0.63469			4
2024.10.01	03:05:51.273	0.63467	0.63471			6
2024.10.01	03:05:51.674	0.63468	0.63469			6
2024.10.01	03:05:51.981	0.63466				2
2024.10.01	03:05:53.813		0.63470			4
2024.10.01	03:05:54.485	0.63467	0.63471			6
2024.10.01	03:05:55.545	0.63468				2
2024.10.01	03:05:55.911		0.63472			4
2024.10.01	03:05:56.903	0.63469				2
2024.10.01	03:05:57.792	0.63467	0.63470			6
2024.10.01	03:05:58.462		0.63469			4
2024.10.01	03:05:58.765	0.63466				2
2024.10.01	03:05:59.778		0.63468			4
2024.10.01	03:06:00.416	0.63466	0.63469			6
2024.10.01	03:06:00.831	0.63464	0.63468			6
2024.10.01	03:06:01.147		0.63467			4
2024.10.01	03:06:01.620		0.63468			4
2024.10.01	03:06:02.247		0.63467			4
2024.10.01	03:06:07.007		0.63468			4
2024.10.01	03:06:09.245	0.63465				2
2024.10.01	03:06:09.670	0.63464				2
2024.10.01	03:06:10.595	0.63466	0.63469			6
2024.10.01	03:06:10.989	0.63465	0.63468			6
2024.10.01	03:06:11.293	0.63467	0.63469			6
2024.10.01	03:06:11.606	0.63466				2
2024.10.01	03:06:12.039		0.63468			4
2024.10.01	03:06:14.722	0.63465				2
2024.10.01	03:06:15.557	0.63466				2
2024.10.01	03:06:15.993	0.63465				2
2024.10.01	03:06:16.295	0.63466				2
2024.10.01	03:06:16.605	0.63465				2
2024.10.01	03:06:16.916	0.63464	0.63469			6
2024.10.01	03:06:17.810		0.63468			4
2024.10.01	03:06:19.498		0.63469			4
2024.10.01	03:06:21.494		0.63467			4
2024.10.01	03:06:22.315	0.63460	0.63463			6
2024.10.01	03:06:25.617	0.63458	0.63462			6
2024.10.01	03:06:25.981	0.63457	0.63461			6
2024.10.01	03:06:26.592	0.63458	0.63462			6
2024.10.01	03:06:27.527		0.63463			4
2024.10.01	03:06:34.761	0.63460				2
2024.10.01	03:06:36.031	0.63461	0.63466			6
2024.10.01	03:06:36.365	0.63463				2
2024.10.01	03:06:36.683	0.63462	0.63465			6
2024.10.01	03:06:37.550	0.63461	0.63463			6
2024.10.01	03:06:38.337	0.63460	0.63464			6
2024.10.01	03:06:39.144	0.63459	0.63463			6
2024.10.01	03:06:39.856	0.63458	0.63461			6
2024.10.01	03:06:40.237		0.63460			4
2024.10.01	03:06:40.571		0.63461			4
2024.10.01	03:06:40.881		0.63460			4
2024.10.01	03:06:43.139		0.63461			4
2024.10.01	03:06:43.443		0.63460			4
2024.10.01	03:06:43.761		0.63461			4
2024.10.01	03:06:44.196	0.63459	0.63464			6
2024.10.01	03:06:45.305	0.63460				2
2024.10.01	03:06:50.385	0.63461				2
2024.10.01	03:06:50.688	0.63462	0.63466			6
2024.10.01	03:06:51.739	0.63463	0.63468			6
2024.10.01	03:06:53.082	0.63465	0.63469			6
2024.10.01	03:06:56.275	0.63463	0.63467			6
2024.10.01	03:06:56.706	0.63462	0.63465			6
2024.10.01	03:06:57.040		0.63466			4
2024.10.01	03:06:57.675	0.63463	0.63467			6
2024.10.01	03:06:58.625	0.63462	0.63466			6
2024.10.01	03:07:00.095	0.63462				2
2024.10.01	03:07:00.416		0.63465			4
2024.10.01	03:07:01.458	0.63459	0.63463			6
2024.10.01	03:07:02.238		0.63462			4
2024.10.01	03:07:02.581		0.63463			4
2024.10.01	03:07:04.570		0.63462			4
2024.10.01	03:07:08.228	0.63460	0.63464			6
2024.10.01	03:07:08.537	0.63459	0.63463			6
2024.10.01	03:07:10.782	0.63460	0.63464			6
2024.10.01	03:07:13.261	0.63462	0.63466			6
2024.10.01	03:07:15.273	0.63461	0.63465			6
2024.10.01	03:07:21.903	0.63460	0.63464			6
2024.10.01	03:07:23.442	0.63459	0.63463			6
2024.10.01	03:07:25.368	0.63455	0.63459			6
2024.10.01	03:07:25.685		0.63458			4
2024.10.01	03:07:26.446		0.63460			4
2024.10.01	03:07:26.751		0.63459			4
2024.10.01	03:07:27.255		0.63460			4
2024.10.01	03:07:27.881		0.63459			4
2024.10.01	03:07:28.186		0.63461			4
2024.10.01	03:07:28.508	0.63456				2
2024.10.01	03:07:30.492	0.63457				2
2024.10.01	03:07:31.745	0.63459	0.63464			6
2024.10.01	03:07:34.234	0.63464	0.63468			6
2024.10.01	03:07:34.561		0.63469			4
2024.10.01	03:07:34.997	0.63465				2
2024.10.01	03:07:38.345		0.63470			4
2024.10.01	03:07:39.924	0.63466				2
2024.10.01	03:07:40.275		0.63471			4
2024.10.01	03:07:40.593	0.63467				2
2024.10.01	03:07:43.954	0.63470	0.63473			6
2024.10.01	03:07:44.855		0.63474			4
2024.10.01	03:07:48.643	0.63468	0.63473			6
2024.10.01	03:07:50.529	0.63470	0.63474			6
2024.10.01	03:07:51.373		0.63473			4
2024.10.01	03:07:54.163		0.63472			4
2024.10.01	03:07:55.278		0.63474			4
2024.10.01	03:08:00.031	0.63470				2
2024.10.01	03:08:06.745	0.63467	0.63469			6
2024.10.01	03:08:08.043		0.63470			4
2024.10.01	03:08:09.420		0.63471			4
2024.10.01	03:08:09.869		0.63470			4
2024.10.01	03:08:14.414	0.63465	0.63469			6
2024.10.01	03:08:16.637	0.63462	0.63465			6
2024.10.01	03:08:18.289		0.63466			4
2024.10.01	03:08:19.288		0.63465			4
2024.10.01	03:08:23.271		0.63466			4
2024.10.01	03:08:24.343		0.63465			4
2024.10.01	03:08:27.993		0.63464			4
2024.10.01	03:08:29.481		0.63465			4
2024.10.01	03:08:36.426	0.63459	0.63462			6
2024.10.01	03:08:37.380	0.63458				2
2024.10.01	03:08:37.859	0.63454	0.63457			6
