<DATE>	<TIME>	<BID>	<ASK>	<LAST>	<VOLUME>	<FLAGS>
2024.07.18	00:00:01.530	0.60727	0.60840			6
2024.07.18	00:00:01.632		0.60852			4
2024.07.18	00:00:01.905	0.60720	0.60851			6
2024.07.18	00:00:02.507	0.60696	0.60879			6
2024.07.18	00:00:04.709	0.60702				2
2024.07.18	00:00:30.709		0.60876			4
2024.07.18	00:00:51.899		0.60871			4
2024.07.18	00:01:04.214	0.60704				2
2024.07.18	00:01:52.113		0.60871			4
2024.07.18	00:01:58.814	0.60714				2
2024.07.18	00:01:59.522	0.60704				2
2024.07.18	00:02:00.338	0.60704				2
2024.07.18	00:02:34.213	0.60706				2
2024.07.18	00:02:55.095		0.60871			4
2024.07.18	00:03:20.587	0.60706				2
2024.07.18	00:03:34.213	0.60705				2
2024.07.18	00:04:01.168	0.60705	0.60871			6
2024.07.18	00:04:56.846	0.60714				2
2024.07.18	00:04:57.153	0.60707				2
2024.07.18	00:04:57.464	0.60714				2
2024.07.18	00:04:57.782	0.60707				2
2024.07.18	00:05:00.581	0.60707				2
2024.07.18	00:05:01.263		0.60871			4
2024.07.18	00:05:11.462	0.60710	0.60876			6
2024.07.18	00:05:12.356	0.60660	0.60860			6
2024.07.18	00:05:12.666	0.60672				2
2024.07.18	00:05:13.011	0.60696				2
2024.07.18	00:05:13.342		0.60866			4
2024.07.18	00:05:13.657	0.60701				2
2024.07.18	00:05:14.044	0.60710				2
2024.07.18	00:05:16.785		0.60877			4
2024.07.18	00:05:17.816	0.60665	0.60858			6
2024.07.18	00:05:18.872	0.60712	0.60859			6
2024.07.18	00:05:20.350	0.60716				2
2024.07.18	00:05:20.919		0.60856			4
2024.07.18	00:05:26.330	0.60740				2
2024.07.18	00:05:31.291	0.60743	0.60829			6
2024.07.18	00:05:33.848	0.60761				2
2024.07.18	00:05:41.554	0.60759				2
2024.07.18	00:05:46.158	0.60760				2
2024.07.18	00:05:56.332		0.60832			4
2024.07.18	00:05:58.751	0.60761				2
2024.07.18	00:06:00.940	0.60761				2
2024.07.18	00:06:01.521	0.60762	0.60850			6
2024.07.18	00:06:04.267	0.60763				2
2024.07.18	00:06:07.262		0.60851			4
2024.07.18	00:06:07.774	0.60762	0.60849			6
2024.07.18	00:06:10.749		0.60850			4
2024.07.18	00:06:11.508	0.60763				2
2024.07.18	00:06:11.908	0.60762				2
2024.07.18	00:06:12.999	0.60765	0.60852			6
2024.07.18	00:06:13.501	0.60764	0.60851			6
2024.07.18	00:06:14.492	0.60762	0.60850			6
2024.07.18	00:06:16.011	0.60763				2
2024.07.18	00:06:17.000		0.60851			4
2024.07.18	00:06:17.501	0.60762	0.60849			6
2024.07.18	00:06:43.857	0.60763	0.60850			6
2024.07.18	00:06:48.250	0.60762	0.60849			6
2024.07.18	00:07:05.073	0.60763				2
2024.07.18	00:07:07.089	0.60762				2
2024.07.18	00:07:13.151		0.60848			4
2024.07.18	00:08:03.556	0.60762				2
2024.07.18	00:08:09.847	0.60763	0.60849			6
2024.07.18	00:08:45.340	0.60757	0.60850			6
2024.07.18	00:09:00.433	0.60757	0.60847			6
2024.07.18	00:09:04.256	0.60756				2
2024.07.18	00:09:06.367	0.60757	0.60846			6
2024.07.18	00:09:09.836	0.60758	0.60850			6
2024.07.18	00:09:10.265	0.60762				2
2024.07.18	00:09:20.001	0.60759				2
2024.07.18	00:09:23.329		0.60851			4
2024.07.18	00:09:25.264	0.60755	0.60850			6
2024.07.18	00:09:25.696	0.60758				2
2024.07.18	00:09:26.191	0.60757				2
2024.07.18	00:09:27.247	0.60756				2
2024.07.18	00:09:29.951	0.60758				2
2024.07.18	00:09:31.747	0.60759				2
2024.07.18	00:09:35.074	0.60758	0.60849			6
2024.07.18	00:09:43.749		0.60848			4
2024.07.18	00:09:50.474	0.60763	0.60842			6
2024.07.18	00:09:51.707	0.60759				2
2024.07.18	00:10:00.700	0.60759				2
2024.07.18	00:10:02.024	0.60762	0.60843			6
2024.07.18	00:10:09.228		0.60844			4
2024.07.18	00:11:26.515	0.60762	0.60841			6
2024.07.18	00:11:30.281	0.60759	0.60833			6
2024.07.18	00:11:31.136	0.60762				2
2024.07.18	00:11:31.564	0.60759				2
2024.07.18	00:11:32.967	0.60756				2
2024.07.18	00:11:35.721	0.60759				2
2024.07.18	00:11:37.330	0.60760				2
2024.07.18	00:11:39.107		0.60832			4
2024.07.18	00:11:40.284	0.60758				2
2024.07.18	00:11:42.380	0.60759	0.60828			6
2024.07.18	00:12:00.376	0.60759				2
2024.07.18	00:12:01.537	0.60758				2
2024.07.18	00:12:04.727	0.60757				2
2024.07.18	00:12:08.113	0.60758	0.60829			6
2024.07.18	00:12:33.248	0.60759				2
2024.07.18	00:12:33.758		0.60825			4
2024.07.18	00:12:49.223	0.60760				2
2024.07.18	00:12:54.816	0.60761				2
2024.07.18	00:13:00.313	0.60761				2
2024.07.18	00:13:03.792	0.60762				2
2024.07.18	00:13:24.149	0.60761				2
2024.07.18	00:13:28.822	0.60762				2
2024.07.18	00:13:34.329	0.60761	0.60825			6
2024.07.18	00:13:38.584	0.60763				2
2024.07.18	00:13:39.466	0.60762				2
2024.07.18	00:13:40.789	0.60763				2
2024.07.18	00:13:42.671		0.60822			4
2024.07.18	00:13:44.508	0.60762				2
2024.07.18	00:13:53.487	0.60763	0.60825			6
2024.07.18	00:13:53.798	0.60762	0.60818			6
2024.07.18	00:13:54.139	0.60761				2
2024.07.18	00:13:55.153	0.60762				2
2024.07.18	00:13:56.457	0.60761				2
2024.07.18	00:13:57.173	0.60762				2
2024.07.18	00:14:00.384	0.60763				2
2024.07.18	00:14:00.845	0.60762				2
2024.07.18	00:14:01.675	0.60763				2
2024.07.18	00:14:07.951		0.60817			4
2024.07.18	00:14:09.107	0.60762				2
2024.07.18	00:14:10.386	0.60763				2
2024.07.18	00:14:14.650		0.60807			4
2024.07.18	00:14:30.799	0.60762				2
2024.07.18	00:14:45.612	0.60761				2
2024.07.18	00:14:50.073	0.60762				2
2024.07.18	00:14:55.792	0.60761				2
2024.07.18	00:15:00.855	0.60761				2
2024.07.18	00:15:01.898		0.60817			4
2024.07.18	00:15:03.678	0.60762				2
2024.07.18	00:15:05.927	0.60763				2
2024.07.18	00:15:16.037	0.60762	0.60818			6
2024.07.18	00:15:16.481	0.60763				2
2024.07.18	00:15:22.448	0.60764				2
2024.07.18	00:15:24.925	0.60763				2
2024.07.18	00:15:26.276	0.60764				2
2024.07.18	00:15:32.005		0.60825			4
2024.07.18	00:15:42.989	0.60763				2
2024.07.18	00:15:44.382	0.60764				2
2024.07.18	00:15:46.626	0.60763				2
2024.07.18	00:16:00.044	0.60762				2
2024.07.18	00:16:14.302	0.60763				2
2024.07.18	00:16:27.320	0.60762				2
2024.07.18	00:16:32.013		0.60825			4
2024.07.18	00:16:37.146	0.60763				2
2024.07.18	00:16:39.201		0.60829			4
2024.07.18	00:16:40.441		0.60827			4
2024.07.18	00:16:42.360		0.60829			4
2024.07.18	00:17:00.561	0.60763				2
2024.07.18	00:17:01.284	0.60764				2
2024.07.18	00:17:05.782	0.60763				2
2024.07.18	00:17:06.083		0.60830			4
2024.07.18	00:17:11.623		0.60828			4
2024.07.18	00:17:16.308		0.60830			4
2024.07.18	00:17:16.812		0.60829			4
2024.07.18	00:17:22.337	0.60761	0.60828			6
2024.07.18	00:17:25.634		0.60829			4
2024.07.18	00:17:25.990		0.60828			4
2024.07.18	00:17:27.067		0.60827			4
2024.07.18	00:17:28.121		0.60828			4
2024.07.18	00:17:28.426		0.60829			4
2024.07.18	00:17:28.867		0.60828			4
2024.07.18	00:17:48.766		0.60829			4
2024.07.18	00:17:49.265		0.60828			4
2024.07.18	00:18:00.887	0.60759				2
2024.07.18	00:18:08.338	0.60758				2
2024.07.18	00:18:10.473	0.60757				2
2024.07.18	00:18:31.635	0.60761				2
2024.07.18	00:18:49.281		0.60828			4
2024.07.18	00:19:00.857	0.60761				2
2024.07.18	00:19:33.335		0.60831			4
2024.07.18	00:19:34.717	0.60762				2
2024.07.18	00:19:38.725	0.60761				2
2024.07.18	00:19:45.725	0.60763				2
2024.07.18	00:19:59.198	0.60764				2
2024.07.18	00:20:00.174	0.60764				2
2024.07.18	00:20:09.083	0.60763	0.60828			6
2024.07.18	00:20:11.370	0.60762				2
2024.07.18	00:20:12.499	0.60763				2
2024.07.18	00:20:14.238	0.60761	0.60823			6
2024.07.18	00:20:15.710		0.60821			4
2024.07.18	00:20:18.117		0.60823			4
2024.07.18	00:20:21.414		0.60821			4
2024.07.18	00:20:23.541		0.60822			4
2024.07.18	00:20:34.136	0.60762				2
2024.07.18	00:20:41.722	0.60765				2
2024.07.18	00:20:51.914	0.60768				2
2024.07.18	00:21:00.081	0.60768				2
2024.07.18	00:21:07.325	0.60770	0.60823			6
2024.07.18	00:21:12.248	0.60771				2
2024.07.18	00:21:17.082	0.60777	0.60831			6
2024.07.18	00:21:18.888	0.60779				2
2024.07.18	00:21:21.894	0.60780				2
2024.07.18	00:21:27.392	0.60782				2
2024.07.18	00:21:32.611	0.60792				2
2024.07.18	00:21:33.623	0.60782				2
2024.07.18	00:21:41.433	0.60780				2
2024.07.18	00:22:00.512	0.60780				2
2024.07.18	00:22:17.383		0.60831			4
2024.07.18	00:22:24.255	0.60789	0.60837			6
2024.07.18	00:22:25.612	0.60791				2
2024.07.18	00:22:43.947	0.60794	0.60840			6
2024.07.18	00:22:58.100	0.60796	0.60841			6
2024.07.18	00:22:58.798	0.60798				2
2024.07.18	00:23:00.302	0.60800				2
2024.07.18	00:23:09.082	0.60798				2
2024.07.18	00:23:40.088	0.60797				2
2024.07.18	00:23:54.432	0.60799	0.60844			6
2024.07.18	00:24:01.311	0.60797	0.60841			6
2024.07.18	00:24:08.422	0.60796				2
2024.07.18	00:24:08.739	0.60797				2
2024.07.18	00:24:15.260	0.60778	0.60840			6
2024.07.18	00:24:16.355	0.60775				2
2024.07.18	00:24:18.202		0.60839			4
2024.07.18	00:24:18.678	0.60773	0.60838			6
2024.07.18	00:24:20.427	0.60760	0.60832			6
2024.07.18	00:24:20.895		0.60833			4
2024.07.18	00:24:21.658		0.60831			4
2024.07.18	00:24:22.128		0.60830			4
2024.07.18	00:24:22.561	0.60759				2
2024.07.18	00:24:22.879		0.60829			4
2024.07.18	00:24:25.472	0.60757	0.60828			6
2024.07.18	00:24:27.551	0.60758				2
2024.07.18	00:24:27.975	0.60757				2
2024.07.18	00:24:30.430		0.60827			4
2024.07.18	00:24:31.224		0.60826			4
2024.07.18	00:24:32.349	0.60758				2
2024.07.18	00:24:33.072		0.60825			4
2024.07.18	00:24:33.640	0.60765				2
2024.07.18	00:24:34.166	0.60768	0.60828			6
2024.07.18	00:24:34.658		0.60830			4
2024.07.18	00:24:35.683		0.60829			4
2024.07.18	00:24:41.320	0.60767	0.60825			6
2024.07.18	00:24:41.772		0.60828			4
2024.07.18	00:24:42.320		0.60829			4
2024.07.18	00:24:52.291	0.60768	0.60831			6
2024.07.18	00:24:52.895	0.60766				2
2024.07.18	00:24:56.025	0.60767				2
2024.07.18	00:25:00.854	0.60767				2
2024.07.18	00:25:06.200	0.60766	0.60830			6
2024.07.18	00:25:16.372		0.60828			4
2024.07.18	00:25:16.702	0.60767	0.60832			6
2024.07.18	00:25:17.361		0.60829			4
2024.07.18	00:25:18.366		0.60832			4
2024.07.18	00:25:20.108		0.60829			4
2024.07.18	00:25:20.935		0.60831			4
2024.07.18	00:25:21.252		0.60832			4
2024.07.18	00:25:21.862		0.60829			4
2024.07.18	00:25:22.753	0.60766	0.60830			6
2024.07.18	00:25:23.066	0.60767				2
2024.07.18	00:25:26.553		0.60831			4
2024.07.18	00:25:27.079		0.60829			4
2024.07.18	00:25:30.212		0.60831			4
2024.07.18	00:25:35.524		0.60829			4
2024.07.18	00:25:36.079		0.60831			4
2024.07.18	00:25:36.381		0.60829			4
2024.07.18	00:25:36.703		0.60831			4
2024.07.18	00:25:37.459		0.60833			4
2024.07.18	00:25:37.880		0.60832			4
2024.07.18	00:25:38.181		0.60828			4
2024.07.18	00:25:38.481		0.60827			4
2024.07.18	00:25:38.948		0.60824			4
2024.07.18	00:25:40.261		0.60827			4
2024.07.18	00:25:40.635		0.60824			4
2024.07.18	00:25:44.320	0.60761	0.60822			6
2024.07.18	00:25:44.768		0.60826			4
2024.07.18	00:25:46.555	0.60763				2
2024.07.18	00:25:46.922		0.60825			4
2024.07.18	00:25:47.236	0.60760	0.60821			6
2024.07.18	00:25:48.836	0.60762				2
2024.07.18	00:25:51.019	0.60759	0.60816			6
2024.07.18	00:25:51.331	0.60758				2
2024.07.18	00:25:52.869	0.60759				2
2024.07.18	00:25:54.196		0.60815			4
2024.07.18	00:25:54.979	0.60758				2
2024.07.18	00:25:57.104	0.60759				2
2024.07.18	00:25:57.927	0.60760	0.60821			6
2024.07.18	00:25:58.707	0.60762	0.60820			6
2024.07.18	00:26:00.390	0.60759				2
2024.07.18	00:26:01.199	0.60758	0.60814			6
2024.07.18	00:26:01.869		0.60815			4
2024.07.18	00:26:02.890	0.60759				2
2024.07.18	00:26:03.800		0.60816			4
2024.07.18	00:26:06.338		0.60814			4
2024.07.18	00:26:08.224	0.60758				2
2024.07.18	00:26:08.981	0.60759	0.60816			6
2024.07.18	00:26:11.765	0.60758	0.60826			6
2024.07.18	00:26:12.074		0.60828			4
2024.07.18	00:26:12.378		0.60826			4
2024.07.18	00:26:12.681	0.60759				2
2024.07.18	00:26:12.986		0.60832			4
2024.07.18	00:26:13.505	0.60762	0.60833			6
2024.07.18	00:26:23.946	0.60764	0.60832			6
2024.07.18	00:26:25.758	0.60774	0.60835			6
2024.07.18	00:26:26.915		0.60836			4
2024.07.18	00:26:28.212		0.60835			4
2024.07.18	00:26:28.564		0.60836			4
2024.07.18	00:26:30.405		0.60837			4
2024.07.18	00:26:36.307	0.60777	0.60839			6
2024.07.18	00:26:52.251	0.60783	0.60841			6
2024.07.18	00:26:52.786	0.60780				2
2024.07.18	00:26:53.785	0.60785	0.60843			6
2024.07.18	00:26:54.462	0.60789	0.60851			6
2024.07.18	00:26:54.770	0.60786				2
2024.07.18	00:26:55.156		0.60850			4
2024.07.18	00:26:56.471	0.60784	0.60849			6
2024.07.18	00:26:59.503		0.60850			4
2024.07.18	00:27:00.079	0.60784				2
2024.07.18	00:27:00.671		0.60849			4
2024.07.18	00:27:08.181	0.60785				2
2024.07.18	00:27:12.849		0.60848			4
2024.07.18	00:27:18.593		0.60849			4
2024.07.18	00:27:22.449		0.60848			4
2024.07.18	00:27:28.769	0.60791	0.60850			6
2024.07.18	00:27:29.346		0.60851			4
2024.07.18	00:27:36.055		0.60849			4
2024.07.18	00:27:38.593	0.60800				2
2024.07.18	00:27:39.848	0.60799	0.60850			6
2024.07.18	00:27:40.201	0.60796				2
2024.07.18	00:27:42.547		0.60849			4
2024.07.18	00:27:48.847	0.60800	0.60850			6
2024.07.18	00:27:54.000	0.60801	0.60851			6
2024.07.18	00:27:55.329	0.60793	0.60850			6
2024.07.18	00:27:55.639	0.60794	0.60847			6
2024.07.18	00:27:55.989	0.60793				2
2024.07.18	00:27:56.700	0.60791	0.60849			6
2024.07.18	00:28:00.472	0.60791				2
2024.07.18	00:28:24.695	0.60798				2
2024.07.18	00:28:25.013		0.60850			4
2024.07.18	00:28:26.360		0.60851			4
2024.07.18	00:28:33.579		0.60850			4
2024.07.18	00:28:35.781		0.60851			4
2024.07.18	00:28:45.043	0.60797				2
2024.07.18	00:28:45.425	0.60803				2
2024.07.18	00:28:50.022	0.60798				2
2024.07.18	00:28:52.612	0.60800				2
2024.07.18	00:28:53.606	0.60801				2
2024.07.18	00:28:57.874		0.60850			4
2024.07.18	00:29:00.479	0.60801	0.60849			6
2024.07.18	00:29:03.225	0.60798				2
2024.07.18	00:29:06.619	0.60783	0.60847			6
2024.07.18	00:29:09.435	0.60787				2
2024.07.18	00:29:10.313	0.60782				2
2024.07.18	00:29:15.272	0.60786	0.60845			6
2024.07.18	00:29:15.591	0.60784				2
2024.07.18	00:29:16.381		0.60846			4
2024.07.18	00:29:22.593	0.60783	0.60844			6
2024.07.18	00:29:23.207	0.60785				2
2024.07.18	00:29:25.041		0.60845			4
2024.07.18	00:29:27.308		0.60844			4
2024.07.18	00:29:28.451		0.60845			4
2024.07.18	00:29:30.822		0.60846			4
2024.07.18	00:29:33.812	0.60788				2
2024.07.18	00:29:34.129		0.60849			4
2024.07.18	00:29:34.432	0.60792				2
2024.07.18	00:29:35.672	0.60789				2
2024.07.18	00:30:00.410	0.60789	0.60846			6
2024.07.18	00:30:01.335		0.60847			4
2024.07.18	00:30:01.669	0.60790				2
2024.07.18	00:30:11.401	0.60796				2
2024.07.18	00:30:11.703	0.60790				2
2024.07.18	00:30:12.125	0.60796				2
2024.07.18	00:30:15.540	0.60790	0.60852			6
2024.07.18	00:30:15.942	0.60791				2
2024.07.18	00:30:21.923	0.60792	0.60851			6
2024.07.18	00:30:22.509	0.60794				2
2024.07.18	00:30:29.826	0.60796				2
2024.07.18	00:30:30.691	0.60794	0.60850			6
2024.07.18	00:30:32.141	0.60796	0.60844			6
2024.07.18	00:30:32.450	0.60788				2
2024.07.18	00:30:32.948	0.60792				2
2024.07.18	00:30:33.567	0.60790	0.60842			6
2024.07.18	00:30:33.901	0.60784				2
2024.07.18	00:30:34.205	0.60790				2
2024.07.18	00:30:41.963	0.60782	0.60841			6
2024.07.18	00:30:42.295	0.60781				2
2024.07.18	00:30:43.438	0.60784				2
2024.07.18	00:30:43.742	0.60786	0.60842			6
2024.07.18	00:30:44.713	0.60785				2
2024.07.18	00:30:48.126	0.60784				2
2024.07.18	00:30:48.895	0.60789	0.60841			6
2024.07.18	00:30:51.270		0.60842			4
2024.07.18	00:30:59.466		0.60843			4
2024.07.18	00:31:00.462	0.60789				2
2024.07.18	00:31:02.097	0.60791	0.60842			6
2024.07.18	00:31:03.065		0.60841			4
2024.07.18	00:31:04.499		0.60842			4
2024.07.18	00:31:05.020	0.60790				2
2024.07.18	00:31:07.713	0.60788	0.60841			6
2024.07.18	00:31:12.454	0.60791				2
2024.07.18	00:31:14.046	0.60790				2
2024.07.18	00:31:14.643	0.60787				2
2024.07.18	00:31:15.121	0.60788	0.60843			6
2024.07.18	00:31:16.023		0.60841			4
2024.07.18	00:31:16.621	0.60787				2
2024.07.18	00:31:16.927	0.60782	0.60840			6
2024.07.18	00:31:17.232	0.60781				2
2024.07.18	00:31:17.953	0.60780	0.60839			6
2024.07.18	00:31:18.353	0.60781				2
2024.07.18	00:31:19.463	0.60783				2
2024.07.18	00:31:20.084	0.60782	0.60838			6
2024.07.18	00:31:20.389	0.60783	0.60840			6
2024.07.18	00:31:28.009	0.60785				2
2024.07.18	00:31:28.348	0.60783	0.60841			6
2024.07.18	00:31:28.813	0.60784	0.60839			6
2024.07.18	00:31:29.195	0.60783	0.60838			6
2024.07.18	00:31:29.960	0.60784				2
2024.07.18	00:31:32.571	0.60783	0.60839			6
2024.07.18	00:31:32.875	0.60786	0.60841			6
2024.07.18	00:31:35.753	0.60785				2
2024.07.18	00:31:38.934	0.60786				2
2024.07.18	00:31:42.467	0.60787	0.60844			6
2024.07.18	00:31:42.785	0.60788	0.60843			6
2024.07.18	00:31:58.834		0.60844			4
2024.07.18	00:32:00.436	0.60788				2
2024.07.18	00:32:03.318	0.60789				2
2024.07.18	00:32:13.478	0.60790	0.60845			6
2024.07.18	00:32:13.966	0.60789				2
2024.07.18	00:32:18.859		0.60846			4
2024.07.18	00:32:21.980	0.60790				2
2024.07.18	00:32:23.467	0.60789	0.60845			6
2024.07.18	00:32:23.787		0.60843			4
2024.07.18	00:32:24.430		0.60844			4
2024.07.18	00:32:30.631	0.60778	0.60828			6
2024.07.18	00:32:30.959	0.60777	0.60833			6
2024.07.18	00:32:31.641	0.60779				2
2024.07.18	00:32:32.121	0.60780				2
2024.07.18	00:32:35.564	0.60778				2
2024.07.18	00:32:35.914	0.60779				2
2024.07.18	00:32:37.783	0.60780				2
2024.07.18	00:32:48.846	0.60778				2
2024.07.18	00:32:49.353	0.60779				2
2024.07.18	00:32:54.148	0.60777				2
2024.07.18	00:33:00.753	0.60777				2
2024.07.18	00:33:01.978	0.60778	0.60832			6
2024.07.18	00:33:02.421	0.60779				2
2024.07.18	00:33:04.370		0.60833			4
2024.07.18	00:33:04.700	0.60780				2
2024.07.18	00:33:06.504	0.60781				2
2024.07.18	00:33:09.247	0.60780				2
2024.07.18	00:33:10.565	0.60781				2
2024.07.18	00:33:14.486	0.60780				2
2024.07.18	00:33:24.666	0.60781				2
2024.07.18	00:33:30.631	0.60780				2
2024.07.18	00:33:31.103		0.60828			4
2024.07.18	00:33:33.176	0.60777	0.60824			6
2024.07.18	00:33:33.712	0.60775	0.60823			6
2024.07.18	00:33:34.020	0.60773				2
2024.07.18	00:33:34.348	0.60769				2
2024.07.18	00:33:34.661	0.60775				2
2024.07.18	00:33:34.968	0.60776				2
2024.07.18	00:33:35.289	0.60777				2
2024.07.18	00:33:36.081		0.60824			4
2024.07.18	00:33:36.381	0.60778				2
2024.07.18	00:33:36.778	0.60779				2
2024.07.18	00:33:37.084	0.60778	0.60823			6
2024.07.18	00:33:39.513	0.60779	0.60824			6
2024.07.18	00:33:44.999	0.60780				2
2024.07.18	00:33:46.208	0.60781				2
2024.07.18	00:33:46.828	0.60780				2
2024.07.18	00:33:54.210	0.60781	0.60825			6
2024.07.18	00:33:54.984		0.60826			4
2024.07.18	00:33:59.302	0.60782	0.60831			6
2024.07.18	00:34:01.012	0.60782				2
2024.07.18	00:34:03.870	0.60781				2
2024.07.18	00:34:05.266	0.60782				2
2024.07.18	00:34:05.794	0.60781				2
2024.07.18	00:34:06.100	0.60780				2
2024.07.18	00:34:06.404	0.60778	0.60829			6
2024.07.18	00:34:06.710		0.60828			4
2024.07.18	00:34:07.016	0.60776	0.60830			6
2024.07.18	00:34:07.322	0.60778	0.60829			6
2024.07.18	00:34:07.908	0.60776	0.60830			6
2024.07.18	00:34:08.297	0.60778				2
2024.07.18	00:34:08.606	0.60780				2
2024.07.18	00:34:10.483	0.60779				2
2024.07.18	00:34:10.791	0.60777				2
2024.07.18	00:34:11.411	0.60778				2
2024.07.18	00:34:12.020	0.60780				2
2024.07.18	00:34:12.326	0.60777				2
2024.07.18	00:34:12.633	0.60778				2
2024.07.18	00:34:12.942	0.60779				2
2024.07.18	00:34:13.244	0.60777				2
2024.07.18	00:34:13.545	0.60778				2
2024.07.18	00:34:13.852	0.60777				2
2024.07.18	00:34:14.161	0.60779				2
2024.07.18	00:34:14.462	0.60776				2
2024.07.18	00:34:14.767	0.60778				2
2024.07.18	00:34:15.076	0.60779				2
2024.07.18	00:34:15.377	0.60777				2
2024.07.18	00:34:15.681	0.60780				2
2024.07.18	00:34:15.992	0.60777				2
2024.07.18	00:34:16.301	0.60778				2
2024.07.18	00:34:17.214	0.60779				2
2024.07.18	00:34:17.825	0.60777				2
2024.07.18	00:34:18.131	0.60778				2
2024.07.18	00:34:19.069	0.60777				2
2024.07.18	00:34:19.381	0.60779	0.60829			6
2024.07.18	00:34:19.713	0.60778	0.60830			6
2024.07.18	00:34:20.312	0.60777				2
2024.07.18	00:34:20.622	0.60779				2
2024.07.18	00:34:21.258	0.60778				2
2024.07.18	00:34:21.580		0.60829			4
2024.07.18	00:34:21.880	0.60780	0.60832			6
2024.07.18	00:34:22.191	0.60778				2
2024.07.18	00:34:22.493	0.60776	0.60828			6
2024.07.18	00:34:22.832	0.60775				2
2024.07.18	00:34:23.563	0.60777	0.60829			6
2024.07.18	00:34:25.727		0.60828			4
2024.07.18	00:34:26.041		0.60831			4
2024.07.18	00:34:26.345	0.60776	0.60829			6
2024.07.18	00:34:26.663	0.60778				2
2024.07.18	00:34:26.970	0.60776	0.60830			6
2024.07.18	00:34:27.593		0.60829			4
2024.07.18	00:34:28.262	0.60778	0.60828			6
2024.07.18	00:34:28.573		0.60831			4
2024.07.18	00:34:28.880	0.60776	0.60828			6
2024.07.18	00:34:29.185	0.60778	0.60832			6
2024.07.18	00:34:29.486	0.60776	0.60829			6
2024.07.18	00:34:29.800		0.60831			4
2024.07.18	00:34:30.421	0.60778	0.60829			6
2024.07.18	00:34:31.229	0.60779	0.60832			6
2024.07.18	00:34:31.532	0.60780	0.60831			6
2024.07.18	00:34:31.833		0.60832			4
2024.07.18	00:34:40.358		0.60830			4
2024.07.18	00:34:41.477		0.60832			4
2024.07.18	00:34:45.983	0.60781				2
2024.07.18	00:34:47.170	0.60780				2
2024.07.18	00:34:48.287	0.60781				2
2024.07.18	00:34:51.724	0.60782				2
2024.07.18	00:34:52.206	0.60781				2
2024.07.18	00:34:52.548	0.60782				2
2024.07.18	00:34:56.194	0.60784				2
2024.07.18	00:34:58.587	0.60783				2
2024.07.18	00:35:01.011	0.60783				2
2024.07.18	00:35:01.332	0.60784				2
2024.07.18	00:35:02.046	0.60785				2
2024.07.18	00:35:06.251	0.60787	0.60833			6
2024.07.18	00:35:07.346	0.60784	0.60830			6
2024.07.18	00:35:07.650	0.60782	0.60831			6
2024.07.18	00:35:10.388	0.60785	0.60830			6
2024.07.18	00:35:12.648		0.60833			4
2024.07.18	00:35:15.065	0.60784				2
2024.07.18	00:35:16.267	0.60783	0.60831			6
2024.07.18	00:35:18.403		0.60830			4
2024.07.18	00:35:20.006		0.60829			4
2024.07.18	00:35:20.640	0.60784	0.60828			6
2024.07.18	00:35:20.966	0.60783				2
2024.07.18	00:35:21.510	0.60784	0.60829			6
2024.07.18	00:35:22.597	0.60783	0.60831			6
2024.07.18	00:35:23.586		0.60829			4
2024.07.18	00:35:24.036	0.60784	0.60828			6
2024.07.18	00:35:26.751	0.60783	0.60832			6
2024.07.18	00:35:28.024	0.60782				2
2024.07.18	00:35:29.793	0.60783	0.60828			6
2024.07.18	00:35:31.143		0.60829			4
2024.07.18	00:35:37.619		0.60828			4
2024.07.18	00:35:39.440	0.60784	0.60827			6
2024.07.18	00:35:39.756	0.60783	0.60826			6
2024.07.18	00:35:43.863		0.60828			4
2024.07.18	00:35:47.219		0.60827			4
2024.07.18	00:35:59.213	0.60785				2
2024.07.18	00:36:02.051	0.60784				2
2024.07.18	00:36:03.622		0.60829			4
2024.07.18	00:36:10.411		0.60831			4
2024.07.18	00:36:13.524		0.60829			4
2024.07.18	00:36:16.879	0.60785				2
2024.07.18	00:36:22.668	0.60797	0.60845			6
2024.07.18	00:36:22.968	0.60803	0.60851			6
2024.07.18	00:36:23.286	0.60802				2
2024.07.18	00:36:24.258		0.60849			4
2024.07.18	00:36:24.589	0.60803	0.60850			6
2024.07.18	00:36:25.434	0.60804				2
2024.07.18	00:36:25.750	0.60802				2
2024.07.18	00:36:27.759	0.60803				2
2024.07.18	00:36:28.434		0.60849			4
2024.07.18	00:36:29.224	0.60802	0.60851			6
2024.07.18	00:36:29.676	0.60808	0.60854			6
2024.07.18	00:36:30.023	0.60804	0.60853			6
2024.07.18	00:36:32.085	0.60806				2
2024.07.18	00:36:32.840	0.60805	0.60854			6
2024.07.18	00:36:34.354		0.60853			4
2024.07.18	00:36:37.293	0.60808				2
2024.07.18	00:36:38.617		0.60854			4
2024.07.18	00:36:43.339	0.60806	0.60855			6
2024.07.18	00:36:44.342	0.60805				2
2024.07.18	00:36:48.138	0.60806				2
2024.07.18	00:36:48.507		0.60854			4
2024.07.18	00:36:48.822		0.60855			4
2024.07.18	00:36:49.930	0.60807				2
2024.07.18	00:36:59.001		0.60853			4
2024.07.18	00:37:00.474	0.60807	0.60854			6
2024.07.18	00:37:03.246	0.60805	0.60852			6
2024.07.18	00:37:03.632		0.60853			4
2024.07.18	00:37:04.675	0.60803	0.60851			6
2024.07.18	00:37:05.058	0.60802	0.60850			6
2024.07.18	00:37:05.380		0.60851			4
2024.07.18	00:37:05.713		0.60850			4
2024.07.18	00:37:08.475	0.60801	0.60849			6
2024.07.18	00:37:09.559	0.60800				2
2024.07.18	00:37:10.090	0.60799	0.60848			6
2024.07.18	00:37:10.828	0.60798				2
2024.07.18	00:37:18.650		0.60847			4
2024.07.18	00:37:21.845	0.60797				2
2024.07.18	00:37:25.117	0.60798				2
2024.07.18	00:37:26.128		0.60848			4
2024.07.18	00:37:28.336		0.60847			4
2024.07.18	00:37:33.495		0.60848			4
2024.07.18	00:37:36.230	0.60799				2
2024.07.18	00:37:44.374		0.60849			4
2024.07.18	00:38:00.900	0.60799				2
2024.07.18	00:38:37.415		0.60850			4
2024.07.18	00:38:42.918		0.60851			4
2024.07.18	00:38:47.839	0.60800				2
2024.07.18	00:39:00.508	0.60800				2
2024.07.18	00:39:09.852		0.60852			4
2024.07.18	00:39:20.391		0.60851			4
2024.07.18	00:39:41.099	0.60798				2
2024.07.18	00:39:43.478	0.60799				2
2024.07.18	00:40:00.468	0.60799	0.60850			6
2024.07.18	00:40:01.443		0.60851			4
2024.07.18	00:40:05.879	0.60798				2
2024.07.18	00:40:18.261		0.60850			4
2024.07.18	00:40:18.771	0.60796				2
2024.07.18	00:40:19.092		0.60849			4
2024.07.18	00:40:53.931		0.60850			4
2024.07.18	00:40:56.174		0.60849			4
2024.07.18	00:41:00.894	0.60796				2
2024.07.18	00:41:05.467		0.60850			4
2024.07.18	00:41:08.540	0.60795	0.60849			6
2024.07.18	00:41:27.694		0.60850			4
2024.07.18	00:41:28.506	0.60796	0.60851			6
2024.07.18	00:41:28.831		0.60850			4
2024.07.18	00:41:29.594		0.60851			4
2024.07.18	00:41:30.303		0.60850			4
2024.07.18	00:41:32.589	0.60795	0.60851			6
2024.07.18	00:41:32.961		0.60849			4
2024.07.18	00:41:33.276	0.60796	0.60850			6
2024.07.18	00:41:33.605		0.60851			4
2024.07.18	00:41:33.914	0.60795	0.60849			6
2024.07.18	00:41:34.263		0.60850			4
2024.07.18	00:41:49.342	0.60796				2
2024.07.18	00:42:00.447	0.60795	0.60851			6
2024.07.18	00:42:01.082		0.60850			4
2024.07.18	00:42:05.794	0.60794				2
2024.07.18	00:42:09.943	0.60793	0.60849			6
2024.07.18	00:42:10.249	0.60795	0.60850			6
2024.07.18	00:42:11.212		0.60851			4
2024.07.18	00:42:11.788		0.60852			4
2024.07.18	00:42:15.851	0.60796				2
2024.07.18	00:42:20.483	0.60798	0.60853			6
2024.07.18	00:42:21.366	0.60797	0.60852			6
2024.07.18	00:42:23.926	0.60796				2
2024.07.18	00:42:24.554	0.60795	0.60851			6
2024.07.18	00:42:25.440		0.60849			4
2024.07.18	00:42:26.880	0.60796	0.60851			6
2024.07.18	00:42:27.373		0.60852			4
2024.07.18	00:42:38.387	0.60795				2
2024.07.18	00:42:44.388	0.60794				2
2024.07.18	00:42:50.952	0.60795				2
2024.07.18	00:42:56.441	0.60792	0.60845			6
2024.07.18	00:42:56.755	0.60793	0.60849			6
2024.07.18	00:42:57.101	0.60794	0.60850			6
2024.07.18	00:42:57.607	0.60793	0.60849			6
2024.07.18	00:42:59.623	0.60794	0.60838			6
2024.07.18	00:43:00.171	0.60792	0.60835			6
2024.07.18	00:43:01.193	0.60794				2
2024.07.18	00:43:01.806		0.60832			4
2024.07.18	00:43:02.226	0.60793				2
2024.07.18	00:43:02.824		0.60833			4
2024.07.18	00:43:03.274		0.60834			4
2024.07.18	00:43:03.598	0.60795	0.60836			6
2024.07.18	00:43:04.648	0.60796	0.60837			6
2024.07.18	00:43:05.320		0.60838			4
2024.07.18	00:43:07.398	0.60798	0.60840			6
2024.07.18	00:43:08.327		0.60842			4
2024.07.18	00:43:14.134		0.60841			4
2024.07.18	00:43:22.188		0.60842			4
2024.07.18	00:43:32.338	0.60791	0.60838			6
2024.07.18	00:43:32.948	0.60789	0.60839			6
2024.07.18	00:43:34.278		0.60838			4
2024.07.18	00:43:36.253	0.60790	0.60839			6
2024.07.18	00:43:42.449	0.60789				2
2024.07.18	00:43:43.636	0.60787	0.60840			6
2024.07.18	00:44:00.132	0.60783	0.60838			6
2024.07.18	00:44:00.758	0.60781				2
2024.07.18	00:44:12.562	0.60782				2
2024.07.18	00:44:20.051	0.60783				2
2024.07.18	00:45:00.650	0.60783	0.60838			6
2024.07.18	00:45:06.088	0.60797	0.60828			6
2024.07.18	00:45:37.289	0.60796				2
2024.07.18	00:46:02.782	0.60796				2
2024.07.18	00:46:07.729		0.60828			4
2024.07.18	00:46:20.200	0.60797				2
2024.07.18	00:46:27.677		0.60826			4
2024.07.18	00:46:41.012	0.60796				2
2024.07.18	00:46:42.752	0.60795	0.60823			6
2024.07.18	00:46:46.373	0.60796				2
2024.07.18	00:47:01.427	0.60796	0.60826			6
2024.07.18	00:47:02.596		0.60823			4
2024.07.18	00:47:30.273		0.60822			4
2024.07.18	00:48:01.010	0.60796				2
2024.07.18	00:48:35.589		0.60822			4
2024.07.18	00:48:40.674	0.60793	0.60820			6
2024.07.18	00:48:51.010	0.60792	0.60819			6
2024.07.18	00:49:00.324	0.60792				2
2024.07.18	00:49:14.125	0.60791	0.60818			6
2024.07.18	00:49:21.014	0.60790				2
2024.07.18	00:50:01.896	0.60789				2
2024.07.18	00:50:19.231		0.60817			4
2024.07.18	00:50:29.290	0.60790	0.60819			6
2024.07.18	00:50:31.839		0.60820			4
2024.07.18	00:50:32.324	0.60788	0.60817			6
2024.07.18	00:50:32.678	0.60787				2
2024.07.18	00:50:35.629	0.60788				2
2024.07.18	00:50:45.321	0.60789	0.60822			6
2024.07.18	00:50:46.579	0.60790				2
2024.07.18	00:51:00.176	0.60790				2
2024.07.18	00:51:03.944	0.60789				2
2024.07.18	00:51:08.326	0.60790				2
2024.07.18	00:51:10.753	0.60791				2
2024.07.18	00:51:13.844	0.60790				2
2024.07.18	00:51:16.773	0.60791				2
2024.07.18	00:51:32.092	0.60792				2
2024.07.18	00:51:39.922	0.60791				2
2024.07.18	00:51:47.386		0.60822			4
2024.07.18	00:52:05.781	0.60791				2
2024.07.18	00:52:06.823	0.60794	0.60826			6
2024.07.18	00:52:10.892	0.60795				2
2024.07.18	00:52:22.277	0.60796				2
2024.07.18	00:52:37.158	0.60795				2
2024.07.18	00:53:01.014	0.60795				2
2024.07.18	00:53:03.287		0.60827			4
2024.07.18	00:53:06.943	0.60796				2
2024.07.18	00:53:11.697	0.60795				2
2024.07.18	00:53:18.382	0.60791	0.60824			6
2024.07.18	00:53:22.815	0.60790				2
2024.07.18	00:53:30.222	0.60791				2
2024.07.18	00:53:43.006	0.60792	0.60825			6
2024.07.18	00:53:46.900	0.60793				2
2024.07.18	00:53:57.116		0.60826			4
2024.07.18	00:53:57.858	0.60804	0.60825			6
2024.07.18	00:54:00.294	0.60804				2
2024.07.18	00:54:15.966		0.60821			4
2024.07.18	00:54:16.370		0.60825			4
2024.07.18	00:54:31.153	0.60797				2
2024.07.18	00:54:31.458	0.60796				2
2024.07.18	00:54:32.347	0.60795				2
2024.07.18	00:54:36.385	0.60794				2
2024.07.18	00:54:43.140	0.60795				2
2024.07.18	00:54:53.142	0.60794				2
2024.07.18	00:55:01.010	0.60794				2
2024.07.18	00:55:21.335		0.60825			4
2024.07.18	00:55:36.399	0.60795				2
2024.07.18	00:55:58.225		0.60827			4
2024.07.18	00:56:02.348	0.60795				2
2024.07.18	00:56:07.143	0.60798				2
2024.07.18	00:56:08.724		0.60826			4
2024.07.18	00:56:09.058		0.60827			4
2024.07.18	00:56:09.872	0.60799				2
2024.07.18	00:56:10.314	0.60800				2
2024.07.18	00:56:19.430	0.60801				2
2024.07.18	00:56:20.390	0.60802				2
2024.07.18	00:56:24.115	0.60801				2
2024.07.18	00:56:39.967	0.60802				2
2024.07.18	00:57:00.165	0.60801				2
2024.07.18	00:57:09.915		0.60827			4
2024.07.18	00:57:13.692	0.60802				2
2024.07.18	00:57:15.869	0.60800				2
2024.07.18	00:57:19.027	0.60801				2
2024.07.18	00:57:20.731	0.60800				2
2024.07.18	00:57:37.068		0.60825			4
2024.07.18	00:58:00.384	0.60801				2
2024.07.18	00:58:39.341		0.60825			4
2024.07.18	00:59:04.024	0.60801				2
2024.07.18	00:59:34.666		0.60826			4
2024.07.18	00:59:36.564	0.60800	0.60825			6
2024.07.18	00:59:43.426	0.60797	0.60822			6
2024.07.18	00:59:44.951	0.60794	0.60820			6
2024.07.18	00:59:46.350	0.60793				2
2024.07.18	01:00:00.313	0.60791	0.60814			6
2024.07.18	01:00:00.701	0.60790	0.60810			6
2024.07.18	01:00:01.003	0.60789	0.60809			6
2024.07.18	01:00:01.624		0.60811			4
2024.07.18	01:00:02.016	0.60790				2
2024.07.18	01:00:02.824	0.60794	0.60813			6
2024.07.18	01:00:03.909	0.60799				2
2024.07.18	01:00:04.223	0.60794	0.60812			6
2024.07.18	01:00:04.963	0.60795				2
2024.07.18	01:00:05.440	0.60796				2
2024.07.18	01:00:07.490	0.60798				2
2024.07.18	01:00:07.892	0.60804	0.60817			6
2024.07.18	01:00:08.213		0.60819			4
2024.07.18	01:00:09.947	0.60806				2
2024.07.18	01:00:10.412	0.60809	0.60821			6
2024.07.18	01:00:11.082	0.60810	0.60824			6
2024.07.18	01:00:11.942	0.60811				2
2024.07.18	01:00:12.243	0.60810				2
2024.07.18	01:00:15.978	0.60814				2
2024.07.18	01:00:16.283	0.60811	0.60816			6
2024.07.18	01:00:16.584		0.60818			4
2024.07.18	01:00:17.101		0.60823			4
2024.07.18	01:00:26.362	0.60816				2
2024.07.18	01:00:26.812		0.60826			4
2024.07.18	01:00:33.567	0.60821				2
2024.07.18	01:00:34.626		0.60828			4
2024.07.18	01:00:40.391		0.60826			4
2024.07.18	01:00:45.707	0.60816	0.60821			6
2024.07.18	01:00:55.169	0.60811	0.60818			6
2024.07.18	01:01:00.308	0.60811				2
2024.07.18	01:01:56.573	0.60813	0.60818			6
2024.07.18	01:01:58.598	0.60817				2
2024.07.18	01:01:58.902	0.60813				2
2024.07.18	01:02:00.393	0.60813				2
2024.07.18	01:02:00.723	0.60812				2
2024.07.18	01:02:02.848		0.60819			4
2024.07.18	01:02:05.072	0.60811				2
2024.07.18	01:02:53.440		0.60818			4
2024.07.18	01:02:55.379	0.60810				2
2024.07.18	01:03:00.493	0.60810				2
2024.07.18	01:03:08.265	0.60811				2
2024.07.18	01:03:19.643		0.60816			4
2024.07.18	01:03:20.301	0.60810				2
2024.07.18	01:03:22.868		0.60818			4
2024.07.18	01:03:23.195	0.60811				2
2024.07.18	01:03:46.999		0.60816			4
2024.07.18	01:03:47.407	0.60810				2
2024.07.18	01:03:48.697		0.60818			4
2024.07.18	01:03:50.077	0.60811				2
2024.07.18	01:03:51.315		0.60816			4
2024.07.18	01:03:52.370	0.60810				2
2024.07.18	01:04:00.272	0.60811	0.60818			6
2024.07.18	01:04:03.408		0.60816			4
2024.07.18	01:04:08.113		0.60818			4
2024.07.18	01:04:08.416		0.60815			4
2024.07.18	01:04:15.598		0.60818			4
2024.07.18	01:04:17.425		0.60815			4
2024.07.18	01:04:19.395	0.60810				2
2024.07.18	01:04:19.826		0.60818			4
2024.07.18	01:04:20.913	0.60811				2
2024.07.18	01:04:26.567		0.60815			4
2024.07.18	01:04:31.280	0.60810				2
2024.07.18	01:04:35.174	0.60811	0.60818			6
2024.07.18	01:04:35.746		0.60820			4
2024.07.18	01:04:36.484		0.60817			4
2024.07.18	01:04:41.364	0.60812				2
2024.07.18	01:04:42.222	0.60811				2
2024.07.18	01:04:52.701		0.60815			4
2024.07.18	01:04:54.625	0.60812	0.60817			6
2024.07.18	01:05:06.014	0.60811	0.60815			6
2024.07.18	01:05:09.387	0.60812				2
2024.07.18	01:05:14.380	0.60814	0.60818			6
2024.07.18	01:05:15.409	0.60812				2
2024.07.18	01:05:23.499		0.60814			4
2024.07.18	01:05:27.561	0.60807	0.60810			6
2024.07.18	01:05:31.908	0.60806				2
2024.07.18	01:05:35.160	0.60807	0.60813			6
2024.07.18	01:05:35.954		0.60810			4
2024.07.18	01:05:53.748	0.60808				2
2024.07.18	01:05:56.778	0.60807				2
2024.07.18	01:05:59.144	0.60808				2
2024.07.18	01:06:01.579	0.60809				2
2024.07.18	01:06:02.043		0.60811			4
2024.07.18	01:06:06.648	0.60808				2
2024.07.18	01:06:17.811	0.60811	0.60812			6
2024.07.18	01:06:18.155		0.60814			4
2024.07.18	01:06:22.283	0.60812				2
2024.07.18	01:06:29.873	0.60811				2
2024.07.18	01:06:32.923	0.60812				2
2024.07.18	01:07:00.240	0.60813	0.60820			6
2024.07.18	01:07:02.516	0.60814				2
2024.07.18	01:07:12.145	0.60813				2
2024.07.18	01:07:48.391	0.60814				2
2024.07.18	01:08:01.013	0.60814	0.60820			6
2024.07.18	01:08:08.773		0.60819			4
2024.07.18	01:08:09.389		0.60820			4
2024.07.18	01:08:46.720	0.60813				2
2024.07.18	01:08:49.408		0.60819			4
2024.07.18	01:08:50.412		0.60820			4
2024.07.18	01:08:52.310	0.60812	0.60819			6
2024.07.18	01:08:54.252	0.60813				2
2024.07.18	01:08:55.648	0.60806	0.60811			6
2024.07.18	01:09:02.781	0.60806				2
2024.07.18	01:09:11.009	0.60807	0.60812			6
2024.07.18	01:09:40.182	0.60811	0.60816			6
2024.07.18	01:09:42.977	0.60812				2
2024.07.18	01:10:00.111	0.60811				2
2024.07.18	01:10:01.517	0.60813				2
2024.07.18	01:10:20.353	0.60816	0.60819			6
2024.07.18	01:10:20.813		0.60820			4
2024.07.18	01:10:24.950	0.60817				2
2024.07.18	01:10:34.569	0.60816				2
2024.07.18	01:10:44.641		0.60819			4
2024.07.18	01:10:45.505	0.60815				2
2024.07.18	01:11:05.780	0.60815				2
2024.07.18	01:11:12.680		0.60820			4
2024.07.18	01:11:14.959		0.60819			4
2024.07.18	01:11:16.276	0.60814				2
2024.07.18	01:11:25.287	0.60815				2
2024.07.18	01:11:34.901	0.60814				2
2024.07.18	01:11:54.428	0.60812	0.60817			6
2024.07.18	01:12:00.356	0.60812				2
2024.07.18	01:12:12.877	0.60811				2
2024.07.18	01:12:16.771		0.60816			4
2024.07.18	01:12:21.498		0.60817			4
2024.07.18	01:12:25.877	0.60812				2
2024.07.18	01:12:54.416	0.60815	0.60819			6
2024.07.18	01:12:57.120	0.60816				2
2024.07.18	01:13:01.199	0.60816				2
2024.07.18	01:13:14.962	0.60817	0.60821			6
2024.07.18	01:13:34.894		0.60818			4
2024.07.18	01:13:36.033		0.60821			4
2024.07.18	01:13:53.293	0.60819				2
2024.07.18	01:13:53.602	0.60817				2
2024.07.18	01:14:00.363	0.60817				2
2024.07.18	01:14:07.323	0.60814	0.60817			6
2024.07.18	01:14:07.633	0.60813				2
2024.07.18	01:14:22.102	0.60815	0.60819			6
2024.07.18	01:14:27.683	0.60816				2
2024.07.18	01:14:49.879	0.60815				2
2024.07.18	01:14:52.086	0.60816				2
2024.07.18	01:14:56.190	0.60817				2
2024.07.18	01:15:00.406	0.60817				2
2024.07.18	01:15:00.871	0.60816				2
2024.07.18	01:15:02.813	0.60817				2
2024.07.18	01:15:04.698	0.60816				2
2024.07.18	01:15:18.305	0.60817				2
2024.07.18	01:15:19.965		0.60818			4
2024.07.18	01:15:20.332	0.60816				2
2024.07.18	01:15:20.770		0.60819			4
2024.07.18	01:15:22.281	0.60817				2
2024.07.18	01:15:22.669		0.60820			4
2024.07.18	01:15:44.467	0.60816				2
2024.07.18	01:15:54.621	0.60815				2
2024.07.18	01:16:00.162	0.60815				2
2024.07.18	01:16:01.004	0.60814				2
2024.07.18	01:16:07.584	0.60815				2
2024.07.18	01:16:08.445	0.60814				2
2024.07.18	01:16:13.955		0.60818			4
2024.07.18	01:16:14.257		0.60820			4
2024.07.18	01:16:17.190	0.60815				2
2024.07.18	01:16:24.231	0.60814				2
2024.07.18	01:16:25.640	0.60815				2
2024.07.18	01:16:26.804	0.60814				2
2024.07.18	01:16:30.696	0.60815				2
2024.07.18	01:16:31.761	0.60814				2
2024.07.18	01:16:36.920	0.60815				2
2024.07.18	01:16:38.832	0.60816				2
2024.07.18	01:16:44.393	0.60817				2
2024.07.18	01:16:47.223		0.60821			4
2024.07.18	01:16:50.983	0.60816				2
2024.07.18	01:17:00.226	0.60816				2
2024.07.18	01:17:28.218		0.60820			4
2024.07.18	01:17:31.813		0.60821			4
2024.07.18	01:17:33.595	0.60815				2
2024.07.18	01:17:34.573		0.60820			4
2024.07.18	01:17:35.881	0.60816	0.60821			6
2024.07.18	01:17:45.396	0.60815				2
2024.07.18	01:18:00.368	0.60815				2
2024.07.18	01:18:07.553	0.60814	0.60820			6
2024.07.18	01:18:07.864	0.60813	0.60819			6
2024.07.18	01:18:08.334	0.60814				2
2024.07.18	01:18:11.212	0.60813				2
2024.07.18	01:18:14.292		0.60818			4
2024.07.18	01:18:30.626		0.60817			4
2024.07.18	01:18:31.896		0.60818			4
2024.07.18	01:18:33.337		0.60817			4
2024.07.18	01:18:34.150		0.60818			4
2024.07.18	01:18:38.116	0.60814				2
2024.07.18	01:18:43.657		0.60817			4
2024.07.18	01:18:44.399		0.60818			4
2024.07.18	01:18:54.729		0.60817			4
2024.07.18	01:19:00.561	0.60814				2
2024.07.18	01:19:01.025		0.60816			4
2024.07.18	01:19:09.170	0.60811	0.60815			6
2024.07.18	01:19:24.415	0.60812				2
2024.07.18	01:19:28.771	0.60811				2
2024.07.18	01:19:37.388	0.60813				2
2024.07.18	01:19:40.723	0.60812				2
2024.07.18	01:19:45.382	0.60813				2
2024.07.18	01:20:02.072	0.60812				2
2024.07.18	01:20:07.134	0.60813				2
2024.07.18	01:20:07.561	0.60812				2
2024.07.18	01:20:08.653	0.60813	0.60816			6
2024.07.18	01:20:12.197	0.60812				2
2024.07.18	01:20:17.287	0.60811				2
2024.07.18	01:20:18.938	0.60812				2
2024.07.18	01:20:28.182	0.60813				2
2024.07.18	01:20:47.530	0.60817	0.60819			6
2024.07.18	01:20:49.869	0.60816				2
2024.07.18	01:20:50.679	0.60817				2
2024.07.18	01:20:51.133	0.60816				2
2024.07.18	01:20:52.870	0.60818				2
2024.07.18	01:20:53.634	0.60816				2
2024.07.18	01:20:54.645	0.60817				2
2024.07.18	01:21:00.412	0.60817				2
2024.07.18	01:21:03.510	0.60816				2
2024.07.18	01:21:47.799		0.60819			4
2024.07.18	01:22:00.223	0.60816				2
2024.07.18	01:22:01.380	0.60818	0.60821			6
2024.07.18	01:22:01.983	0.60817				2
2024.07.18	01:22:04.548	0.60816	0.60820			6
2024.07.18	01:22:15.156		0.60819			4
2024.07.18	01:22:15.462		0.60820			4
2024.07.18	01:22:22.490	0.60817				2
2024.07.18	01:22:46.669	0.60818				2
2024.07.18	01:22:47.039	0.60817				2
2024.07.18	01:22:49.475		0.60821			4
2024.07.18	01:22:49.781	0.60816	0.60820			6
2024.07.18	01:22:58.382	0.60817				2
2024.07.18	01:22:59.589		0.60822			4
2024.07.18	01:22:59.906		0.60821			4
2024.07.18	01:23:00.492	0.60817				2
2024.07.18	01:23:02.838	0.60818				2
2024.07.18	01:23:05.055		0.60822			4
2024.07.18	01:23:44.601		0.60821			4
2024.07.18	01:23:46.208	0.60817				2
2024.07.18	01:23:51.207	0.60818				2
2024.07.18	01:23:51.986	0.60817				2
2024.07.18	01:24:00.129	0.60817				2
2024.07.18	01:24:01.446	0.60816	0.60819			6
2024.07.18	01:24:10.707	0.60814	0.60818			6
2024.07.18	01:24:11.041	0.60816	0.60819			6
2024.07.18	01:24:37.892		0.60820			4
2024.07.18	01:24:51.581	0.60817	0.60821			6
2024.07.18	01:24:56.123	0.60818				2
2024.07.18	01:25:01.582	0.60818				2
2024.07.18	01:25:04.780		0.60820			4
2024.07.18	01:25:10.383	0.60817				2
2024.07.18	01:25:22.326	0.60818	0.60821			6
2024.07.18	01:25:23.403	0.60819				2
2024.07.18	01:25:30.163	0.60818				2
2024.07.18	01:25:34.399		0.60820			4
2024.07.18	01:25:36.561	0.60817				2
2024.07.18	01:25:44.442	0.60818	0.60821			6
2024.07.18	01:25:44.752		0.60820			4
2024.07.18	01:25:45.111	0.60817				2
2024.07.18	01:25:51.372	0.60818	0.60821			6
2024.07.18	01:25:51.682		0.60820			4
2024.07.18	01:25:52.977	0.60819	0.60821			6
2024.07.18	01:25:53.596	0.60818	0.60820			6
2024.07.18	01:25:59.067	0.60819	0.60821			6
2024.07.18	01:26:00.477	0.60819	0.60822			6
2024.07.18	01:26:02.540		0.60821			4
2024.07.18	01:26:06.612		0.60823			4
2024.07.18	01:26:10.031		0.60822			4
2024.07.18	01:26:14.206	0.60818				2
2024.07.18	01:26:28.012	0.60817				2
2024.07.18	01:26:31.017	0.60818	0.60821			6
2024.07.18	01:26:31.381	0.60817				2
2024.07.18	01:26:32.392	0.60818				2
2024.07.18	01:26:32.697		0.60822			4
2024.07.18	01:26:35.781	0.60816	0.60821			6
2024.07.18	01:26:36.082	0.60817				2
2024.07.18	01:26:37.367		0.60820			4
2024.07.18	01:26:38.670		0.60819			4
2024.07.18	01:26:42.394		0.60820			4
2024.07.18	01:26:42.831		0.60821			4
2024.07.18	01:27:01.193	0.60817				2
2024.07.18	01:27:18.584	0.60816				2
2024.07.18	01:27:43.687		0.60821			4
2024.07.18	01:27:46.935	0.60817				2
2024.07.18	01:27:47.243	0.60819	0.60822			6
2024.07.18	01:27:48.295		0.60823			4
2024.07.18	01:27:48.603	0.60818	0.60822			6
2024.07.18	01:27:49.709	0.60819				2
2024.07.18	01:28:00.112	0.60819				2
2024.07.18	01:28:37.593	0.60818	0.60821			6
2024.07.18	01:28:37.901		0.60822			4
2024.07.18	01:28:57.490		0.60819			4
2024.07.18	01:28:57.791		0.60822			4
2024.07.18	01:28:59.101	0.60819				2
2024.07.18	01:28:59.415	0.60817				2
2024.07.18	01:28:59.730	0.60819				2
2024.07.18	01:29:00.147	0.60819				2
2024.07.18	01:29:00.462	0.60817				2
2024.07.18	01:29:01.148		0.60821			4
2024.07.18	01:29:03.170	0.60813	0.60815			6
2024.07.18	01:29:03.483	0.60812				2
2024.07.18	01:29:04.917	0.60811				2
2024.07.18	01:30:00.124	0.60811				2
2024.07.18	01:30:01.450	0.60810	0.60816			6
2024.07.18	01:30:02.673	0.60811	0.60815			6
2024.07.18	01:30:03.626	0.60809	0.60812			6
2024.07.18	01:30:03.928	0.60808				2
2024.07.18	01:30:04.233		0.60811			4
2024.07.18	01:30:13.039	0.60807				2
2024.07.18	01:30:17.301	0.60805	0.60809			6
2024.07.18	01:30:17.610	0.60806				2
2024.07.18	01:30:18.358	0.60805				2
2024.07.18	01:30:48.381	0.60807				2
2024.07.18	01:30:54.782	0.60806				2
2024.07.18	01:30:58.105	0.60807				2
2024.07.18	01:30:59.874	0.60808				2
2024.07.18	01:31:00.213	0.60808				2
2024.07.18	01:31:00.631	0.60806				2
2024.07.18	01:31:07.418	0.60805				2
2024.07.18	01:31:08.877	0.60804				2
2024.07.18	01:31:14.100	0.60805				2
2024.07.18	01:31:17.341		0.60809			4
2024.07.18	01:31:19.530	0.60806				2
2024.07.18	01:31:26.197		0.60808			4
2024.07.18	01:31:35.964	0.60808	0.60809			6
2024.07.18	01:31:46.684	0.60809	0.60810			6
2024.07.18	01:31:49.785	0.60808	0.60809			6
2024.07.18	01:31:51.348	0.60809	0.60810			6
2024.07.18	01:32:00.154	0.60809				2
2024.07.18	01:32:11.147	0.60806	0.60808			6
2024.07.18	01:32:27.400		0.60809			4
2024.07.18	01:32:36.394	0.60805				2
2024.07.18	01:32:42.073		0.60808			4
2024.07.18	01:32:49.644		0.60809			4
2024.07.18	01:32:56.739	0.60806	0.60808			6
2024.07.18	01:33:00.092	0.60806				2
2024.07.18	01:33:00.516	0.60807	0.60809			6
2024.07.18	01:33:00.886	0.60806				2
2024.07.18	01:33:23.381	0.60805				2
2024.07.18	01:33:26.544	0.60804	0.60806			6
2024.07.18	01:33:30.584	0.60802	0.60805			6
2024.07.18	01:33:30.903	0.60804				2
2024.07.18	01:33:37.005	0.60802	0.60806			6
2024.07.18	01:33:39.480	0.60804	0.60807			6
2024.07.18	01:34:00.551	0.60804				2
2024.07.18	01:34:03.161	0.60803				2
2024.07.18	01:34:10.620	0.60802	0.60805			6
2024.07.18	01:34:11.947	0.60801				2
2024.07.18	01:34:14.121	0.60803	0.60806			6
2024.07.18	01:34:16.325	0.60804				2
2024.07.18	01:34:16.659	0.60805	0.60807			6
2024.07.18	01:34:16.964	0.60806				2
2024.07.18	01:34:26.807		0.60808			4
2024.07.18	01:34:29.150	0.60804	0.60806			6
2024.07.18	01:34:30.527	0.60805	0.60807			6
2024.07.18	01:34:38.414	0.60803	0.60806			6
2024.07.18	01:34:40.368	0.60804				2
2024.07.18	01:35:00.359	0.60804				2
2024.07.18	01:35:01.008	0.60805	0.60807			6
2024.07.18	01:35:01.320	0.60806	0.60810			6
2024.07.18	01:35:01.621		0.60809			4
2024.07.18	01:35:03.454	0.60807	0.60810			6
2024.07.18	01:35:05.370		0.60809			4
2024.07.18	01:35:06.150	0.60806				2
2024.07.18	01:35:07.870	0.60805				2
2024.07.18	01:35:14.122	0.60806				2
2024.07.18	01:36:00.365	0.60806				2
2024.07.18	01:36:05.515	0.60805	0.60809			6
2024.07.18	01:36:10.875	0.60804	0.60806			6
2024.07.18	01:36:13.002	0.60803				2
2024.07.18	01:36:13.318		0.60805			4
2024.07.18	01:36:15.071	0.60802				2
2024.07.18	01:36:18.380	0.60803				2
2024.07.18	01:36:25.300	0.60802	0.60804			6
2024.07.18	01:36:26.067	0.60800				2
2024.07.18	01:36:44.500	0.60801				2
2024.07.18	01:36:45.678	0.60802				2
2024.07.18	01:37:00.114	0.60802				2
2024.07.18	01:37:20.483	0.60800				2
2024.07.18	01:37:25.931	0.60802	0.60804			6
2024.07.18	01:37:26.244	0.60801				2
2024.07.18	01:37:26.601	0.60800				2
2024.07.18	01:37:40.270	0.60802				2
2024.07.18	01:37:41.017	0.60803				2
2024.07.18	01:37:41.783	0.60802				2
2024.07.18	01:37:48.486	0.60801				2
2024.07.18	01:37:54.522	0.60800				2
2024.07.18	01:37:55.160		0.60803			4
2024.07.18	01:37:57.625	0.60799				2
2024.07.18	01:37:59.387	0.60798				2
2024.07.18	01:37:59.958	0.60799				2
2024.07.18	01:38:00.749	0.60799				2
2024.07.18	01:38:05.261	0.60798				2
2024.07.18	01:38:20.825	0.60797	0.60800			6
2024.07.18	01:38:23.049	0.60798				2
2024.07.18	01:38:25.721	0.60797				2
2024.07.18	01:38:29.481	0.60798				2
2024.07.18	01:38:48.952	0.60797				2
2024.07.18	01:38:50.101	0.60798				2
2024.07.18	01:39:00.014	0.60797				2
2024.07.18	01:39:01.278	0.60796				2
2024.07.18	01:39:02.139	0.60797				2
2024.07.18	01:39:03.890		0.60801			4
2024.07.18	01:39:05.901	0.60798				2
2024.07.18	01:39:06.872	0.60797				2
2024.07.18	01:39:09.230	0.60798				2
2024.07.18	01:39:36.424	0.60799				2
2024.07.18	01:40:00.050	0.60799				2
2024.07.18	01:40:03.993		0.60801			4
2024.07.18	01:40:21.660	0.60797				2
2024.07.18	01:40:22.390	0.60798				2
2024.07.18	01:40:22.701	0.60796				2
2024.07.18	01:40:27.820	0.60797				2
2024.07.18	01:40:28.161	0.60796				2
2024.07.18	01:40:33.973		0.60800			4
2024.07.18	01:40:47.300	0.60795				2
2024.07.18	01:40:47.613	0.60796	0.60801			6
2024.07.18	01:40:47.920	0.60797				2
2024.07.18	01:40:53.920	0.60798				2
2024.07.18	01:40:54.343	0.60799				2
2024.07.18	01:41:03.890	0.60799				2
2024.07.18	01:41:19.854	0.60798				2
2024.07.18	01:41:20.871	0.60799	0.60802			6
2024.07.18	01:41:43.941	0.60800	0.60803			6
2024.07.18	01:41:44.291	0.60799				2
2024.07.18	01:42:00.454	0.60799	0.60802			6
2024.07.18	01:42:02.282		0.60803			4
2024.07.18	01:42:19.213	0.60798				2
2024.07.18	01:42:23.998	0.60799				2
2024.07.18	01:42:24.306	0.60798				2
2024.07.18	01:42:24.807	0.60799				2
2024.07.18	01:42:29.561	0.60798				2
2024.07.18	01:42:31.168	0.60801	0.60804			6
2024.07.18	01:42:37.661	0.60802	0.60805			6
2024.07.18	01:42:38.302	0.60801				2
2024.07.18	01:42:38.614		0.60804			4
2024.07.18	01:43:00.127	0.60801				2
2024.07.18	01:43:05.178		0.60805			4
2024.07.18	01:43:05.484	0.60802				2
2024.07.18	01:43:13.702	0.60800	0.60803			6
2024.07.18	01:43:15.106		0.60804			4
2024.07.18	01:43:25.271		0.60803			4
2024.07.18	01:43:40.780	0.60803	0.60804			6
2024.07.18	01:43:41.084	0.60802				2
2024.07.18	01:44:00.277	0.60803				2
2024.07.18	01:44:02.387	0.60804	0.60805			6
2024.07.18	01:44:06.222	0.60802	0.60804			6
2024.07.18	01:44:07.481	0.60803				2
2024.07.18	01:44:22.083	0.60802				2
2024.07.18	01:44:24.974	0.60800				2
2024.07.18	01:44:29.539	0.60802				2
2024.07.18	01:44:37.739	0.60800				2
2024.07.18	01:44:47.426		0.60803			4
2024.07.18	01:44:51.426	0.60798	0.60800			6
2024.07.18	01:44:51.730	0.60797	0.60799			6
2024.07.18	01:44:52.834	0.60794	0.60796			6
2024.07.18	01:45:00.727	0.60794				2
2024.07.18	01:45:05.140	0.60793				2
2024.07.18	01:45:07.177	0.60794				2
2024.07.18	01:45:12.665	0.60793	0.60795			6
2024.07.18	01:45:16.829	0.60792	0.60794			6
2024.07.18	01:45:17.550	0.60791				2
2024.07.18	01:45:22.045	0.60790	0.60791			6
2024.07.18	01:45:22.351		0.60792			4
2024.07.18	01:45:23.304	0.60789	0.60791			6
2024.07.18	01:45:23.608	0.60790	0.60792			6
2024.07.18	01:45:24.659	0.60789	0.60791			6
2024.07.18	01:45:25.449	0.60790				2
2024.07.18	01:45:25.764		0.60792			4
2024.07.18	01:45:27.027	0.60791				2
2024.07.18	01:45:27.352	0.60790				2
2024.07.18	01:45:27.756	0.60791				2
2024.07.18	01:45:36.463	0.60794	0.60795			6
2024.07.18	01:45:40.737	0.60795	0.60796			6
2024.07.18	01:45:42.824	0.60794	0.60795			6
2024.07.18	01:45:48.671		0.60796			4
2024.07.18	01:45:48.984	0.60795				2
2024.07.18	01:45:50.851	0.60794				2
2024.07.18	01:45:54.566	0.60795				2
2024.07.18	01:45:57.959	0.60796	0.60797			6
2024.07.18	01:45:59.202	0.60795	0.60796			6
2024.07.18	01:46:00.325	0.60795				2
2024.07.18	01:46:10.492	0.60796	0.60797			6
2024.07.18	01:47:00.311	0.60796				2
2024.07.18	01:47:12.884		0.60797			4
2024.07.18	01:47:25.462	0.60799	0.60800			6
2024.07.18	01:47:34.861	0.60798				2
2024.07.18	01:47:42.284		0.60799			4
2024.07.18	01:47:42.587		0.60800			4
2024.07.18	01:47:46.047	0.60797				2
2024.07.18	01:47:56.484	0.60794	0.60796			6
2024.07.18	01:48:00.144	0.60794				2
2024.07.18	01:48:03.333		0.60797			4
2024.07.18	01:48:06.381		0.60796			4
2024.07.18	01:48:08.242		0.60797			4
2024.07.18	01:48:09.289	0.60793	0.60795			6
2024.07.18	01:48:21.303	0.60794				2
2024.07.18	01:48:43.187	0.60792				2
2024.07.18	01:49:00.401	0.60792				2
2024.07.18	01:49:09.572		0.60795			4
2024.07.18	01:49:11.547	0.60793				2
2024.07.18	01:49:13.056	0.60792				2
2024.07.18	01:49:13.434	0.60793				2
2024.07.18	01:49:19.773	0.60792				2
2024.07.18	01:49:35.052	0.60791				2
2024.07.18	01:49:36.437	0.60793				2
2024.07.18	01:49:39.383	0.60794				2
2024.07.18	01:49:41.825	0.60792	0.60794			6
2024.07.18	01:49:50.282	0.60793				2
2024.07.18	01:49:50.587	0.60792				2
2024.07.18	01:49:54.155		0.60795			4
2024.07.18	01:49:54.596		0.60794			4
2024.07.18	01:50:02.302	0.60792				2
2024.07.18	01:50:13.270	0.60794	0.60795			6
2024.07.18	01:50:13.622	0.60795	0.60796			6
2024.07.18	01:50:15.907	0.60797	0.60798			6
2024.07.18	01:50:20.283	0.60796	0.60797			6
2024.07.18	01:50:22.771	0.60795				2
2024.07.18	01:50:23.079	0.60796				2
2024.07.18	01:50:50.313	0.60794	0.60795			6
2024.07.18	01:50:51.718		0.60796			4
2024.07.18	01:50:52.587		0.60795			4
2024.07.18	01:50:53.114	0.60795	0.60796			6
2024.07.18	01:50:53.426		0.60797			4
2024.07.18	01:51:00.441	0.60795				2
2024.07.18	01:51:06.634	0.60793	0.60796			6
2024.07.18	01:51:18.602	0.60794				2
2024.07.18	01:51:26.940	0.60793	0.60795			6
2024.07.18	01:51:29.649	0.60794	0.60796			6
2024.07.18	01:51:42.134		0.60797			4
2024.07.18	01:51:43.455	0.60793	0.60795			6
2024.07.18	01:51:58.911	0.60794	0.60797			6
2024.07.18	01:52:00.324	0.60794				2
2024.07.18	01:52:04.893		0.60796			4
2024.07.18	01:52:31.025	0.60793	0.60795			6
2024.07.18	01:52:42.804	0.60789	0.60792			6
2024.07.18	01:52:45.388		0.60791			4
2024.07.18	01:52:48.092	0.60790				2
2024.07.18	01:52:53.186		0.60792			4
2024.07.18	01:53:01.607	0.60789				2
2024.07.18	01:53:13.140	0.60790				2
2024.07.18	01:53:17.343	0.60794	0.60795			6
2024.07.18	01:53:27.114	0.60793				2
2024.07.18	01:53:27.986	0.60794				2
2024.07.18	01:53:43.638	0.60793	0.60794			6
2024.07.18	01:53:51.002	0.60794	0.60795			6
2024.07.18	01:53:51.822	0.60793	0.60794			6
2024.07.18	01:54:00.492	0.60793				2
2024.07.18	01:54:04.763	0.60791	0.60793			6
2024.07.18	01:54:07.847		0.60792			4
2024.07.18	01:54:27.814		0.60793			4
2024.07.18	01:54:31.054		0.60792			4
2024.07.18	01:54:31.354		0.60793			4
2024.07.18	01:54:33.320	0.60790	0.60792			6
2024.07.18	01:54:34.714		0.60793			4
2024.07.18	01:54:47.696		0.60792			4
2024.07.18	01:54:55.828		0.60791			4
2024.07.18	01:55:03.783	0.60790				2
2024.07.18	01:55:10.877		0.60792			4
2024.07.18	01:55:12.396	0.60793	0.60795			6
2024.07.18	01:55:13.017	0.60794				2
2024.07.18	01:55:19.319	0.60793				2
2024.07.18	01:55:19.643	0.60791	0.60793			6
2024.07.18	01:55:25.179		0.60794			4
2024.07.18	01:55:36.625	0.60789	0.60792			6
2024.07.18	01:55:37.388		0.60791			4
2024.07.18	01:56:00.307	0.60789				2
2024.07.18	01:56:25.390	0.60788				2
2024.07.18	01:56:30.281	0.60791	0.60794			6
2024.07.18	01:56:31.059	0.60788	0.60792			6
2024.07.18	01:56:42.910		0.60791			4
2024.07.18	01:56:56.808	0.60793	0.60796			6
2024.07.18	01:56:57.478		0.60795			4
2024.07.18	01:57:01.481	0.60793	0.60796			6
2024.07.18	01:57:15.945	0.60794	0.60797			6
2024.07.18	01:57:22.912	0.60795				2
2024.07.18	01:57:24.850	0.60792	0.60793			6
2024.07.18	01:57:26.786	0.60791	0.60792			6
2024.07.18	01:57:41.970	0.60790				2
2024.07.18	01:57:42.275	0.60789	0.60790			6
2024.07.18	01:57:48.139		0.60792			4
2024.07.18	01:57:48.466		0.60791			4
2024.07.18	01:57:50.938	0.60788	0.60789			6
2024.07.18	01:57:53.350		0.60790			4
2024.07.18	01:57:54.724	0.60789	0.60791			6
2024.07.18	01:58:02.430	0.60789				2
2024.07.18	01:58:13.766	0.60794	0.60795			6
2024.07.18	01:58:16.192	0.60792				2
2024.07.18	01:58:21.101		0.60794			4
2024.07.18	01:58:24.374		0.60793			4
2024.07.18	01:58:35.645	0.60790	0.60791			6
2024.07.18	01:58:35.950	0.60788	0.60789			6
2024.07.18	01:58:36.699	0.60789	0.60790			6
2024.07.18	01:58:40.290	0.60792	0.60793			6
2024.07.18	01:58:50.051	0.60791				2
2024.07.18	01:58:50.363		0.60792			4
2024.07.18	01:58:51.542		0.60793			4
2024.07.18	01:58:54.452	0.60793	0.60794			6
2024.07.18	01:58:56.489	0.60791	0.60793			6
2024.07.18	01:58:58.368		0.60794			4
2024.07.18	01:58:58.737	0.60792				2
2024.07.18	01:59:00.224	0.60792				2
2024.07.18	01:59:01.267		0.60793			4
2024.07.18	01:59:03.193		0.60794			4
2024.07.18	01:59:06.383	0.60791				2
2024.07.18	01:59:10.039	0.60792				2
2024.07.18	01:59:10.806		0.60795			4
2024.07.18	01:59:11.170	0.60791	0.60794			6
2024.07.18	01:59:18.342	0.60792	0.60795			6
2024.07.18	01:59:27.583		0.60794			4
2024.07.18	01:59:28.258		0.60795			4
2024.07.18	01:59:36.961		0.60796			4
2024.07.18	01:59:40.585	0.60793				2
2024.07.18	01:59:41.159		0.60795			4
2024.07.18	01:59:42.227		0.60796			4
2024.07.18	02:00:00.065	0.60799	0.60801			6
2024.07.18	02:00:04.135	0.60800				2
2024.07.18	02:00:04.442	0.60802	0.60805			6
2024.07.18	02:00:04.743	0.60803				2
2024.07.18	02:00:12.200	0.60804				2
2024.07.18	02:00:32.640	0.60805	0.60807			6
2024.07.18	02:00:33.445	0.60806				2
2024.07.18	02:00:36.541	0.60805				2
2024.07.18	02:00:46.763	0.60806				2
2024.07.18	02:01:00.392	0.60806				2
2024.07.18	02:01:28.710	0.60809	0.60810			6
2024.07.18	02:01:37.477	0.60810	0.60811			6
2024.07.18	02:01:37.782	0.60809	0.60810			6
2024.07.18	02:02:00.162	0.60809				2
2024.07.18	02:02:06.176	0.60808				2
2024.07.18	02:02:07.572	0.60809				2
2024.07.18	02:02:10.979	0.60808				2
2024.07.18	02:02:13.701	0.60809				2
2024.07.18	02:02:18.422	0.60808				2
2024.07.18	02:02:19.045	0.60809				2
2024.07.18	02:02:21.127		0.60811			4
2024.07.18	02:02:22.441	0.60810				2
2024.07.18	02:02:32.381		0.60812			4
2024.07.18	02:02:43.745	0.60809				2
2024.07.18	02:02:44.963	0.60810				2
2024.07.18	02:02:45.368	0.60812	0.60813			6
2024.07.18	02:02:45.682	0.60814	0.60816			6
2024.07.18	02:02:58.653		0.60815			4
2024.07.18	02:03:00.314	0.60813				2
2024.07.18	02:03:13.224	0.60814				2
2024.07.18	02:03:13.645	0.60813				2
2024.07.18	02:03:16.430	0.60814	0.60816			6
2024.07.18	02:03:17.413		0.60815			4
2024.07.18	02:03:20.086	0.60811	0.60813			6
2024.07.18	02:03:20.403	0.60810				2
2024.07.18	02:03:26.199		0.60812			4
2024.07.18	02:03:28.821		0.60811			4
2024.07.18	02:03:30.459		0.60812			4
2024.07.18	02:03:45.506	0.60812	0.60814			6
2024.07.18	02:03:56.982	0.60813	0.60815			6
2024.07.18	02:03:57.381		0.60814			4
2024.07.18	02:04:00.218	0.60813				2
2024.07.18	02:04:15.183	0.60814	0.60815			6
2024.07.18	02:04:18.486	0.60812	0.60816			6
2024.07.18	02:04:19.723	0.60815				2
2024.07.18	02:04:26.243	0.60814	0.60815			6
2024.07.18	02:04:28.890	0.60815	0.60816			6
2024.07.18	02:04:31.437	0.60813	0.60815			6
2024.07.18	02:04:40.239	0.60814				2
2024.07.18	02:04:45.655	0.60813				2
2024.07.18	02:04:47.718	0.60808	0.60811			6
2024.07.18	02:04:48.024	0.60809				2
2024.07.18	02:04:50.250		0.60810			4
2024.07.18	02:05:00.287	0.60809				2
2024.07.18	02:05:09.026	0.60810	0.60811			6
2024.07.18	02:05:09.361	0.60813	0.60815			6
2024.07.18	02:05:10.985	0.60812	0.60814			6
2024.07.18	02:05:12.670		0.60813			4
2024.07.18	02:05:12.974		0.60814			4
2024.07.18	02:05:15.066	0.60813	0.60815			6
2024.07.18	02:05:19.549	0.60814				2
2024.07.18	02:05:20.189	0.60815	0.60816			6
2024.07.18	02:05:20.496	0.60814	0.60815			6
2024.07.18	02:05:20.804	0.60817	0.60818			6
2024.07.18	02:05:21.124	0.60821	0.60822			6
2024.07.18	02:05:21.745	0.60822	0.60823			6
2024.07.18	02:05:22.064	0.60820				2
2024.07.18	02:05:22.386	0.60824	0.60825			6
2024.07.18	02:05:22.687	0.60823				2
2024.07.18	02:05:23.303	0.60822	0.60824			6
2024.07.18	02:05:23.913	0.60819	0.60822			6
2024.07.18	02:05:25.163	0.60818	0.60821			6
2024.07.18	02:05:25.618	0.60820	0.60823			6
2024.07.18	02:05:25.923	0.60821	0.60824			6
2024.07.18	02:05:26.225	0.60822				2
2024.07.18	02:05:27.213	0.60823	0.60825			6
2024.07.18	02:05:27.525	0.60822				2
2024.07.18	02:05:28.187	0.60823				2
2024.07.18	02:05:29.568	0.60822				2
2024.07.18	02:05:29.890		0.60824			4
2024.07.18	02:05:30.514	0.60823				2
2024.07.18	02:05:35.218	0.60822				2
2024.07.18	02:05:40.246	0.60821	0.60823			6
2024.07.18	02:05:40.666	0.60823	0.60824			6
2024.07.18	02:05:43.043	0.60824	0.60825			6
2024.07.18	02:05:45.073	0.60823	0.60824			6
2024.07.18	02:05:50.728	0.60822	0.60823			6
2024.07.18	02:05:51.393		0.60824			4
2024.07.18	02:05:52.534	0.60823				2
2024.07.18	02:05:54.921	0.60820	0.60822			6
2024.07.18	02:05:55.264	0.60821	0.60823			6
2024.07.18	02:05:55.960	0.60822				2
2024.07.18	02:05:57.117	0.60821				2
2024.07.18	02:05:57.510	0.60822	0.60824			6
2024.07.18	02:05:58.738		0.60823			4
2024.07.18	02:06:00.131	0.60822				2
2024.07.18	02:06:00.525	0.60824	0.60825			6
2024.07.18	02:06:00.929	0.60820	0.60821			6
2024.07.18	02:06:01.314		0.60822			4
2024.07.18	02:06:01.620		0.60821			4
2024.07.18	02:06:06.299		0.60822			4
2024.07.18	02:06:09.115	0.60823	0.60824			6
2024.07.18	02:06:10.348		0.60825			4
2024.07.18	02:06:10.833	0.60824				2
2024.07.18	02:06:11.889	0.60821	0.60822			6
2024.07.18	02:06:12.201	0.60820	0.60821			6
2024.07.18	02:06:13.201		0.60823			4
2024.07.18	02:06:14.030	0.60823	0.60825			6
2024.07.18	02:06:14.346		0.60824			4
2024.07.18	02:06:15.394	0.60822	0.60823			6
2024.07.18	02:06:16.821		0.60824			4
2024.07.18	02:06:18.177	0.60825	0.60826			6
2024.07.18	02:06:24.957		0.60827			4
2024.07.18	02:06:25.276	0.60826	0.60829			6
2024.07.18	02:06:25.592	0.60828				2
2024.07.18	02:06:25.896		0.60830			4
2024.07.18	02:06:26.209	0.60829				2
2024.07.18	02:06:28.630		0.60831			4
2024.07.18	02:06:28.994		0.60830			4
2024.07.18	02:06:32.315	0.60828	0.60829			6
2024.07.18	02:06:32.677	0.60827	0.60828			6
2024.07.18	02:06:33.310	0.60828	0.60829			6
2024.07.18	02:06:40.961	0.60829	0.60830			6
2024.07.18	02:06:41.294	0.60828	0.60829			6
2024.07.18	02:06:42.411	0.60827				2
2024.07.18	02:06:43.016	0.60828				2
2024.07.18	02:06:46.469	0.60823	0.60826			6
2024.07.18	02:06:48.197	0.60822				2
2024.07.18	02:06:48.585	0.60823				2
2024.07.18	02:06:55.719	0.60822	0.60825			6
2024.07.18	02:06:56.386		0.60824			4
2024.07.18	02:06:57.476		0.60825			4
2024.07.18	02:06:58.107		0.60823			4
2024.07.18	02:06:58.497	0.60823	0.60824			6
2024.07.18	02:07:00.795	0.60823	0.60825			6
2024.07.18	02:07:01.850	0.60824	0.60827			6
2024.07.18	02:07:02.156	0.60823	0.60825			6
2024.07.18	02:07:03.706	0.60822	0.60823			6
2024.07.18	02:07:04.033	0.60819	0.60820			6
2024.07.18	02:07:04.354		0.60821			4
2024.07.18	02:07:07.409	0.60820	0.60822			6
2024.07.18	02:07:08.386		0.60821			4
2024.07.18	02:07:09.200	0.60819	0.60820			6
2024.07.18	02:07:11.048	0.60818				2
2024.07.18	02:07:12.909	0.60819				2
2024.07.18	02:07:13.287	0.60818				2
2024.07.18	02:07:13.674	0.60819				2
2024.07.18	02:07:14.162	0.60820	0.60822			6
2024.07.18	02:07:14.469		0.60821			4
2024.07.18	02:07:14.793	0.60821	0.60822			6
2024.07.18	02:07:16.819	0.60819	0.60821			6
2024.07.18	02:07:18.779	0.60820				2
2024.07.18	02:07:21.416	0.60819	0.60820			6
2024.07.18	02:07:22.107	0.60818	0.60819			6
2024.07.18	02:07:23.146		0.60820			4
2024.07.18	02:07:24.954		0.60819			4
2024.07.18	02:07:32.108	0.60817				2
2024.07.18	02:07:32.577		0.60818			4
2024.07.18	02:07:36.028	0.60816				2
2024.07.18	02:07:37.064	0.60814	0.60815			6
2024.07.18	02:07:38.346	0.60812				2
2024.07.18	02:07:40.192	0.60813				2
2024.07.18	02:07:42.557		0.60816			4
2024.07.18	02:07:42.890	0.60814				2
2024.07.18	02:07:43.194		0.60815			4
2024.07.18	02:07:43.552		0.60816			4
2024.07.18	02:07:44.293	0.60815	0.60818			6
2024.07.18	02:07:45.113		0.60817			4
2024.07.18	02:07:45.731	0.60816	0.60818			6
2024.07.18	02:07:48.795	0.60815	0.60816			6
2024.07.18	02:07:49.102		0.60817			4
2024.07.18	02:07:50.843	0.60814	0.60816			6
2024.07.18	02:07:53.445	0.60815	0.60817			6
2024.07.18	02:07:53.815		0.60816			4
2024.07.18	02:07:54.195	0.60812	0.60814			6
2024.07.18	02:07:56.770		0.60813			4
2024.07.18	02:07:57.085	0.60813	0.60814			6
2024.07.18	02:07:57.395		0.60815			4
2024.07.18	02:07:59.716		0.60816			4
2024.07.18	02:08:00.363	0.60813				2
2024.07.18	02:08:01.397		0.60817			4
2024.07.18	02:08:02.383		0.60815			4
2024.07.18	02:08:02.708		0.60816			4
2024.07.18	02:08:04.046	0.60818	0.60819			6
2024.07.18	02:08:04.360	0.60817				2
2024.07.18	02:08:05.899		0.60820			4
2024.07.18	02:08:07.647		0.60819			4
2024.07.18	02:08:10.134		0.60818			4
2024.07.18	02:08:10.443	0.60815	0.60817			6
2024.07.18	02:08:10.832		0.60816			4
2024.07.18	02:08:11.476		0.60817			4
2024.07.18	02:08:12.294	0.60816				2
2024.07.18	02:08:12.599	0.60817	0.60818			6
2024.07.18	02:08:12.904	0.60816				2
2024.07.18	02:08:13.324		0.60817			4
2024.07.18	02:08:15.357	0.60815	0.60816			6
2024.07.18	02:08:19.350	0.60813	0.60814			6
2024.07.18	02:08:19.658	0.60814	0.60815			6
2024.07.18	02:08:24.310	0.60813	0.60814			6
2024.07.18	02:08:27.744	0.60812	0.60813			6
2024.07.18	02:08:29.452	0.60813	0.60814			6
2024.07.18	02:08:33.092		0.60815			4
2024.07.18	02:08:33.415	0.60814				2
2024.07.18	02:08:33.721	0.60813				2
2024.07.18	02:08:34.747		0.60814			4
2024.07.18	02:08:36.057		0.60815			4
2024.07.18	02:08:36.756		0.60814			4
2024.07.18	02:08:39.357	0.60812	0.60813			6
2024.07.18	02:08:40.218	0.60811	0.60812			6
2024.07.18	02:08:40.651	0.60812	0.60814			6
2024.07.18	02:08:41.945	0.60815	0.60816			6
2024.07.18	02:08:42.272	0.60813	0.60815			6
2024.07.18	02:08:42.587	0.60815	0.60817			6
2024.07.18	02:08:43.818	0.60816				2
2024.07.18	02:08:47.303	0.60813	0.60815			6
2024.07.18	02:08:49.424	0.60814	0.60816			6
2024.07.18	02:08:49.739		0.60817			4
2024.07.18	02:08:50.089		0.60816			4
2024.07.18	02:08:50.526	0.60813				2
2024.07.18	02:08:51.398		0.60815			4
2024.07.18	02:08:53.913		0.60816			4
2024.07.18	02:08:57.112		0.60814			4
2024.07.18	02:09:00.325	0.60813				2
2024.07.18	02:09:04.609	0.60812	0.60813			6
2024.07.18	02:09:05.324	0.60808	0.60810			6
2024.07.18	02:09:06.362		0.60809			4
2024.07.18	02:09:06.681		0.60810			4
2024.07.18	02:09:07.443	0.60805	0.60808			6
2024.07.18	02:09:08.169	0.60806				2
2024.07.18	02:09:09.744	0.60805	0.60807			6
2024.07.18	02:09:10.998	0.60806				2
2024.07.18	02:09:12.722	0.60807	0.60809			6
2024.07.18	02:09:13.364	0.60808				2
2024.07.18	02:09:14.943	0.60806	0.60808			6
2024.07.18	02:09:17.028		0.60807			4
2024.07.18	02:09:19.872	0.60803	0.60804			6
2024.07.18	02:09:20.721	0.60802				2
2024.07.18	02:09:21.037		0.60805			4
2024.07.18	02:09:21.343	0.60803				2
2024.07.18	02:09:21.737		0.60806			4
2024.07.18	02:09:22.442	0.60804				2
2024.07.18	02:09:23.194	0.60803	0.60805			6
2024.07.18	02:09:26.287	0.60802	0.60804			6
2024.07.18	02:09:29.481		0.60805			4
2024.07.18	02:09:29.841	0.60800	0.60801			6
2024.07.18	02:09:30.145	0.60801	0.60802			6
2024.07.18	02:09:31.120	0.60800	0.60801			6
2024.07.18	02:09:33.988	0.60802	0.60803			6
2024.07.18	02:09:39.770		0.60804			4
2024.07.18	02:09:42.352	0.60801				2
2024.07.18	02:09:42.679	0.60803				2
2024.07.18	02:09:43.758	0.60804	0.60805			6
2024.07.18	02:09:44.079	0.60805	0.60806			6
2024.07.18	02:09:44.386		0.60807			4
2024.07.18	02:09:50.263		0.60806			4
2024.07.18	02:09:54.683	0.60803				2
2024.07.18	02:09:55.028		0.60805			4
2024.07.18	02:09:56.747		0.60806			4
2024.07.18	02:09:58.739	0.60802	0.60804			6
2024.07.18	02:09:59.042	0.60801	0.60803			6
2024.07.18	02:10:00.076	0.60801				2
2024.07.18	02:10:00.823		0.60804			4
2024.07.18	02:10:01.160		0.60803			4
2024.07.18	02:10:01.795		0.60804			4
2024.07.18	02:10:04.214	0.60802				2
2024.07.18	02:10:06.534	0.60803				2
2024.07.18	02:10:09.104	0.60802				2
2024.07.18	02:10:09.859	0.60803				2
2024.07.18	02:10:11.648	0.60808	0.60810			6
2024.07.18	02:10:11.965		0.60809			4
2024.07.18	02:10:14.066	0.60809	0.60810			6
2024.07.18	02:10:15.415	0.60808	0.60809			6
2024.07.18	02:10:17.567	0.60806				2
2024.07.18	02:10:18.348		0.60807			4
2024.07.18	02:10:19.017	0.60801	0.60806			6
2024.07.18	02:10:19.357		0.60805			4
2024.07.18	02:10:19.702	0.60802				2
2024.07.18	02:10:20.850		0.60804			4
2024.07.18	02:10:23.501		0.60803			4
2024.07.18	02:10:23.812		0.60804			4
2024.07.18	02:10:24.140	0.60801				2
2024.07.18	02:10:25.852		0.60803			4
2024.07.18	02:10:29.930	0.60798	0.60800			6
2024.07.18	02:10:39.430	0.60795	0.60798			6
2024.07.18	02:10:39.734		0.60797			4
2024.07.18	02:10:40.157	0.60794	0.60795			6
2024.07.18	02:10:40.784	0.60793				2
2024.07.18	02:10:41.485		0.60796			4
2024.07.18	02:10:43.387	0.60792	0.60795			6
2024.07.18	02:10:45.557	0.60793				2
2024.07.18	02:10:46.549	0.60792				2
2024.07.18	02:10:52.263	0.60793				2
2024.07.18	02:10:58.364		0.60796			4
2024.07.18	02:11:00.006	0.60793				2
2024.07.18	02:11:00.990		0.60795			4
2024.07.18	02:11:05.501	0.60792	0.60794			6
2024.07.18	02:11:13.923	0.60791	0.60793			6
2024.07.18	02:11:15.276	0.60793	0.60795			6
2024.07.18	02:11:16.898	0.60792				2
2024.07.18	02:11:17.740	0.60793				2
2024.07.18	02:11:29.162	0.60797	0.60799			6
2024.07.18	02:11:35.078	0.60798				2
2024.07.18	02:11:35.380	0.60797				2
2024.07.18	02:11:41.081	0.60796	0.60797			6
2024.07.18	02:11:41.392	0.60793	0.60796			6
2024.07.18	02:11:41.815		0.60794			4
2024.07.18	02:11:42.147		0.60795			4
2024.07.18	02:11:42.465		0.60796			4
2024.07.18	02:11:46.767	0.60797	0.60798			6
2024.07.18	02:11:47.077		0.60799			4
2024.07.18	02:11:47.767		0.60798			4
2024.07.18	02:11:49.468	0.60799	0.60800			6
2024.07.18	02:11:53.078	0.60797				2
2024.07.18	02:11:56.501	0.60798				2
2024.07.18	02:12:00.515	0.60798				2
2024.07.18	02:12:03.483		0.60799			4
2024.07.18	02:12:07.301		0.60800			4
2024.07.18	02:12:08.212		0.60799			4
2024.07.18	02:12:14.779	0.60797				2
2024.07.18	02:12:17.024	0.60798				2
2024.07.18	02:12:18.321	0.60799	0.60801			6
2024.07.18	02:12:20.591	0.60800				2
2024.07.18	02:12:20.901	0.60799				2
2024.07.18	02:12:24.237		0.60800			4
2024.07.18	02:12:27.160		0.60801			4
2024.07.18	02:12:31.250	0.60798				2
2024.07.18	02:12:34.922	0.60799				2
2024.07.18	02:12:45.261		0.60800			4
2024.07.18	02:12:54.444	0.60797	0.60799			6
2024.07.18	02:12:59.241		0.60798			4
2024.07.18	02:13:00.399	0.60797				2
2024.07.18	02:13:01.885	0.60796	0.60797			6
2024.07.18	02:13:12.553		0.60799			4
2024.07.18	02:13:12.863	0.60795				2
2024.07.18	02:13:13.177	0.60796				2
2024.07.18	02:13:13.571	0.60795				2
2024.07.18	02:13:14.242	0.60796				2
2024.07.18	02:13:14.588	0.60795				2
2024.07.18	02:13:14.956	0.60797	0.60800			6
2024.07.18	02:13:15.259	0.60799				2
2024.07.18	02:13:19.440		0.60801			4
2024.07.18	02:13:29.926	0.60798	0.60800			6
2024.07.18	02:13:32.164		0.60799			4
2024.07.18	02:13:32.469	0.60796	0.60798			6
2024.07.18	02:13:36.343	0.60795				2
2024.07.18	02:13:38.446		0.60797			4
2024.07.18	02:13:42.902		0.60796			4
2024.07.18	02:13:48.255		0.60798			4
2024.07.18	02:13:49.417	0.60796				2
2024.07.18	02:13:49.806	0.60795				2
2024.07.18	02:13:52.686	0.60796	0.60797			6
2024.07.18	02:13:53.003	0.60795	0.60796			6
2024.07.18	02:13:53.631	0.60792	0.60795			6
2024.07.18	02:13:58.709		0.60794			4
2024.07.18	02:14:00.061	0.60792				2
2024.07.18	02:14:01.251	0.60794	0.60795			6
2024.07.18	02:14:02.275	0.60792	0.60793			6
2024.07.18	02:14:02.657	0.60791	0.60792			6
2024.07.18	02:14:07.742	0.60792	0.60793			6
2024.07.18	02:14:08.047	0.60794	0.60795			6
2024.07.18	02:14:08.981	0.60793	0.60794			6
2024.07.18	02:14:10.858		0.60795			4
2024.07.18	02:14:13.043		0.60796			4
2024.07.18	02:14:13.743		0.60795			4
2024.07.18	02:14:19.724		0.60794			4
2024.07.18	02:14:20.116		0.60795			4
2024.07.18	02:14:20.908	0.60794				2
2024.07.18	02:14:21.912		0.60796			4
2024.07.18	02:14:24.783	0.60791	0.60793			6
2024.07.18	02:14:26.589	0.60792				2
2024.07.18	02:14:27.542	0.60790				2
2024.07.18	02:14:31.961	0.60791				2
2024.07.18	02:14:34.637	0.60790				2
2024.07.18	02:14:36.871		0.60791			4
2024.07.18	02:14:39.277	0.60788	0.60789			6
2024.07.18	02:14:39.601		0.60790			4
2024.07.18	02:14:51.943	0.60789				2
2024.07.18	02:14:56.461	0.60788				2
2024.07.18	02:14:56.783		0.60789			4
2024.07.18	02:14:57.086		0.60790			4
2024.07.18	02:15:00.119	0.60788				2
2024.07.18	02:15:08.355		0.60789			4
2024.07.18	02:15:08.663	0.60787	0.60788			6
2024.07.18	02:15:12.903	0.60788	0.60790			6
2024.07.18	02:15:13.221	0.60789				2
2024.07.18	02:15:29.514	0.60788				2
2024.07.18	02:15:30.882		0.60789			4
2024.07.18	02:15:40.279	0.60787				2
2024.07.18	02:15:57.546	0.60786				2
2024.07.18	02:16:00.486	0.60786				2
2024.07.18	02:16:02.389	0.60787				2
2024.07.18	02:16:13.921	0.60786				2
2024.07.18	02:16:20.600		0.60788			4
2024.07.18	02:16:22.305	0.60788	0.60789			6
2024.07.18	02:16:29.208	0.60790	0.60791			6
2024.07.18	02:16:29.524	0.60791	0.60793			6
2024.07.18	02:16:29.842		0.60794			4
2024.07.18	02:16:34.072		0.60793			4
2024.07.18	02:16:35.936	0.60787	0.60791			6
2024.07.18	02:16:36.243		0.60789			4
2024.07.18	02:16:37.270		0.60790			4
2024.07.18	02:16:40.655	0.60789	0.60791			6
2024.07.18	02:16:41.175	0.60788	0.60790			6
2024.07.18	02:16:50.870		0.60791			4
2024.07.18	02:16:51.522		0.60790			4
2024.07.18	02:16:53.658	0.60789				2
2024.07.18	02:16:56.163	0.60790	0.60791			6
2024.07.18	02:16:58.878	0.60791	0.60792			6
2024.07.18	02:17:00.421	0.60790	0.60791			6
2024.07.18	02:17:08.975	0.60788	0.60790			6
2024.07.18	02:17:13.993	0.60790	0.60791			6
2024.07.18	02:17:14.819	0.60789	0.60790			6
2024.07.18	02:17:31.842	0.60790	0.60791			6
2024.07.18	02:17:35.412		0.60792			4
2024.07.18	02:17:35.978		0.60791			4
2024.07.18	02:17:38.142	0.60791	0.60792			6
2024.07.18	02:17:42.027	0.60790				2
2024.07.18	02:17:42.749	0.60789	0.60791			6
2024.07.18	02:18:00.343	0.60789				2
2024.07.18	02:18:05.028		0.60790			4
2024.07.18	02:18:08.232		0.60791			4
2024.07.18	02:18:14.238	0.60787	0.60790			6
2024.07.18	02:18:14.609	0.60788				2
2024.07.18	02:18:16.898	0.60789	0.60791			6
2024.07.18	02:18:19.002	0.60790	0.60792			6
2024.07.18	02:18:19.348		0.60791			4
2024.07.18	02:18:21.518		0.60792			4
2024.07.18	02:18:26.392	0.60788	0.60789			6
2024.07.18	02:18:37.585		0.60790			4
2024.07.18	02:18:37.897	0.60789				2
2024.07.18	02:18:43.539	0.60788				2
2024.07.18	02:18:44.212	0.60789				2
2024.07.18	02:18:44.532	0.60788	0.60789			6
2024.07.18	02:18:49.222		0.60790			4
2024.07.18	02:18:55.141	0.60789				2
2024.07.18	02:19:00.573	0.60787	0.60788			6
2024.07.18	02:19:02.323	0.60786				2
2024.07.18	02:19:07.167	0.60787	0.60790			6
2024.07.18	02:19:07.889	0.60788				2
2024.07.18	02:19:15.182	0.60787				2
2024.07.18	02:19:15.501	0.60788				2
2024.07.18	02:19:19.710	0.60787				2
2024.07.18	02:19:20.152		0.60789			4
2024.07.18	02:19:22.360	0.60788	0.60790			6
2024.07.18	02:19:36.235	0.60791	0.60792			6
2024.07.18	02:19:36.566	0.60794	0.60797			6
2024.07.18	02:19:36.870		0.60796			4
2024.07.18	02:19:37.496		0.60797			4
2024.07.18	02:19:38.663		0.60796			4
2024.07.18	02:19:49.397		0.60797			4
2024.07.18	02:19:50.105	0.60793				2
2024.07.18	02:19:50.503	0.60794	0.60796			6
2024.07.18	02:19:54.613	0.60793				2
2024.07.18	02:19:54.924	0.60794				2
2024.07.18	02:19:55.563	0.60795				2
2024.07.18	02:20:00.558	0.60794				2
2024.07.18	02:20:01.734		0.60797			4
2024.07.18	02:20:02.591		0.60796			4
2024.07.18	02:20:11.444	0.60793				2
2024.07.18	02:20:13.447		0.60795			4
2024.07.18	02:20:19.315	0.60792	0.60794			6
2024.07.18	02:20:22.343		0.60795			4
2024.07.18	02:20:27.402	0.60794	0.60796			6
2024.07.18	02:20:28.397	0.60793				2
2024.07.18	02:20:30.485		0.60795			4
2024.07.18	02:20:31.646		0.60796			4
2024.07.18	02:20:41.043	0.60792	0.60795			6
2024.07.18	02:20:41.699		0.60794			4
2024.07.18	02:20:45.130		0.60795			4
2024.07.18	02:20:52.774	0.60793				2
2024.07.18	02:20:54.660		0.60794			4
2024.07.18	02:20:58.027	0.60789	0.60791			6
2024.07.18	02:21:00.379	0.60789	0.60790			6
2024.07.18	02:21:02.403	0.60788	0.60789			6
2024.07.18	02:21:03.079	0.60789	0.60790			6
2024.07.18	02:21:06.347	0.60790	0.60791			6
2024.07.18	02:21:09.782	0.60791	0.60793			6
2024.07.18	02:21:12.763	0.60790				2
2024.07.18	02:21:13.918	0.60789	0.60790			6
2024.07.18	02:21:14.246	0.60788				2
2024.07.18	02:21:18.866	0.60789				2
2024.07.18	02:21:21.537	0.60790	0.60791			6
2024.07.18	02:21:24.389	0.60789	0.60790			6
2024.07.18	02:21:36.671		0.60791			4
2024.07.18	02:21:36.973		0.60790			4
2024.07.18	02:21:41.317		0.60791			4
2024.07.18	02:21:44.756		0.60790			4
2024.07.18	02:21:55.274		0.60792			4
2024.07.18	02:21:58.347		0.60791			4
2024.07.18	02:22:01.149	0.60789				2
2024.07.18	02:22:19.228		0.60792			4
2024.07.18	02:22:20.400	0.60793	0.60795			6
2024.07.18	02:22:21.214	0.60794				2
2024.07.18	02:22:21.527	0.60793				2
2024.07.18	02:22:42.930	0.60794				2
2024.07.18	02:22:43.364	0.60793				2
2024.07.18	02:22:48.869		0.60794			4
2024.07.18	02:22:49.614	0.60792	0.60793			6
2024.07.18	02:22:49.917		0.60794			4
2024.07.18	02:22:53.708		0.60795			4
2024.07.18	02:23:00.102	0.60792				2
2024.07.18	02:23:02.478	0.60793				2
2024.07.18	02:23:07.468	0.60789	0.60792			6
2024.07.18	02:23:11.186		0.60791			4
2024.07.18	02:23:11.498	0.60788	0.60790			6
2024.07.18	02:23:11.830	0.60787				2
2024.07.18	02:23:14.118	0.60788				2
2024.07.18	02:23:14.436		0.60791			4
2024.07.18	02:23:21.617	0.60789				2
2024.07.18	02:23:34.126	0.60790				2
2024.07.18	02:23:46.434	0.60789				2
2024.07.18	02:23:47.418	0.60790				2
2024.07.18	02:23:47.863	0.60791	0.60792			6
2024.07.18	02:23:48.169	0.60790	0.60791			6
2024.07.18	02:23:56.334	0.60791	0.60793			6
2024.07.18	02:23:56.644	0.60793	0.60795			6
2024.07.18	02:24:00.366	0.60793				2
2024.07.18	02:24:03.112	0.60791	0.60794			6
2024.07.18	02:24:11.647		0.60793			4
2024.07.18	02:24:12.720		0.60794			4
2024.07.18	02:24:17.420	0.60788	0.60792			6
2024.07.18	02:24:21.791		0.60790			4
2024.07.18	02:24:23.452		0.60791			4
2024.07.18	02:24:25.666	0.60789				2
2024.07.18	02:24:34.111	0.60788				2
2024.07.18	02:24:37.243	0.60789				2
2024.07.18	02:24:41.322	0.60788				2
2024.07.18	02:24:41.624	0.60787	0.60790			6
2024.07.18	02:24:42.363		0.60789			4
2024.07.18	02:24:46.650		0.60788			4
2024.07.18	02:24:47.037	0.60786				2
2024.07.18	02:24:48.382	0.60787	0.60789			6
2024.07.18	02:24:48.865	0.60786				2
2024.07.18	02:25:00.248	0.60786				2
2024.07.18	02:25:01.371	0.60788	0.60790			6
2024.07.18	02:25:01.687	0.60787				2
2024.07.18	02:25:05.996	0.60789				2
2024.07.18	02:25:06.465	0.60787				2
2024.07.18	02:25:09.649	0.60788				2
2024.07.18	02:25:12.243	0.60787				2
2024.07.18	02:25:30.112	0.60788				2
2024.07.18	02:25:30.566	0.60787				2
2024.07.18	02:25:33.458	0.60788	0.60791			6
2024.07.18	02:25:37.411		0.60790			4
2024.07.18	02:25:37.757		0.60791			4
2024.07.18	02:25:41.043		0.60790			4
2024.07.18	02:25:47.073	0.60784	0.60785			6
2024.07.18	02:25:47.382	0.60783				2
2024.07.18	02:25:59.759	0.60782				2
2024.07.18	02:26:00.761	0.60783				2
2024.07.18	02:26:07.714	0.60782				2
2024.07.18	02:26:14.398	0.60783				2
2024.07.18	02:26:40.562	0.60782				2
2024.07.18	02:26:47.809		0.60785			4
2024.07.18	02:26:49.895	0.60781	0.60784			6
2024.07.18	02:26:54.150		0.60783			4
2024.07.18	02:27:00.449	0.60781				2
2024.07.18	02:27:22.394		0.60784			4
2024.07.18	02:27:26.580	0.60782	0.60785			6
2024.07.18	02:27:26.881	0.60781				2
2024.07.18	02:27:28.796	0.60782				2
2024.07.18	02:27:33.345	0.60783				2
2024.07.18	02:27:39.946	0.60782				2
2024.07.18	02:27:40.260	0.60783				2
2024.07.18	02:27:46.978	0.60782	0.60783			6
2024.07.18	02:27:50.991		0.60785			4
2024.07.18	02:27:51.349	0.60783				2
2024.07.18	02:27:58.758		0.60786			4
2024.07.18	02:27:59.448	0.60785				2
2024.07.18	02:28:00.273	0.60785				2
2024.07.18	02:28:10.453	0.60784	0.60785			6
2024.07.18	02:28:10.787		0.60786			4
2024.07.18	02:28:12.353	0.60785				2
2024.07.18	02:28:13.395	0.60786	0.60787			6
2024.07.18	02:28:13.703	0.60789	0.60790			6
2024.07.18	02:28:16.857	0.60788				2
2024.07.18	02:28:26.109		0.60789			4
2024.07.18	02:28:26.489	0.60786	0.60787			6
2024.07.18	02:28:26.804	0.60783	0.60785			6
2024.07.18	02:28:28.905		0.60786			4
2024.07.18	02:28:30.258	0.60788	0.60789			6
2024.07.18	02:28:30.580	0.60787	0.60788			6
2024.07.18	02:28:32.196	0.60788	0.60789			6
2024.07.18	02:28:33.039	0.60787	0.60788			6
2024.07.18	02:28:34.413	0.60790	0.60791			6
2024.07.18	02:28:35.024	0.60793	0.60794			6
2024.07.18	02:28:35.326	0.60795	0.60796			6
2024.07.18	02:28:35.645	0.60794	0.60797			6
2024.07.18	02:28:35.946		0.60795			4
2024.07.18	02:28:36.269		0.60797			4
2024.07.18	02:28:36.932		0.60796			4
2024.07.18	02:28:37.903		0.60795			4
2024.07.18	02:28:38.219		0.60796			4
2024.07.18	02:28:40.301		0.60795			4
2024.07.18	02:28:40.722		0.60796			4
2024.07.18	02:28:41.033	0.60792	0.60794			6
2024.07.18	02:28:41.344		0.60793			4
2024.07.18	02:28:42.140	0.60794	0.60795			6
2024.07.18	02:28:43.375		0.60796			4
2024.07.18	02:28:47.723		0.60795			4
2024.07.18	02:28:49.455	0.60792	0.60794			6
2024.07.18	02:28:53.288	0.60791				2
2024.07.18	02:28:53.595		0.60792			4
2024.07.18	02:28:54.059		0.60793			4
2024.07.18	02:28:54.479		0.60792			4
2024.07.18	02:28:56.098	0.60793	0.60795			6
2024.07.18	02:29:00.352	0.60793	0.60796			6
2024.07.18	02:29:10.485	0.60794				2
2024.07.18	02:29:13.913	0.60793	0.60795			6
2024.07.18	02:29:17.796	0.60794				2
2024.07.18	02:29:28.236	0.60793				2
2024.07.18	02:29:28.876	0.60794				2
2024.07.18	02:29:31.579	0.60793				2
2024.07.18	02:29:32.360	0.60798	0.60799			6
2024.07.18	02:29:32.704	0.60797				2
2024.07.18	02:29:33.007	0.60796				2
2024.07.18	02:29:33.632	0.60798				2
2024.07.18	02:29:35.960	0.60797				2
2024.07.18	02:29:36.337	0.60799	0.60800			6
2024.07.18	02:29:36.756	0.60798				2
2024.07.18	02:29:37.063	0.60799				2
2024.07.18	02:29:37.546	0.60798	0.60799			6
2024.07.18	02:29:42.365	0.60799	0.60800			6
2024.07.18	02:29:42.675	0.60797	0.60799			6
2024.07.18	02:29:42.983	0.60798				2
2024.07.18	02:29:46.908	0.60797				2
2024.07.18	02:29:51.090		0.60798			4
2024.07.18	02:29:55.037		0.60799			4
2024.07.18	02:29:59.208	0.60796	0.60798			6
2024.07.18	02:30:00.604	0.60794	0.60795			6
2024.07.18	02:30:01.223	0.60793				2
2024.07.18	02:30:01.538		0.60796			4
2024.07.18	02:30:02.733	0.60794				2
2024.07.18	02:30:05.203		0.60795			4
2024.07.18	02:30:06.464	0.60797	0.60798			6
2024.07.18	02:30:06.925	0.60796				2
2024.07.18	02:30:07.536	0.60797				2
2024.07.18	02:30:09.926	0.60796	0.60797			6
2024.07.18	02:30:15.124	0.60793	0.60794			6
2024.07.18	02:30:15.429		0.60795			4
2024.07.18	02:30:17.667	0.60794				2
2024.07.18	02:30:17.969	0.60797	0.60798			6
2024.07.18	02:30:19.170	0.60796				2
2024.07.18	02:30:21.897	0.60795	0.60796			6
2024.07.18	02:30:26.913	0.60796	0.60798			6
2024.07.18	02:30:38.151	0.60794	0.60796			6
2024.07.18	02:30:38.481	0.60795				2
2024.07.18	02:30:45.625		0.60798			4
2024.07.18	02:30:48.675	0.60796				2
2024.07.18	02:30:58.712	0.60797	0.60799			6
2024.07.18	02:30:59.425		0.60798			4
2024.07.18	02:31:00.116	0.60796				2
2024.07.18	02:31:01.065	0.60798	0.60799			6
2024.07.18	02:31:02.314	0.60797	0.60798			6
2024.07.18	02:31:03.882	0.60798	0.60800			6
2024.07.18	02:31:04.239		0.60799			4
2024.07.18	02:31:07.404		0.60800			4
2024.07.18	02:31:12.562	0.60796	0.60798			6
2024.07.18	02:31:16.133	0.60798	0.60799			6
2024.07.18	02:31:17.473		0.60800			4
2024.07.18	02:31:22.094		0.60799			4
2024.07.18	02:31:26.375	0.60799	0.60800			6
2024.07.18	02:31:29.049	0.60794	0.60795			6
2024.07.18	02:31:29.362	0.60793	0.60794			6
2024.07.18	02:31:39.018	0.60789	0.60790			6
2024.07.18	02:31:39.325	0.60788				2
2024.07.18	02:31:41.210	0.60785	0.60786			6
2024.07.18	02:31:41.511	0.60784				2
2024.07.18	02:31:46.766	0.60785				2
2024.07.18	02:31:50.660	0.60783	0.60785			6
2024.07.18	02:31:54.891		0.60786			4
2024.07.18	02:31:55.211		0.60785			4
2024.07.18	02:31:57.711	0.60784				2
2024.07.18	02:31:59.964	0.60785	0.60786			6
2024.07.18	02:32:00.277	0.60785				2
2024.07.18	02:32:08.816	0.60786	0.60787			6
2024.07.18	02:32:11.555	0.60788	0.60790			6
2024.07.18	02:32:12.826		0.60789			4
2024.07.18	02:32:16.456	0.60789	0.60790			6
2024.07.18	02:32:26.891	0.60788	0.60789			6
2024.07.18	02:32:34.393	0.60790	0.60791			6
2024.07.18	02:32:34.927	0.60789	0.60790			6
2024.07.18	02:32:39.498	0.60788	0.60789			6
2024.07.18	02:32:47.589	0.60787				2
2024.07.18	02:32:52.418	0.60785	0.60787			6
2024.07.18	02:32:52.720	0.60784	0.60786			6
2024.07.18	02:32:58.962		0.60785			4
2024.07.18	02:33:00.109	0.60784	0.60786			6
2024.07.18	02:33:22.892	0.60783	0.60785			6
2024.07.18	02:33:27.366		0.60786			4
2024.07.18	02:33:29.480	0.60784				2
2024.07.18	02:33:33.013	0.60783				2
2024.07.18	02:33:44.207	0.60788	0.60789			6
2024.07.18	02:33:46.981	0.60790	0.60791			6
2024.07.18	02:33:47.310	0.60788	0.60790			6
2024.07.18	02:33:47.613		0.60789			4
2024.07.18	02:34:00.070	0.60788				2
2024.07.18	02:34:00.373	0.60789	0.60790			6
2024.07.18	02:34:00.685	0.60790	0.60791			6
2024.07.18	02:34:03.854	0.60791	0.60792			6
2024.07.18	02:34:04.181	0.60790	0.60791			6
2024.07.18	02:34:06.254	0.60791	0.60792			6
2024.07.18	02:34:06.557	0.60790	0.60791			6
2024.07.18	02:34:14.784	0.60789	0.60790			6
2024.07.18	02:34:21.411	0.60790	0.60791			6
2024.07.18	02:34:26.565	0.60792	0.60793			6
2024.07.18	02:34:26.870	0.60791				2
2024.07.18	02:34:29.284	0.60789	0.60791			6
2024.07.18	02:34:29.594	0.60791	0.60792			6
2024.07.18	02:34:31.885	0.60793	0.60794			6
2024.07.18	02:34:36.015	0.60791	0.60793			6
2024.07.18	02:34:37.967		0.60792			4
2024.07.18	02:34:41.863	0.60790				2
2024.07.18	02:34:42.177	0.60791	0.60793			6
2024.07.18	02:34:43.443	0.60790				2
2024.07.18	02:34:45.675		0.60792			4
2024.07.18	02:34:50.681		0.60793			4
2024.07.18	02:34:59.733	0.60789	0.60792			6
2024.07.18	02:35:00.131	0.60789				2
2024.07.18	02:35:00.493		0.60790			4
2024.07.18	02:35:04.909		0.60791			4
2024.07.18	02:35:11.106	0.60787	0.60790			6
2024.07.18	02:35:11.413	0.60786	0.60789			6
2024.07.18	02:35:11.727	0.60785	0.60788			6
2024.07.18	02:35:12.045	0.60786				2
2024.07.18	02:35:13.463	0.60787				2
2024.07.18	02:35:14.738		0.60789			4
2024.07.18	02:35:23.140	0.60788	0.60790			6
2024.07.18	02:35:24.682	0.60789				2
2024.07.18	02:35:26.590		0.60791			4
2024.07.18	02:35:40.824	0.60787	0.60789			6
2024.07.18	02:35:41.137	0.60785	0.60788			6
2024.07.18	02:35:44.263		0.60789			4
2024.07.18	02:35:45.112	0.60786				2
2024.07.18	02:35:45.786	0.60787				2
2024.07.18	02:35:48.915		0.60790			4
2024.07.18	02:35:49.289	0.60788				2
2024.07.18	02:35:50.577	0.60789				2
2024.07.18	02:35:56.012	0.60790	0.60791			6
2024.07.18	02:36:00.382	0.60790				2
2024.07.18	02:36:04.312	0.60788	0.60790			6
2024.07.18	02:36:06.259	0.60789				2
2024.07.18	02:36:10.779	0.60788				2
2024.07.18	02:36:12.561	0.60787				2
2024.07.18	02:36:12.884	0.60786				2
2024.07.18	02:36:16.540		0.60789			4
2024.07.18	02:36:16.902	0.60787	0.60790			6
2024.07.18	02:36:17.213	0.60786				2
2024.07.18	02:36:17.524		0.60789			4
2024.07.18	02:36:18.184		0.60790			4
2024.07.18	02:36:20.194	0.60787				2
2024.07.18	02:36:27.052		0.60789			4
2024.07.18	02:36:27.355		0.60790			4
2024.07.18	02:36:27.921	0.60785	0.60788			6
2024.07.18	02:36:29.974	0.60786				2
2024.07.18	02:36:31.721	0.60787				2
2024.07.18	02:36:38.093	0.60785				2
2024.07.18	02:36:38.980	0.60786				2
2024.07.18	02:36:39.593	0.60787				2
2024.07.18	02:36:42.157	0.60788	0.60790			6
2024.07.18	02:36:45.840	0.60789	0.60791			6
2024.07.18	02:36:48.405	0.60788				2
2024.07.18	02:36:49.269		0.60790			4
2024.07.18	02:36:53.694	0.60787	0.60789			6
2024.07.18	02:36:54.024		0.60790			4
2024.07.18	02:36:57.562	0.60788				2
2024.07.18	02:36:58.230	0.60787				2
2024.07.18	02:37:00.064	0.60789	0.60791			6
2024.07.18	02:37:00.393	0.60788	0.60790			6
2024.07.18	02:37:01.026		0.60791			4
2024.07.18	02:37:08.276	0.60789				2
2024.07.18	02:37:09.269	0.60788	0.60790			6
2024.07.18	02:37:30.287	0.60787				2
2024.07.18	02:37:33.314	0.60790	0.60791			6
2024.07.18	02:37:35.386	0.60789				2
2024.07.18	02:37:38.315	0.60791	0.60792			6
2024.07.18	02:37:40.235	0.60793	0.60794			6
2024.07.18	02:37:41.933	0.60789	0.60791			6
2024.07.18	02:37:42.235	0.60790				2
2024.07.18	02:37:43.481	0.60789				2
2024.07.18	02:37:44.112	0.60788				2
2024.07.18	02:37:44.766	0.60789				2
2024.07.18	02:37:45.972	0.60788	0.60790			6
2024.07.18	02:37:46.296	0.60787				2
2024.07.18	02:37:46.657	0.60788	0.60791			6
2024.07.18	02:37:46.963	0.60787	0.60790			6
2024.07.18	02:37:47.298	0.60789	0.60791			6
2024.07.18	02:37:49.919	0.60788				2
2024.07.18	02:37:50.234		0.60790			4
2024.07.18	02:37:50.613		0.60791			4
2024.07.18	02:37:51.766	0.60789				2
2024.07.18	02:37:53.123		0.60792			4
2024.07.18	02:37:54.104	0.60790				2
2024.07.18	02:37:54.461	0.60789	0.60791			6
2024.07.18	02:37:56.586	0.60788				2
2024.07.18	02:37:57.514	0.60789				2
2024.07.18	02:37:59.024	0.60788				2
2024.07.18	02:37:59.363		0.60790			4
2024.07.18	02:37:59.664		0.60791			4
2024.07.18	02:38:00.068	0.60788				2
2024.07.18	02:38:02.666	0.60789				2
2024.07.18	02:38:03.271	0.60788	0.60790			6
2024.07.18	02:38:04.872	0.60789				2
2024.07.18	02:38:05.183	0.60788				2
2024.07.18	02:38:06.058	0.60789				2
2024.07.18	02:38:06.402	0.60788				2
2024.07.18	02:38:06.764	0.60792	0.60793			6
2024.07.18	02:38:07.945		0.60794			4
2024.07.18	02:38:08.258	0.60790	0.60793			6
2024.07.18	02:38:08.660	0.60789	0.60792			6
2024.07.18	02:38:08.978		0.60790			4
2024.07.18	02:38:09.318		0.60792			4
2024.07.18	02:38:10.069		0.60790			4
2024.07.18	02:38:11.770	0.60786	0.60788			6
2024.07.18	02:38:12.615		0.60789			4
2024.07.18	02:38:13.893	0.60784	0.60788			6
2024.07.18	02:38:14.199		0.60786			4
2024.07.18	02:38:24.921	0.60785				2
2024.07.18	02:38:26.799	0.60788	0.60790			6
2024.07.18	02:38:28.882	0.60787				2
2024.07.18	02:38:29.664		0.60789			4
2024.07.18	02:38:29.970	0.60788	0.60790			6
2024.07.18	02:38:30.285	0.60787				2
2024.07.18	02:38:32.923	0.60788				2
2024.07.18	02:38:33.657	0.60787				2
2024.07.18	02:38:36.392	0.60786	0.60789			6
2024.07.18	02:38:36.701		0.60788			4
2024.07.18	02:38:38.187		0.60787			4
2024.07.18	02:38:38.590	0.60787	0.60789			6
2024.07.18	02:38:39.322		0.60788			4
2024.07.18	02:38:40.543		0.60789			4
2024.07.18	02:38:49.215		0.60790			4
2024.07.18	02:38:50.044		0.60789			4
2024.07.18	02:38:50.455	0.60788				2
2024.07.18	02:38:56.264	0.60787				2
2024.07.18	02:39:00.388	0.60787				2
2024.07.18	02:39:01.220	0.60785	0.60787			6
2024.07.18	02:39:01.525	0.60783	0.60785			6
2024.07.18	02:39:02.472		0.60786			4
2024.07.18	02:39:02.804	0.60782	0.60785			6
2024.07.18	02:39:03.132		0.60784			4
2024.07.18	02:39:04.259		0.60783			4
2024.07.18	02:39:08.858	0.60778	0.60779			6
2024.07.18	02:39:09.986	0.60776	0.60778			6
2024.07.18	02:39:10.291	0.60777				2
2024.07.18	02:39:10.626		0.60779			4
2024.07.18	02:39:10.967	0.60778				2
2024.07.18	02:39:17.048	0.60773	0.60774			6
2024.07.18	02:39:17.356	0.60774	0.60775			6
2024.07.18	02:39:18.574		0.60776			4
2024.07.18	02:39:27.183	0.60778	0.60780			6
2024.07.18	02:39:28.013	0.60777				2
2024.07.18	02:39:28.334	0.60778				2
2024.07.18	02:39:32.398		0.60779			4
2024.07.18	02:39:34.260	0.60777				2
2024.07.18	02:39:35.655	0.60776				2
2024.07.18	02:39:37.794	0.60775	0.60778			6
2024.07.18	02:39:38.184		0.60776			4
2024.07.18	02:39:39.880		0.60777			4
2024.07.18	02:39:40.193	0.60773				2
2024.07.18	02:39:41.215	0.60772	0.60776			6
2024.07.18	02:39:41.523	0.60773				2
2024.07.18	02:39:42.571	0.60774	0.60777			6
2024.07.18	02:39:44.137	0.60773	0.60776			6
2024.07.18	02:39:45.634		0.60777			4
2024.07.18	02:39:46.662		0.60776			4
2024.07.18	02:39:49.168		0.60775			4
2024.07.18	02:39:52.985	0.60774	0.60776			6
2024.07.18	02:39:55.834	0.60775	0.60777			6
2024.07.18	02:39:56.151		0.60778			4
2024.07.18	02:39:56.862	0.60778	0.60780			6
2024.07.18	02:40:00.330	0.60778				2
2024.07.18	02:40:00.653	0.60777	0.60779			6
2024.07.18	02:40:02.623		0.60778			4
2024.07.18	02:40:03.520	0.60776				2
2024.07.18	02:40:04.728		0.60779			4
2024.07.18	02:40:05.370	0.60777				2
2024.07.18	02:40:06.159		0.60778			4
2024.07.18	02:40:06.488		0.60779			4
2024.07.18	02:40:06.804		0.60778			4
2024.07.18	02:40:07.110		0.60779			4
2024.07.18	02:40:08.089		0.60778			4
2024.07.18	02:40:09.820	0.60776				2
2024.07.18	02:40:11.703	0.60778	0.60779			6
2024.07.18	02:40:12.018	0.60777				2
2024.07.18	02:40:12.323	0.60776	0.60778			6
2024.07.18	02:40:12.632	0.60774	0.60776			6
2024.07.18	02:40:14.213		0.60777			4
2024.07.18	02:40:15.870	0.60775				2
2024.07.18	02:40:17.226	0.60778	0.60780			6
2024.07.18	02:40:17.529	0.60779				2
2024.07.18	02:40:20.559	0.60778				2
2024.07.18	02:40:22.272		0.60781			4
2024.07.18	02:40:23.880	0.60779				2
2024.07.18	02:40:25.482	0.60780	0.60782			6
2024.07.18	02:40:25.811	0.60781				2
2024.07.18	02:40:28.517	0.60779				2
2024.07.18	02:40:28.837		0.60781			4
2024.07.18	02:40:40.559		0.60782			4
2024.07.18	02:40:42.310	0.60782	0.60784			6
2024.07.18	02:40:42.924	0.60783	0.60785			6
2024.07.18	02:40:50.347	0.60784	0.60786			6
2024.07.18	02:40:50.981	0.60785				2
2024.07.18	02:40:51.288	0.60786	0.60787			6
2024.07.18	02:40:51.987	0.60788	0.60789			6
2024.07.18	02:40:52.300	0.60786	0.60787			6
2024.07.18	02:40:52.626	0.60787	0.60788			6
2024.07.18	02:40:52.947	0.60788	0.60789			6
2024.07.18	02:40:53.273	0.60787	0.60788			6
2024.07.18	02:40:54.672	0.60786	0.60787			6
2024.07.18	02:40:55.097	0.60784	0.60785			6
2024.07.18	02:40:57.278		0.60786			4
2024.07.18	02:41:00.480	0.60785				2
2024.07.18	02:41:13.044	0.60787	0.60788			6
2024.07.18	02:41:13.390	0.60786	0.60787			6
2024.07.18	02:41:14.144	0.60785	0.60786			6
2024.07.18	02:41:16.006		0.60787			4
2024.07.18	02:41:17.592	0.60787	0.60789			6
2024.07.18	02:41:17.900	0.60786	0.60787			6
2024.07.18	02:41:18.207	0.60785				2
2024.07.18	02:41:19.062		0.60786			4
2024.07.18	02:41:20.464		0.60787			4
2024.07.18	02:41:20.799	0.60787	0.60788			6
2024.07.18	02:41:21.448		0.60789			4
2024.07.18	02:41:24.678	0.60786	0.60788			6
2024.07.18	02:41:25.022		0.60787			4
2024.07.18	02:41:25.738	0.60785				2
2024.07.18	02:41:28.054		0.60786			4
2024.07.18	02:41:37.336		0.60787			4
2024.07.18	02:41:41.143	0.60784	0.60786			6
2024.07.18	02:41:58.122	0.60785	0.60787			6
2024.07.18	02:42:01.001	0.60785				2
2024.07.18	02:42:02.126		0.60786			4
2024.07.18	02:42:02.482	0.60784	0.60787			6
2024.07.18	02:42:02.792		0.60786			4
2024.07.18	02:42:04.393		0.60787			4
2024.07.18	02:42:06.681	0.60788	0.60789			6
2024.07.18	02:42:10.513	0.60787				2
2024.07.18	02:42:11.680	0.60786	0.60787			6
2024.07.18	02:42:12.006		0.60788			4
2024.07.18	02:42:14.016	0.60785				2
2024.07.18	02:42:14.563	0.60787	0.60789			6
2024.07.18	02:42:18.543	0.60785	0.60787			6
2024.07.18	02:42:28.425	0.60784	0.60786			6
2024.07.18	02:42:28.749		0.60785			4
2024.07.18	02:42:30.383	0.60785	0.60786			6
2024.07.18	02:42:34.545	0.60784	0.60785			6
2024.07.18	02:42:34.847	0.60782	0.60784			6
2024.07.18	02:42:35.654	0.60781	0.60783			6
2024.07.18	02:42:36.866	0.60782	0.60784			6
2024.07.18	02:42:40.114	0.60780	0.60782			6
2024.07.18	02:42:43.150		0.60781			4
2024.07.18	02:42:45.614	0.60778				2
2024.07.18	02:42:45.921	0.60779	0.60782			6
2024.07.18	02:42:54.712	0.60777	0.60781			6
2024.07.18	02:42:55.022		0.60780			4
2024.07.18	02:42:55.505	0.60778				2
2024.07.18	02:42:59.207	0.60777				2
2024.07.18	02:43:00.515	0.60777				2
2024.07.18	02:43:00.852	0.60780	0.60782			6
2024.07.18	02:43:01.169	0.60778	0.60781			6
2024.07.18	02:43:01.497	0.60779				2
2024.07.18	02:43:03.022	0.60778	0.60780			6
2024.07.18	02:43:05.852	0.60779				2
2024.07.18	02:43:06.160	0.60777				2
2024.07.18	02:43:07.123	0.60778	0.60779			6
2024.07.18	02:43:07.449		0.60780			4
2024.07.18	02:43:09.334	0.60779				2
2024.07.18	02:43:10.299		0.60781			4
2024.07.18	02:43:10.809	0.60781	0.60783			6
2024.07.18	02:43:12.664	0.60782				2
2024.07.18	02:43:14.480		0.60784			4
2024.07.18	02:43:15.995	0.60783				2
2024.07.18	02:43:21.001		0.60785			4
2024.07.18	02:43:23.865	0.60775	0.60777			6
2024.07.18	02:43:24.604		0.60776			4
2024.07.18	02:43:28.045	0.60776	0.60777			6
2024.07.18	02:43:28.355	0.60777	0.60778			6
2024.07.18	02:43:29.655	0.60779	0.60780			6
2024.07.18	02:43:34.249	0.60778	0.60779			6
2024.07.18	02:43:34.555	0.60779	0.60780			6
2024.07.18	02:43:34.929	0.60778	0.60779			6
2024.07.18	02:43:35.862		0.60780			4
2024.07.18	02:43:38.368	0.60779				2
2024.07.18	02:43:45.827	0.60780	0.60781			6
2024.07.18	02:43:53.966	0.60778	0.60780			6
2024.07.18	02:44:00.078	0.60778				2
2024.07.18	02:44:02.355		0.60779			4
2024.07.18	02:44:02.666		0.60780			4
2024.07.18	02:44:06.362	0.60779				2
2024.07.18	02:44:07.119		0.60781			4
2024.07.18	02:44:07.555		0.60780			4
2024.07.18	02:44:08.628		0.60781			4
2024.07.18	02:44:08.978		0.60780			4
2024.07.18	02:44:09.624		0.60781			4
2024.07.18	02:44:10.148		0.60780			4
2024.07.18	02:44:10.629	0.60782	0.60783			6
2024.07.18	02:44:11.289		0.60784			4
2024.07.18	02:44:11.602	0.60781	0.60782			6
2024.07.18	02:44:12.287	0.60783	0.60785			6
2024.07.18	02:44:13.016	0.60782	0.60784			6
2024.07.18	02:44:13.426		0.60785			4
2024.07.18	02:44:14.288		0.60783			4
2024.07.18	02:44:20.563	0.60781	0.60782			6
2024.07.18	02:44:20.864	0.60780	0.60781			6
2024.07.18	02:44:21.534	0.60779				2
2024.07.18	02:44:23.893	0.60780				2
2024.07.18	02:44:24.223		0.60782			4
2024.07.18	02:44:25.774	0.60779	0.60781			6
2024.07.18	02:44:27.097	0.60778	0.60780			6
2024.07.18	02:44:33.577		0.60781			4
2024.07.18	02:44:34.662		0.60780			4
2024.07.18	02:44:41.609		0.60781			4
2024.07.18	02:44:48.333	0.60779				2
2024.07.18	02:44:50.605	0.60778				2
2024.07.18	02:44:56.306		0.60780			4
2024.07.18	02:44:57.781		0.60781			4
2024.07.18	02:45:00.142	0.60778				2
2024.07.18	02:45:02.998		0.60780			4
2024.07.18	02:45:07.826		0.60781			4
2024.07.18	02:45:12.983		0.60780			4
2024.07.18	02:45:15.825		0.60781			4
2024.07.18	02:45:24.571	0.60777	0.60779			6
2024.07.18	02:45:24.952		0.60780			4
2024.07.18	02:45:34.314	0.60778				2
2024.07.18	02:45:35.337	0.60779				2
2024.07.18	02:45:39.011	0.60778				2
2024.07.18	02:45:41.894	0.60777				2
2024.07.18	02:45:54.416		0.60779			4
2024.07.18	02:45:55.892		0.60780			4
2024.07.18	02:46:00.049	0.60777				2
2024.07.18	02:46:00.693	0.60778				2
2024.07.18	02:46:01.029	0.60777				2
2024.07.18	02:46:08.658	0.60778				2
2024.07.18	02:46:15.818	0.60780	0.60781			6
2024.07.18	02:46:17.197	0.60778				2
2024.07.18	02:46:19.401	0.60780				2
2024.07.18	02:46:19.909	0.60778				2
2024.07.18	02:46:34.041	0.60777	0.60779			6
2024.07.18	02:46:37.875		0.60780			4
2024.07.18	02:47:00.307	0.60776				2
2024.07.18	02:47:03.713		0.60779			4
2024.07.18	02:47:16.243	0.60771	0.60773			6
2024.07.18	02:47:20.224	0.60769	0.60770			6
2024.07.18	02:47:20.555		0.60771			4
2024.07.18	02:47:22.665		0.60770			4
2024.07.18	02:47:23.034		0.60771			4
2024.07.18	02:47:43.892	0.60770				2
2024.07.18	02:47:44.200	0.60769				2
2024.07.18	02:47:47.396	0.60768	0.60772			6
2024.07.18	02:47:56.096	0.60771	0.60773			6
2024.07.18	02:47:57.687	0.60770				2
2024.07.18	02:48:00.115	0.60770				2
2024.07.18	02:48:03.115	0.60768	0.60771			6
2024.07.18	02:48:23.169	0.60767	0.60770			6
2024.07.18	02:48:23.471	0.60768				2
2024.07.18	02:48:30.378		0.60771			4
2024.07.18	02:48:42.598	0.60769				2
2024.07.18	02:49:02.919	0.60769				2
2024.07.18	02:49:07.851	0.60768				2
2024.07.18	02:49:09.441	0.60767				2
2024.07.18	02:49:13.160	0.60768				2
2024.07.18	02:49:14.597	0.60769				2
2024.07.18	02:49:30.743		0.60771			4
2024.07.18	02:49:32.743		0.60770			4
2024.07.18	02:49:35.186	0.60767				2
2024.07.18	02:49:46.101		0.60771			4
2024.07.18	02:49:57.348	0.60766				2
2024.07.18	02:49:59.193		0.60770			4
2024.07.18	02:49:59.518		0.60771			4
2024.07.18	02:50:00.276	0.60767				2
2024.07.18	02:50:00.582	0.60768				2
2024.07.18	02:50:01.810		0.60772			4
2024.07.18	02:50:04.191		0.60770			4
2024.07.18	02:50:04.515		0.60771			4
2024.07.18	02:50:05.452	0.60770				2
2024.07.18	02:50:07.263	0.60768				2
2024.07.18	02:50:10.513	0.60767	0.60770			6
2024.07.18	02:50:11.528	0.60770	0.60772			6
2024.07.18	02:50:16.452	0.60769				2
2024.07.18	02:50:19.849	0.60770				2
2024.07.18	02:50:21.038	0.60767	0.60771			6
2024.07.18	02:50:22.508	0.60768				2
2024.07.18	02:50:24.754	0.60769	0.60772			6
2024.07.18	02:50:30.381	0.60772	0.60775			6
2024.07.18	02:50:30.682		0.60773			4
2024.07.18	02:50:31.385	0.60774	0.60775			6
2024.07.18	02:50:33.479	0.60773	0.60774			6
2024.07.18	02:50:49.453	0.60774	0.60775			6
2024.07.18	02:50:49.787	0.60772	0.60774			6
2024.07.18	02:50:51.996	0.60773				2
2024.07.18	02:50:52.586	0.60774	0.60775			6
2024.07.18	02:50:52.976	0.60773	0.60774			6
