<DATE>	<TIME>	<BID>	<ASK>	<LAST>	<VOLUME>	<FLAGS>
2024.11.28	00:00:00.435	0.58921	0.58958			6
2024.11.28	00:00:00.732		0.58952			4
2024.11.28	00:00:01.488	0.58773				2
2024.11.28	00:00:04.802		0.58958			4
2024.11.28	00:00:08.549		0.58966			4
2024.11.28	00:00:18.544		0.58952			4
2024.11.28	00:00:38.809	0.58812	0.59012			6
2024.11.28	00:00:46.072	0.58788	0.58988			6
2024.11.28	00:00:50.005	0.58782	0.58982			6
2024.11.28	00:00:55.154	0.58832	0.58988			6
2024.11.28	00:01:00.300	0.58832				2
2024.11.28	00:01:07.866	0.58837	0.58982			6
2024.11.28	00:01:56.337	0.58849				2
2024.11.28	00:01:56.639	0.58857				2
2024.11.28	00:02:00.273	0.58857				2
2024.11.28	00:02:08.139		0.58982			4
2024.11.28	00:02:10.561	0.58862				2
2024.11.28	00:02:10.863	0.58864				2
2024.11.28	00:03:00.194	0.58864				2
2024.11.28	00:03:08.413		0.58982			4
2024.11.28	00:03:32.975	0.58869				2
2024.11.28	00:04:00.214	0.58869				2
2024.11.28	00:04:08.686		0.58982			4
2024.11.28	00:04:38.347	0.58872				2
2024.11.28	00:04:39.558	0.58874				2
2024.11.28	00:05:00.141	0.58874				2
2024.11.28	00:05:08.919		0.58982			4
2024.11.28	00:05:23.143	0.58877	0.58954			6
2024.11.28	00:05:23.571	0.58874	0.58939			6
2024.11.28	00:05:26.924	0.58878				2
2024.11.28	00:05:29.208		0.58948			4
2024.11.28	00:05:31.118	0.58874				2
2024.11.28	00:05:33.283		0.58950			4
2024.11.28	00:05:33.585		0.58952			4
2024.11.28	00:05:36.008		0.58951			4
2024.11.28	00:05:39.339		0.58952			4
2024.11.28	00:05:41.155	0.58879				2
2024.11.28	00:05:41.457		0.58954			4
2024.11.28	00:05:42.366		0.58955			4
2024.11.28	00:05:42.971		0.58954			4
2024.11.28	00:05:43.578		0.58955			4
2024.11.28	00:05:47.512		0.58958			4
2024.11.28	00:05:47.813		0.58957			4
2024.11.28	00:05:48.419		0.58958			4
2024.11.28	00:05:49.629		0.58956			4
2024.11.28	00:05:50.235		0.58958			4
2024.11.28	00:05:53.565		0.58959			4
2024.11.28	00:05:57.437		0.58961			4
2024.11.28	00:05:58.504	0.58884				2
2024.11.28	00:06:00.019	0.58884				2
2024.11.28	00:06:01.057	0.58887	0.58964			6
2024.11.28	00:06:02.998	0.58893				2
2024.11.28	00:06:07.793	0.58889	0.58959			6
2024.11.28	00:06:08.103	0.58884	0.58957			6
2024.11.28	00:06:08.408	0.58887	0.58958			6
2024.11.28	00:06:08.788	0.58890				2
2024.11.28	00:06:10.309	0.58892				2
2024.11.28	00:06:16.494		0.58957			4
2024.11.28	00:06:17.776	0.58897				2
2024.11.28	00:06:18.284	0.58898	0.58954			6
2024.11.28	00:06:18.600	0.58892	0.58958			6
2024.11.28	00:06:18.913	0.58889	0.58944			6
2024.11.28	00:06:19.236	0.58892	0.58954			6
2024.11.28	00:06:19.781	0.58885	0.58942			6
2024.11.28	00:06:20.082	0.58884	0.58941			6
2024.11.28	00:06:20.386	0.58890	0.58956			6
2024.11.28	00:06:20.784	0.58894	0.58957			6
2024.11.28	00:06:21.089	0.58893	0.58958			6
2024.11.28	00:06:21.405		0.58957			4
2024.11.28	00:06:21.776	0.58890	0.58950			6
2024.11.28	00:06:22.081	0.58887	0.58956			6
2024.11.28	00:06:22.391	0.58890	0.58958			6
2024.11.28	00:06:22.781	0.58892	0.58956			6
2024.11.28	00:06:23.274	0.58893	0.58958			6
2024.11.28	00:06:23.775		0.58956			4
2024.11.28	00:06:24.082	0.58891				2
2024.11.28	00:06:24.400	0.58892	0.58957			6
2024.11.28	00:06:24.784	0.58893	0.58955			6
2024.11.28	00:06:25.278	0.58894				2
2024.11.28	00:06:29.044		0.58958			4
2024.11.28	00:06:29.367	0.58889	0.58949			6
2024.11.28	00:06:29.683	0.58893	0.58956			6
2024.11.28	00:06:30.081	0.58892	0.58958			6
2024.11.28	00:06:30.580	0.58894				2
2024.11.28	00:06:32.080	0.58895	0.58962			6
2024.11.28	00:06:33.583	0.58896				2
2024.11.28	00:06:35.187	0.58897				2
2024.11.28	00:06:37.426	0.58895	0.58951			6
2024.11.28	00:06:37.735		0.58958			4
2024.11.28	00:06:40.706	0.58897				2
2024.11.28	00:06:41.901	0.58892	0.58954			6
2024.11.28	00:06:42.205	0.58897	0.58957			6
2024.11.28	00:06:42.922	0.58892	0.58954			6
2024.11.28	00:06:43.242	0.58894	0.58953			6
2024.11.28	00:06:43.563	0.58897	0.58960			6
2024.11.28	00:06:43.914		0.58958			4
2024.11.28	00:06:44.421	0.58892	0.58960			6
2024.11.28	00:06:44.720		0.58953			4
2024.11.28	00:06:45.043	0.58897	0.58960			6
2024.11.28	00:06:47.184	0.58898				2
2024.11.28	00:06:49.427	0.58899				2
2024.11.28	00:06:50.967	0.58900				2
2024.11.28	00:06:52.022	0.58891	0.58953			6
2024.11.28	00:06:52.325	0.58894				2
2024.11.28	00:06:52.634	0.58898	0.58961			6
2024.11.28	00:06:57.430		0.58960			4
2024.11.28	00:07:00.303	0.58895	0.58953			6
2024.11.28	00:07:00.607	0.58897	0.58961			6
2024.11.28	00:07:00.915	0.58901				2
2024.11.28	00:07:01.243	0.58902				2
2024.11.28	00:07:02.540		0.58954			4
2024.11.28	00:07:02.845	0.58896	0.58961			6
2024.11.28	00:07:03.152	0.58900				2
2024.11.28	00:07:04.427	0.58901	0.58959			6
2024.11.28	00:07:04.735	0.58900				2
2024.11.28	00:07:05.041	0.58901				2
2024.11.28	00:07:07.930		0.58952			4
2024.11.28	00:07:13.438	0.58887	0.58956			6
2024.11.28	00:07:13.744	0.58896	0.58953			6
2024.11.28	00:07:14.047	0.58889	0.58956			6
2024.11.28	00:07:14.358	0.58893	0.58953			6
2024.11.28	00:07:14.666	0.58897				2
2024.11.28	00:07:14.982		0.58955			4
2024.11.28	00:07:15.284		0.58953			4
2024.11.28	00:07:15.591	0.58901				2
2024.11.28	00:07:20.431		0.58955			4
2024.11.28	00:07:20.966	0.58891				2
2024.11.28	00:07:21.286	0.58893				2
2024.11.28	00:07:21.605	0.58896				2
2024.11.28	00:07:22.772	0.58897				2
2024.11.28	00:07:25.426	0.58896	0.58956			6
2024.11.28	00:07:25.742	0.58899	0.58952			6
2024.11.28	00:07:26.467	0.58902	0.58956			6
2024.11.28	00:07:26.770	0.58894	0.58955			6
2024.11.28	00:07:27.081	0.58899				2
2024.11.28	00:07:27.463	0.58895	0.58954			6
2024.11.28	00:07:27.765		0.58955			4
2024.11.28	00:07:28.072	0.58900				2
2024.11.28	00:07:28.482		0.58954			4
2024.11.28	00:07:30.434	0.58901	0.58971			6
2024.11.28	00:07:30.741		0.58954			4
2024.11.28	00:07:31.046	0.58902				2
2024.11.28	00:07:31.486	0.58903				2
2024.11.28	00:07:32.423	0.58897	0.58955			6
2024.11.28	00:07:32.728	0.58896				2
2024.11.28	00:07:33.039	0.58901				2
2024.11.28	00:07:33.484	0.58892	0.58953			6
2024.11.28	00:07:33.786	0.58889	0.58955			6
2024.11.28	00:07:34.086	0.58892				2
2024.11.28	00:07:34.482	0.58894	0.58954			6
2024.11.28	00:07:36.471	0.58888	0.58956			6
2024.11.28	00:07:36.782	0.58892				2
2024.11.28	00:07:37.473		0.58955			4
2024.11.28	00:07:37.784	0.58890	0.58954			6
2024.11.28	00:07:38.481	0.58892				2
2024.11.28	00:07:41.964	0.58894	0.58955			6
2024.11.28	00:07:42.268	0.58891				2
2024.11.28	00:07:42.578	0.58894				2
2024.11.28	00:07:43.145	0.58897	0.58954			6
2024.11.28	00:07:43.459	0.58894				2
2024.11.28	00:07:44.132	0.58897				2
2024.11.28	00:07:47.561		0.58955			4
2024.11.28	00:07:48.185	0.58900				2
2024.11.28	00:07:48.561	0.58887	0.58954			6
2024.11.28	00:07:48.861	0.58889	0.58953			6
2024.11.28	00:07:49.165	0.58893				2
2024.11.28	00:07:49.558	0.58894				2
2024.11.28	00:07:51.739	0.58895				2
2024.11.28	00:07:55.576	0.58885	0.58954			6
2024.11.28	00:07:55.886	0.58887	0.58955			6
2024.11.28	00:07:56.188	0.58890				2
2024.11.28	00:07:56.555	0.58894	0.58954			6
2024.11.28	00:07:57.066	0.58896				2
2024.11.28	00:07:57.679	0.58888				2
2024.11.28	00:07:57.981	0.58893	0.58952			6
2024.11.28	00:07:58.291	0.58892	0.58951			6
2024.11.28	00:07:58.713	0.58888	0.58952			6
2024.11.28	00:07:59.020	0.58889	0.58953			6
2024.11.28	00:07:59.333	0.58890				2
2024.11.28	00:07:59.702	0.58894				2
2024.11.28	00:08:00.213	0.58895				2
2024.11.28	00:08:00.519	0.58901				2
2024.11.28	00:08:01.446	0.58902				2
2024.11.28	00:08:01.750	0.58900				2
2024.11.28	00:08:02.083	0.58902				2
2024.11.28	00:08:02.385	0.58903	0.58956			6
2024.11.28	00:08:02.687	0.58905				2
2024.11.28	00:08:02.990	0.58902				2
2024.11.28	00:08:03.291		0.58954			4
2024.11.28	00:08:03.595	0.58903	0.58956			6
2024.11.28	00:08:03.898	0.58901	0.58952			6
2024.11.28	00:08:05.107	0.58902				2
2024.11.28	00:08:08.436	0.58904				2
2024.11.28	00:08:09.039	0.58901	0.58955			6
2024.11.28	00:08:09.341	0.58900				2
2024.11.28	00:08:09.646	0.58899				2
2024.11.28	00:08:09.948		0.58953			4
2024.11.28	00:08:11.996	0.58900				2
2024.11.28	00:08:13.429	0.58901	0.58952			6
2024.11.28	00:08:13.732	0.58902				2
2024.11.28	00:08:14.941	0.58904				2
2024.11.28	00:08:19.481	0.58900	0.58955			6
2024.11.28	00:08:19.784	0.58901	0.58956			6
2024.11.28	00:08:20.086	0.58899	0.58952			6
2024.11.28	00:08:20.689	0.58903				2
2024.11.28	00:08:21.296	0.58902				2
2024.11.28	00:08:23.112	0.58900				2
2024.11.28	00:08:23.413		0.58956			4
2024.11.28	00:08:24.070	0.58901	0.58953			6
2024.11.28	00:08:24.372		0.58952			4
2024.11.28	00:08:24.675	0.58902	0.58956			6
2024.11.28	00:08:24.977		0.58955			4
2024.11.28	00:08:25.278		0.58953			4
2024.11.28	00:08:25.583	0.58899	0.58954			6
2024.11.28	00:08:25.885		0.58953			4
2024.11.28	00:08:26.188	0.58901				2
2024.11.28	00:08:26.491	0.58899				2
2024.11.28	00:08:26.794	0.58902				2
2024.11.28	00:08:29.517	0.58904	0.58955			6
2024.11.28	00:08:29.818	0.58901				2
2024.11.28	00:08:30.426	0.58903				2
2024.11.28	00:08:30.727	0.58900				2
2024.11.28	00:08:31.030	0.58903				2
2024.11.28	00:08:31.332	0.58902				2
2024.11.28	00:08:31.635	0.58904				2
2024.11.28	00:08:31.937	0.58903	0.58954			6
2024.11.28	00:08:33.450	0.58902				2
2024.11.28	00:08:34.355	0.58904	0.58955			6
2024.11.28	00:08:34.659		0.58954			4
2024.11.28	00:08:36.779		0.58953			4
2024.11.28	00:08:37.083	0.58902				2
2024.11.28	00:08:37.385	0.58903	0.58952			6
2024.11.28	00:08:38.898		0.58956			4
2024.11.28	00:08:39.504		0.58952			4
2024.11.28	00:08:40.410		0.58953			4
2024.11.28	00:08:40.714	0.58902	0.58952			6
2024.11.28	00:08:41.016	0.58904				2
2024.11.28	00:08:41.621		0.58953			4
2024.11.28	00:08:41.924	0.58903	0.58952			6
2024.11.28	00:08:42.226	0.58902	0.58956			6
2024.11.28	00:08:42.528	0.58904	0.58953			6
2024.11.28	00:08:42.829		0.58949			4
2024.11.28	00:08:43.135	0.58902	0.58951			6
2024.11.28	00:08:43.437		0.58956			4
2024.11.28	00:08:44.041	0.58900	0.58952			6
2024.11.28	00:08:44.345	0.58905	0.58956			6
2024.11.28	00:08:44.950	0.58904				2
2024.11.28	00:08:47.370	0.58905				2
2024.11.28	00:08:48.883	0.58902				2
2024.11.28	00:08:49.185	0.58904				2
2024.11.28	00:08:49.488	0.58900				2
2024.11.28	00:08:50.394	0.58901				2
2024.11.28	00:08:50.699	0.58900				2
2024.11.28	00:08:51.304	0.58902				2
2024.11.28	00:08:53.120	0.58900				2
2024.11.28	00:08:53.421	0.58903	0.58955			6
2024.11.28	00:08:53.722		0.58954			4
2024.11.28	00:08:54.028	0.58899				2
2024.11.28	00:08:54.329	0.58903	0.58953			6
2024.11.28	00:08:54.634		0.58954			4
2024.11.28	00:08:54.937	0.58900	0.58955			6
2024.11.28	00:08:55.541		0.58954			4
2024.11.28	00:08:56.752	0.58902				2
2024.11.28	00:08:58.264	0.58903				2
2024.11.28	00:08:58.569	0.58904				2
2024.11.28	00:08:58.871	0.58902	0.58952			6
2024.11.28	00:08:59.474	0.58904	0.58951			6
2024.11.28	00:08:59.778	0.58902	0.58954			6
2024.11.28	00:09:00.080	0.58893	0.58952			6
2024.11.28	00:09:00.470	0.58903	0.58956			6
2024.11.28	00:09:00.789	0.58904	0.58953			6
2024.11.28	00:09:01.091	0.58901	0.58954			6
2024.11.28	00:09:01.393	0.58899	0.58950			6
2024.11.28	00:09:01.998	0.58900	0.58953			6
2024.11.28	00:09:02.300	0.58903	0.58955			6
2024.11.28	00:09:02.603	0.58902	0.58956			6
2024.11.28	00:09:03.208		0.58953			4
2024.11.28	00:09:03.512	0.58904	0.58954			6
2024.11.28	00:09:03.815	0.58903	0.58955			6
2024.11.28	00:09:04.420	0.58905				2
2024.11.28	00:09:04.720		0.58954			4
2024.11.28	00:09:05.025	0.58901				2
2024.11.28	00:09:05.331	0.58905				2
2024.11.28	00:09:05.633		0.58955			4
2024.11.28	00:09:05.936	0.58901	0.58954			6
2024.11.28	00:09:06.235	0.58903				2
2024.11.28	00:09:06.541	0.58901				2
2024.11.28	00:09:07.144	0.58902				2
2024.11.28	00:09:07.463	0.58900				2
2024.11.28	00:09:08.105	0.58902				2
2024.11.28	00:09:09.013	0.58900				2
2024.11.28	00:09:09.315	0.58903	0.58955			6
2024.11.28	00:09:09.618	0.58902				2
2024.11.28	00:09:10.223		0.58954			4
2024.11.28	00:09:10.524	0.58903	0.58955			6
2024.11.28	00:09:10.828		0.58954			4
2024.11.28	00:09:11.131	0.58901				2
2024.11.28	00:09:13.555		0.58953			4
2024.11.28	00:09:13.858	0.58899	0.58954			6
2024.11.28	00:09:14.160	0.58894	0.58953			6
2024.11.28	00:09:14.532	0.58895				2
2024.11.28	00:09:16.127	0.58901				2
2024.11.28	00:09:16.429	0.58902				2
2024.11.28	00:09:17.034	0.58900				2
2024.11.28	00:09:19.152	0.58902				2
2024.11.28	00:09:19.757	0.58899	0.58956			6
2024.11.28	00:09:20.059	0.58902				2
2024.11.28	00:09:20.363	0.58901				2
2024.11.28	00:09:20.664	0.58897	0.58953			6
2024.11.28	00:09:20.965	0.58900	0.58951			6
2024.11.28	00:09:21.271	0.58901	0.58949			6
2024.11.28	00:09:21.573		0.58951			4
2024.11.28	00:09:22.179	0.58902				2
2024.11.28	00:09:22.480		0.58956			4
2024.11.28	00:09:22.796	0.58904				2
2024.11.28	00:09:23.137	0.58900	0.58952			6
2024.11.28	00:09:23.742	0.58902				2
2024.11.28	00:09:24.953	0.58903	0.58951			6
2024.11.28	00:09:25.254	0.58902				2
2024.11.28	00:09:25.557	0.58900				2
2024.11.28	00:09:29.189	0.58901				2
2024.11.28	00:09:30.399	0.58903	0.58955			6
2024.11.28	00:09:30.701	0.58904				2
2024.11.28	00:09:31.005	0.58902	0.58956			6
2024.11.28	00:09:31.305	0.58900	0.58949			6
2024.11.28	00:09:31.610	0.58901				2
2024.11.28	00:09:31.930	0.58900	0.58951			6
2024.11.28	00:09:32.266	0.58901	0.58949			6
2024.11.28	00:09:32.567	0.58903	0.58954			6
2024.11.28	00:09:32.870		0.58949			4
2024.11.28	00:09:33.172	0.58901	0.58951			6
2024.11.28	00:09:34.080	0.58902	0.58954			6
2024.11.28	00:09:34.384	0.58903				2
2024.11.28	00:09:34.687	0.58893				2
2024.11.28	00:09:34.991		0.58953			4
2024.11.28	00:09:35.292	0.58903				2
2024.11.28	00:09:35.595	0.58897	0.58952			6
2024.11.28	00:09:35.916	0.58894				2
2024.11.28	00:09:36.856	0.58893				2
2024.11.28	00:09:39.277	0.58894				2
2024.11.28	00:09:39.882	0.58893				2
2024.11.28	00:09:40.487	0.58894				2
2024.11.28	00:09:41.030	0.58896				2
2024.11.28	00:09:41.833	0.58903				2
2024.11.28	00:09:42.141	0.58902				2
2024.11.28	00:09:42.454	0.58899				2
2024.11.28	00:09:43.361	0.58903	0.58953			6
2024.11.28	00:09:43.666	0.58901	0.58952			6
2024.11.28	00:09:43.967	0.58902				2
2024.11.28	00:09:44.271	0.58900				2
2024.11.28	00:09:45.784	0.58902				2
2024.11.28	00:09:47.901		0.58951			4
2024.11.28	00:09:48.205		0.58953			4
2024.11.28	00:09:48.508	0.58901				2
2024.11.28	00:09:49.417	0.58902	0.58951			6
2024.11.28	00:09:49.718	0.58900				2
2024.11.28	00:09:50.627	0.58901				2
2024.11.28	00:09:53.351	0.58903	0.58950			6
2024.11.28	00:09:53.654	0.58904	0.58956			6
2024.11.28	00:09:53.957	0.58902				2
2024.11.28	00:09:54.259	0.58905				2
2024.11.28	00:09:54.864	0.58903				2
2024.11.28	00:09:55.166	0.58904				2
2024.11.28	00:09:55.467	0.58902	0.58953			6
2024.11.28	00:09:55.770	0.58903				2
2024.11.28	00:09:56.983	0.58905				2
2024.11.28	00:10:00.007	0.58905				2
2024.11.28	00:10:04.852	0.58903				2
2024.11.28	00:10:06.364	0.58904				2
2024.11.28	00:10:06.665		0.58951			4
2024.11.28	00:10:09.994	0.58902				2
2024.11.28	00:10:10.601		0.58968			4
2024.11.28	00:10:10.904	0.58900				2
2024.11.28	00:10:12.720	0.58902				2
2024.11.28	00:10:14.230	0.58893	0.58965			6
2024.11.28	00:10:14.837	0.58900				2
2024.11.28	00:10:15.441	0.58901				2
2024.11.28	00:10:15.744	0.58899				2
2024.11.28	00:10:16.349	0.58901				2
2024.11.28	00:10:26.641	0.58899				2
2024.11.28	00:10:29.365	0.58892	0.58969			6
2024.11.28	00:10:33.904	0.58893				2
2024.11.28	00:10:36.325	0.58900				2
2024.11.28	00:10:40.562	0.58902				2
2024.11.28	00:10:46.310	0.58900				2
2024.11.28	00:10:47.825	0.58893	0.58965			6
2024.11.28	00:10:48.128		0.58968			4
2024.11.28	00:10:55.994	0.58894				2
2024.11.28	00:10:56.600	0.58893				2
2024.11.28	00:10:59.323	0.58894				2
2024.11.28	00:11:00.231	0.58894				2
2024.11.28	00:11:00.835	0.58895				2
2024.11.28	00:11:02.046	0.58901	0.58952			6
2024.11.28	00:11:06.067	0.58895	0.58968			6
2024.11.28	00:11:06.385	0.58896	0.58967			6
2024.11.28	00:11:06.991	0.58901	0.58952			6
2024.11.28	00:11:10.955	0.58896	0.58967			6
2024.11.28	00:11:11.881	0.58901	0.58952			6
2024.11.28	00:11:17.040	0.58900	0.58950			6
2024.11.28	00:11:19.568	0.58901				2
2024.11.28	00:11:19.876	0.58902	0.58952			6
2024.11.28	00:11:20.505	0.58900	0.58951			6
2024.11.28	00:11:50.810	0.58902	0.58950			6
2024.11.28	00:11:57.774	0.58901				2
2024.11.28	00:12:00.195	0.58901				2
2024.11.28	00:12:00.800	0.58899	0.58955			6
2024.11.28	00:12:01.351	0.58901	0.58952			6
2024.11.28	00:12:01.656	0.58893	0.58950			6
2024.11.28	00:12:02.264	0.58899				2
2024.11.28	00:12:02.567	0.58900	0.58949			6
2024.11.28	00:12:03.777	0.58902				2
2024.11.28	00:12:09.273		0.58957			4
2024.11.28	00:12:10.181		0.58949			4
2024.11.28	00:12:16.538	0.58901				2
2024.11.28	00:12:37.718	0.58902				2
2024.11.28	00:12:40.492		0.58956			4
2024.11.28	00:12:40.796	0.58903	0.58955			6
2024.11.28	00:12:41.097	0.58902	0.58952			6
2024.11.28	00:12:41.703	0.58903				2
2024.11.28	00:12:42.609	0.58899	0.58957			6
2024.11.28	00:12:43.215	0.58904	0.58953			6
2024.11.28	00:12:43.520		0.58951			4
2024.11.28	00:12:43.822	0.58899				2
2024.11.28	00:12:45.682	0.58902				2
2024.11.28	00:12:48.714	0.58900				2
2024.11.28	00:12:49.722		0.58955			4
2024.11.28	00:12:50.983	0.58902	0.58956			6
2024.11.28	00:12:51.892	0.58903				2
2024.11.28	00:12:54.011	0.58899	0.58954			6
2024.11.28	00:12:57.340	0.58902				2
2024.11.28	00:12:58.856	0.58903				2
2024.11.28	00:13:00.066	0.58903				2
2024.11.28	00:13:01.277		0.58952			4
2024.11.28	00:13:08.842	0.58904	0.58955			6
2024.11.28	00:13:11.868		0.58956			4
2024.11.28	00:13:17.315	0.58905	0.58964			6
2024.11.28	00:13:17.616	0.58904	0.58965			6
2024.11.28	00:13:19.130	0.58905				2
2024.11.28	00:13:30.983	0.58904				2
2024.11.28	00:13:50.960		0.58954			4
2024.11.28	00:13:59.739	0.58906	0.58964			6
2024.11.28	00:14:00.041	0.58906				2
2024.11.28	00:14:01.553	0.58904	0.58953			6
2024.11.28	00:14:10.028	0.58905	0.58955			6
2024.11.28	00:14:11.843	0.58904				2
2024.11.28	00:14:17.291	0.58905				2
2024.11.28	00:14:20.015		0.58953			4
2024.11.28	00:14:20.317	0.58904				2
2024.11.28	00:14:30.455	0.58905				2
2024.11.28	00:14:30.758	0.58904				2
2024.11.28	00:14:40.542	0.58905				2
2024.11.28	00:14:45.995	0.58904				2
2024.11.28	00:14:50.835	0.58906	0.58954			6
2024.11.28	00:14:57.197	0.58905	0.58952			6
2024.11.28	00:15:00.266	0.58905				2
2024.11.28	00:15:06.016	0.58904				2
2024.11.28	00:15:07.530	0.58905				2
2024.11.28	00:15:11.163	0.58906	0.58954			6
2024.11.28	00:15:21.151		0.58957			4
2024.11.28	00:15:21.453	0.58907				2
2024.11.28	00:15:31.440	0.58906	0.58955			6
2024.11.28	00:15:37.191	0.58905	0.58953			6
2024.11.28	00:15:41.731	0.58906	0.58954			6
2024.11.28	00:15:50.659	0.58907	0.58955			6
2024.11.28	00:15:50.961	0.58906				2
2024.11.28	00:15:51.567		0.58953			4
2024.11.28	00:15:58.530	0.58905				2
2024.11.28	00:16:00.042	0.58905				2
2024.11.28	00:16:01.859	0.58906	0.58964			6
2024.11.28	00:16:02.161	0.58905				2
2024.11.28	00:16:07.916	0.58907				2
2024.11.28	00:16:08.868	0.58905				2
2024.11.28	00:16:12.248		0.58955			4
2024.11.28	00:16:21.028		0.58954			4
2024.11.28	00:16:22.288	0.58906	0.58959			6
2024.11.28	00:16:26.526	0.58907				2
2024.11.28	00:16:31.670	0.58905	0.58953			6
2024.11.28	00:16:44.080		0.58956			4
2024.11.28	00:16:45.290		0.58953			4
2024.11.28	00:16:45.592	0.58906				2
2024.11.28	00:16:46.804		0.58956			4
2024.11.28	00:16:51.643		0.58970			4
2024.11.28	00:16:51.946	0.58905	0.58967			6
2024.11.28	00:16:52.853	0.58907	0.58966			6
2024.11.28	00:17:00.116	0.58907				2
2024.11.28	00:17:03.145	0.58906	0.58964			6
2024.11.28	00:17:13.128	0.58905				2
2024.11.28	00:17:13.432	0.58906				2
2024.11.28	00:17:21.298	0.58907				2
2024.11.28	00:17:23.417	0.58905	0.58965			6
2024.11.28	00:17:30.984	0.58906				2
2024.11.28	00:17:42.533	0.58907	0.58967			6
2024.11.28	00:17:43.741	0.58906	0.58964			6
2024.11.28	00:17:54.080		0.58965			4
2024.11.28	00:18:00.132	0.58906				2
2024.11.28	00:18:01.645		0.58964			4
2024.11.28	00:18:14.354	0.58907	0.58969			6
2024.11.28	00:18:24.339		0.58967			4
2024.11.28	00:18:24.640	0.58906				2
2024.11.28	00:18:31.348	0.58907				2
2024.11.28	00:18:34.679	0.58906	0.58965			6
2024.11.28	00:18:37.704	0.58905	0.58966			6
2024.11.28	00:18:44.360		0.58965			4
2024.11.28	00:18:44.965	0.58906	0.58964			6
2024.11.28	00:18:54.954		0.58966			4
2024.11.28	00:18:55.255	0.58905				2
2024.11.28	00:19:00.095	0.58905				2
2024.11.28	00:19:00.398	0.58906	0.58964			6
2024.11.28	00:19:05.241	0.58907				2
2024.11.28	00:19:15.579	0.58906				2
2024.11.28	00:19:20.723	0.58905				2
2024.11.28	00:19:21.026	0.58906				2
2024.11.28	00:19:35.853	0.58905	0.58965			6
2024.11.28	00:19:56.130	0.58907	0.58968			6
2024.11.28	00:20:00.061	0.58907				2
2024.11.28	00:20:06.468	0.58906	0.58966			6
2024.11.28	00:20:09.191	0.58907				2
2024.11.28	00:20:16.455	0.58906	0.58967			6
2024.11.28	00:20:16.757	0.58907				2
2024.11.28	00:20:18.875	0.58905				2
2024.11.28	00:20:26.744		0.58966			4
2024.11.28	00:20:30.375		0.58965			4
2024.11.28	00:20:30.980	0.58907				2
2024.11.28	00:20:36.730		0.58964			4
2024.11.28	00:20:37.033		0.58969			4
2024.11.28	00:20:47.018		0.58968			4
2024.11.28	00:20:57.306		0.58967			4
2024.11.28	00:21:00.031	0.58907				2
2024.11.28	00:21:07.342		0.58966			4
2024.11.28	00:21:07.647	0.58906				2
2024.11.28	00:21:17.632	0.58907	0.58967			6
2024.11.28	00:21:20.960	0.58905				2
2024.11.28	00:21:21.867		0.58968			4
2024.11.28	00:21:27.919	0.58907	0.58964			6
2024.11.28	00:21:29.432	0.58906				2
2024.11.28	00:21:31.248	0.58907				2
2024.11.28	00:21:34.272		0.58965			4
2024.11.28	00:21:37.908	0.58906	0.58964			6
2024.11.28	00:21:38.210	0.58907				2
2024.11.28	00:21:46.684	0.58906				2
2024.11.28	00:21:48.198	0.58905	0.58968			6
2024.11.28	00:21:50.317		0.58971			4
2024.11.28	00:21:50.619	0.58907	0.58972			6
2024.11.28	00:21:51.829	0.58905	0.58971			6
2024.11.28	00:21:53.947	0.58908	0.58968			6
2024.11.28	00:22:00.000	0.58908				2
2024.11.28	00:22:00.605	0.58910	0.58969			6
2024.11.28	00:22:08.475		0.58968			4
2024.11.28	00:22:18.763	0.58909				2
2024.11.28	00:22:19.673	0.58911	0.58972			6
2024.11.28	00:22:19.974	0.58912	0.58974			6
2024.11.28	00:22:29.959	0.58911	0.58971			6
2024.11.28	00:22:33.893	0.58912				2
2024.11.28	00:22:37.223	0.58911				2
2024.11.28	00:22:39.040		0.58970			4
2024.11.28	00:22:43.880	0.58906	0.58968			6
2024.11.28	00:22:44.184	0.58909				2
2024.11.28	00:22:46.304	0.58906				2
2024.11.28	00:22:47.211		0.58971			4
2024.11.28	00:22:49.331	0.58907	0.58970			6
2024.11.28	00:22:49.936	0.58908	0.58973			6
2024.11.28	00:22:52.962		0.58972			4
2024.11.28	00:22:59.320		0.58971			4
2024.11.28	00:23:00.225	0.58908				2
2024.11.28	00:23:19.897	0.58906				2
2024.11.28	00:23:20.199		0.58973			4
2024.11.28	00:23:20.502	0.58908	0.58974			6
2024.11.28	00:23:20.803	0.58907	0.58973			6
2024.11.28	00:23:21.712	0.58909	0.58974			6
2024.11.28	00:23:22.015	0.58907	0.58973			6
2024.11.28	00:23:22.317	0.58909	0.58974			6
2024.11.28	00:23:24.435	0.58907	0.58973			6
2024.11.28	00:23:25.342	0.58909	0.58974			6
2024.11.28	00:23:29.275	0.58908				2
2024.11.28	00:23:36.235	0.58907	0.58973			6
2024.11.28	00:23:40.172		0.58970			4
2024.11.28	00:23:40.473	0.58908				2
2024.11.28	00:23:43.500		0.58971			4
2024.11.28	00:23:43.807	0.58907	0.58973			6
2024.11.28	00:23:46.277	0.58906	0.58971			6
2024.11.28	00:23:46.881	0.58908				2
2024.11.28	00:23:50.207		0.58967			4
2024.11.28	00:23:50.513	0.58906	0.58965			6
2024.11.28	00:23:51.421	0.58908				2
2024.11.28	00:23:52.025	0.58907				2
2024.11.28	00:24:00.197	0.58907				2
2024.11.28	00:24:00.498	0.58908				2
2024.11.28	00:24:00.800	0.58906	0.58966			6
2024.11.28	00:24:01.709		0.58964			4
2024.11.28	00:24:02.010		0.58965			4
2024.11.28	00:24:20.777		0.58964			4
2024.11.28	00:24:21.085	0.58909	0.58967			6
2024.11.28	00:24:21.434	0.58907	0.58969			6
2024.11.28	00:24:30.816	0.58909	0.58972			6
2024.11.28	00:24:31.118	0.58906	0.58967			6
2024.11.28	00:24:32.328	0.58907	0.58973			6
2024.11.28	00:24:36.264	0.58909	0.58974			6
2024.11.28	00:24:39.895	0.58906	0.58971			6
2024.11.28	00:24:40.803	0.58908				2
2024.11.28	00:24:41.408		0.58974			4
2024.11.28	00:24:45.343	0.58909	0.58972			6
2024.11.28	00:24:51.399	0.58908				2
2024.11.28	00:24:51.701	0.58909				2
2024.11.28	00:25:00.172	0.58909				2
2024.11.28	00:25:01.685	0.58907	0.58973			6
2024.11.28	00:25:02.292	0.58908	0.58972			6
2024.11.28	00:25:02.594	0.58909				2
2024.11.28	00:25:02.897		0.58974			4
2024.11.28	00:25:05.623	0.58908				2
2024.11.28	00:25:07.135		0.58973			4
2024.11.28	00:25:10.765		0.58972			4
2024.11.28	00:25:11.674		0.58974			4
2024.11.28	00:25:11.976	0.58906	0.58972			6
2024.11.28	00:25:14.096	0.58907				2
2024.11.28	00:25:21.961	0.58908	0.58966			6
2024.11.28	00:25:22.568	0.58906				2
2024.11.28	00:25:25.290	0.58907				2
2024.11.28	00:25:29.224	0.58906				2
2024.11.28	00:25:32.252		0.58967			4
2024.11.28	00:25:33.463	0.58908				2
2024.11.28	00:25:40.421		0.58964			4
2024.11.28	00:25:41.028		0.58965			4
2024.11.28	00:25:42.541	0.58907	0.58964			6
2024.11.28	00:25:45.263	0.58908				2
2024.11.28	00:25:49.197	0.58907				2
2024.11.28	00:25:52.528		0.58968			4
2024.11.28	00:25:52.830	0.58906				2
2024.11.28	00:25:53.133	0.58908				2
2024.11.28	00:25:55.552		0.58967			4
2024.11.28	00:26:00.091	0.58908				2
2024.11.28	00:26:02.815	0.58907	0.58965			6
2024.11.28	00:26:13.106	0.58908	0.58967			6
2024.11.28	00:26:21.578		0.58965			4
2024.11.28	00:26:23.091	0.58907	0.58964			6
2024.11.28	00:26:25.513	0.58906				2
2024.11.28	00:26:27.327	0.58907				2
2024.11.28	00:26:30.354		0.58959			4
2024.11.28	00:26:30.657		0.58964			4
2024.11.28	00:26:31.564		0.58959			4
2024.11.28	00:26:31.868	0.58908				2
2024.11.28	00:26:33.378	0.58906	0.58960			6
2024.11.28	00:26:34.289		0.58961			4
2024.11.28	00:26:43.723	0.58907				2
2024.11.28	00:26:44.629	0.58908				2
2024.11.28	00:26:45.537		0.58960			4
2024.11.28	00:26:46.445	0.58909				2
2024.11.28	00:26:51.893	0.58908				2
2024.11.28	00:26:52.798	0.58909				2
2024.11.28	00:26:53.710	0.58908				2
2024.11.28	00:27:00.065	0.58908				2
2024.11.28	00:27:03.999	0.58907				2
2024.11.28	00:27:04.300	0.58906	0.58968			6
2024.11.28	00:27:05.512		0.58961			4
2024.11.28	00:27:13.981	0.58909				2
2024.11.28	00:27:14.285	0.58908				2
2024.11.28	00:27:24.272	0.58906				2
2024.11.28	00:27:24.877	0.58907	0.58974			6
2024.11.28	00:27:25.177	0.58908	0.58959			6
2024.11.28	00:27:25.481	0.58906				2
2024.11.28	00:27:26.388		0.58971			4
2024.11.28	00:27:26.694		0.58970			4
2024.11.28	00:27:26.993		0.58971			4
2024.11.28	00:27:27.298		0.58970			4
2024.11.28	00:27:27.600		0.58971			4
2024.11.28	00:27:27.904		0.58970			4
2024.11.28	00:27:28.205		0.58971			4
2024.11.28	00:27:28.508		0.58970			4
2024.11.28	00:27:29.114		0.58971			4
2024.11.28	00:27:31.231		0.58969			4
2024.11.28	00:27:34.611		0.58961			4
2024.11.28	00:27:41.268	0.58909				2
2024.11.28	00:27:41.568	0.58908				2
2024.11.28	00:27:44.593		0.58970			4
2024.11.28	00:27:44.894	0.58906				2
2024.11.28	00:27:50.345	0.58908	0.58973			6
2024.11.28	00:28:00.027	0.58908				2
2024.11.28	00:28:01.844	0.58907	0.58960			6
2024.11.28	00:28:02.145	0.58909	0.58973			6
2024.11.28	00:28:02.450	0.58908	0.58972			6
2024.11.28	00:28:03.406		0.58960			4
2024.11.28	00:28:04.311		0.58972			4
2024.11.28	00:28:04.920		0.58960			4
2024.11.28	00:28:06.131		0.58972			4
2024.11.28	00:28:08.248		0.58961			4
2024.11.28	00:28:12.484	0.58906	0.58969			6
2024.11.28	00:28:12.784	0.58908				2
2024.11.28	00:28:13.392	0.58906	0.58959			6
2024.11.28	00:28:16.115		0.58960			4
2024.11.28	00:28:25.497	0.58908				2
2024.11.28	00:28:25.800		0.58972			4
2024.11.28	00:28:28.223		0.58960			4
2024.11.28	00:28:35.482		0.58958			4
2024.11.28	00:28:35.787	0.58906	0.58971			6
2024.11.28	00:28:45.770	0.58908	0.58970			6
2024.11.28	00:28:51.219	0.58907				2
2024.11.28	00:28:51.824	0.58906				2
2024.11.28	00:28:56.063	0.58908	0.58959			6
2024.11.28	00:28:56.969		0.58970			4
2024.11.28	00:28:58.177	0.58907				2
2024.11.28	00:28:58.484		0.58967			4
2024.11.28	00:28:59.390		0.58961			4
2024.11.28	00:29:00.301	0.58907				2
2024.11.28	00:29:00.906	0.58908				2
2024.11.28	00:29:01.209	0.58907				2
2024.11.28	00:29:01.507	0.58908				2
2024.11.28	00:29:07.259		0.58970			4
2024.11.28	00:29:16.337		0.58974			4
2024.11.28	00:29:20.879		0.58959			4
2024.11.28	00:29:26.625	0.58909				2
2024.11.28	00:29:27.584		0.58975			4
2024.11.28	00:29:31.522	0.58908	0.58961			6
2024.11.28	00:29:36.666	0.58907				2
2024.11.28	00:29:37.269	0.58906				2
2024.11.28	00:29:37.573		0.58959			4
2024.11.28	00:29:40.902	0.58908	0.58974			6
2024.11.28	00:29:41.812	0.58907				2
2024.11.28	00:29:43.628	0.58908	0.58961			6
2024.11.28	00:29:43.929	0.58906				2
2024.11.28	00:29:46.956	0.58908				2
2024.11.28	00:29:57.245	0.58906				2
2024.11.28	00:29:58.152		0.58974			4
2024.11.28	00:29:58.757	0.58908				2
2024.11.28	00:30:00.271	0.58907	0.58973			6
2024.11.28	00:30:00.573	0.58908	0.58960			6
2024.11.28	00:30:05.102		0.58958			4
2024.11.28	00:30:05.646		0.58959			4
2024.11.28	00:30:06.004	0.58906				2
2024.11.28	00:30:07.229		0.58963			4
2024.11.28	00:30:07.834	0.58909	0.58972			6
2024.11.28	00:30:08.137		0.58962			4
2024.11.28	00:30:08.438	0.58908				2
2024.11.28	00:30:13.070		0.58958			4
2024.11.28	00:30:17.325		0.58961			4
2024.11.28	00:30:19.129		0.58958			4
2024.11.28	00:30:20.127		0.58963			4
2024.11.28	00:30:25.075	0.58909				2
2024.11.28	00:30:25.991		0.58970			4
2024.11.28	00:30:27.202	0.58911	0.58961			6
2024.11.28	00:30:27.503		0.58970			4
2024.11.28	00:30:29.926	0.58910				2
2024.11.28	00:30:42.334		0.58962			4
2024.11.28	00:30:43.242		0.58958			4
2024.11.28	00:30:48.992		0.58961			4
2024.11.28	00:31:00.186	0.58910				2
2024.11.28	00:31:12.289	0.58921	0.58962			6
2024.11.28	00:31:13.399		0.58968			4
2024.11.28	00:31:18.659		0.58965			4
2024.11.28	00:31:19.614		0.58975			4
2024.11.28	00:31:20.091		0.58966			4
2024.11.28	00:31:28.837		0.58967			4
2024.11.28	00:31:29.828		0.58964			4
2024.11.28	00:31:45.775		0.58966			4
2024.11.28	00:31:50.172		0.58963			4
2024.11.28	00:31:53.521		0.58975			4
2024.11.28	00:32:00.125	0.58921				2
2024.11.28	00:32:57.429		0.58975			4
2024.11.28	00:33:00.406	0.58921				2
2024.11.28	00:33:00.788	0.58922				2
2024.11.28	00:33:01.307	0.58921	0.58960			6
2024.11.28	00:33:01.676	0.58922	0.58975			6
2024.11.28	00:33:02.701	0.58921	0.58960			6
2024.11.28	00:33:04.329	0.58922	0.58975			6
2024.11.28	00:33:04.879	0.58921				2
2024.11.28	00:33:12.734		0.58979			4
2024.11.28	00:33:14.568		0.58975			4
2024.11.28	00:33:40.591	0.58914	0.58966			6
2024.11.28	00:33:50.982	0.58916	0.58967			6
2024.11.28	00:33:56.755	0.58925	0.58975			6
2024.11.28	00:33:57.806		0.58979			4
2024.11.28	00:34:01.516	0.58925				2
2024.11.28	00:34:05.512		0.58980			4
2024.11.28	00:34:09.439		0.58981			4
2024.11.28	00:35:00.443	0.58925				2
2024.11.28	00:35:12.808		0.58980			4
2024.11.28	00:35:50.236		0.58981			4
2024.11.28	00:35:52.283		0.58980			4
2024.11.28	00:35:59.449		0.58981			4
2024.11.28	00:36:00.302	0.58925				2
2024.11.28	00:36:04.309		0.58980			4
2024.11.28	00:36:44.426		0.58979			4
2024.11.28	00:37:00.309	0.58925				2
2024.11.28	00:37:16.308		0.58981			4
2024.11.28	00:37:21.880		0.58982			4
2024.11.28	00:37:22.283		0.58983			4
2024.11.28	00:38:00.304	0.58925				2
2024.11.28	00:38:23.830		0.58983			4
2024.11.28	00:38:57.211	0.58927				2
2024.11.28	00:39:08.791	0.58927				2
2024.11.28	00:39:24.260		0.58983			4
2024.11.28	00:39:44.579	0.58925				2
2024.11.28	00:39:46.889	0.58926				2
2024.11.28	00:39:48.259	0.58925				2
2024.11.28	00:39:48.604	0.58926				2
2024.11.28	00:40:02.060	0.58926				2
2024.11.28	00:40:28.620		0.58983			4
2024.11.28	00:40:38.838	0.58925				2
2024.11.28	00:41:00.304	0.58925				2
2024.11.28	00:41:30.301		0.58983			4
2024.11.28	00:41:43.277	0.58926				2
2024.11.28	00:42:08.832	0.58926				2
2024.11.28	00:42:30.439		0.58983			4
2024.11.28	00:42:40.595		0.58984			4
2024.11.28	00:43:00.607	0.58926				2
2024.11.28	00:43:40.597		0.58984			4
2024.11.28	00:43:42.309		0.58983			4
2024.11.28	00:43:50.944	0.58925				2
2024.11.28	00:44:00.305	0.58925				2
2024.11.28	00:44:44.830		0.58983			4
2024.11.28	00:45:02.108	0.58925	0.58984			6
2024.11.28	00:45:03.262		0.58987			4
2024.11.28	00:45:04.072		0.58983			4
2024.11.28	00:45:07.991	0.58940	0.58969			6
2024.11.28	00:45:08.615		0.58970			4
2024.11.28	00:46:00.125	0.58940				2
2024.11.28	00:46:10.313		0.58970			4
2024.11.28	00:47:00.302	0.58940				2
2024.11.28	00:47:02.107	0.58938	0.58975			6
2024.11.28	00:47:03.922	0.58940	0.58970			6
2024.11.28	00:47:07.949		0.58969			4
2024.11.28	00:47:46.255		0.58970			4
2024.11.28	00:47:46.590	0.58944				2
2024.11.28	00:47:51.969		0.58971			4
2024.11.28	00:48:00.306	0.58944				2
2024.11.28	00:48:05.826	0.58945				2
2024.11.28	00:48:15.391	0.58944				2
2024.11.28	00:48:19.180	0.58946	0.58972			6
2024.11.28	00:48:19.532		0.58973			4
2024.11.28	00:48:20.754		0.58974			4
2024.11.28	00:48:28.949		0.58973			4
2024.11.28	00:48:49.953		0.58974			4
2024.11.28	00:49:03.713	0.58946				2
2024.11.28	00:49:51.397		0.58974			4
2024.11.28	00:50:00.309	0.58946				2
2024.11.28	00:50:19.177	0.58944				2
2024.11.28	00:50:58.624		0.58974			4
2024.11.28	00:51:00.421	0.58944				2
2024.11.28	00:51:59.176		0.58974			4
2024.11.28	00:52:02.123	0.58944				2
2024.11.28	00:52:10.332	0.58943				2
2024.11.28	00:52:15.178		0.58973			4
2024.11.28	00:52:17.603		0.58974			4
2024.11.28	00:52:40.777	0.58947				2
2024.11.28	00:52:41.091	0.58948				2
2024.11.28	00:52:51.552	0.58946				2
2024.11.28	00:53:00.449	0.58946				2
2024.11.28	00:53:19.179	0.58947	0.58974			6
2024.11.28	00:53:20.225	0.58948				2
2024.11.28	00:53:23.232	0.58949				2
2024.11.28	00:54:03.428	0.58949				2
2024.11.28	00:54:09.034	0.58950				2
2024.11.28	00:54:15.428	0.58951				2
2024.11.28	00:54:23.421		0.58974			4
2024.11.28	00:54:25.455	0.58950				2
2024.11.28	00:54:27.889	0.58951				2
2024.11.28	00:54:30.146	0.58950				2
2024.11.28	00:55:00.446	0.58950				2
2024.11.28	00:55:03.387	0.58947	0.58973			6
2024.11.28	00:55:03.772	0.58948				2
2024.11.28	00:55:05.126	0.58939	0.58966			6
2024.11.28	00:55:05.425	0.58936	0.58965			6
2024.11.28	00:55:06.987	0.58944	0.58971			6
2024.11.28	00:55:07.300	0.58945				2
2024.11.28	00:55:07.606	0.58941				2
2024.11.28	00:55:08.247	0.58936	0.58966			6
2024.11.28	00:55:13.518	0.58937				2
2024.11.28	00:55:18.348	0.58941	0.58971			6
2024.11.28	00:55:19.261		0.58972			4
2024.11.28	00:55:19.658	0.58937	0.58966			6
2024.11.28	00:55:29.737	0.58941	0.58970			6
2024.11.28	00:55:31.642	0.58942	0.58972			6
2024.11.28	00:55:32.443	0.58941	0.58971			6
2024.11.28	00:55:33.405	0.58942	0.58972			6
2024.11.28	00:55:34.825	0.58941	0.58971			6
2024.11.28	00:55:36.723	0.58936	0.58962			6
2024.11.28	00:55:39.022		0.58961			4
2024.11.28	00:55:40.320		0.58960			4
2024.11.28	00:55:42.489		0.58961			4
2024.11.28	00:55:43.600		0.58960			4
2024.11.28	00:55:46.825	0.58935	0.58963			6
2024.11.28	00:55:48.141	0.58925	0.58953			6
2024.11.28	00:55:51.017	0.58924	0.58952			6
2024.11.28	00:55:56.925	0.58927	0.58954			6
2024.11.28	00:55:57.228		0.58955			4
2024.11.28	00:55:59.555	0.58924	0.58950			6
2024.11.28	00:56:00.452	0.58924				2
2024.11.28	00:56:01.628		0.58951			4
2024.11.28	00:56:06.134		0.58950			4
2024.11.28	00:56:09.428	0.58927				2
2024.11.28	00:56:10.960		0.58953			4
2024.11.28	00:56:16.721	0.58925	0.58950			6
2024.11.28	00:56:22.376	0.58923	0.58949			6
2024.11.28	00:56:26.830	0.58919	0.58944			6
2024.11.28	00:56:28.134	0.58913	0.58935			6
2024.11.28	00:56:28.437	0.58911				2
2024.11.28	00:56:36.725	0.58915				2
2024.11.28	00:56:37.047	0.58917				2
2024.11.28	00:56:37.401	0.58916				2
2024.11.28	00:56:39.549	0.58911				2
2024.11.28	00:56:45.214	0.58916				2
2024.11.28	00:56:56.617	0.58917				2
2024.11.28	00:57:00.430	0.58917				2
2024.11.28	00:57:02.225	0.58922	0.58945			6
2024.11.28	00:57:25.199	0.58918				2
2024.11.28	00:57:25.510	0.58917				2
2024.11.28	00:57:30.391	0.58916	0.58944			6
2024.11.28	00:57:30.859	0.58911	0.58935			6
2024.11.28	00:57:31.482	0.58910				2
2024.11.28	00:57:32.137	0.58911				2
2024.11.28	00:57:32.531	0.58910				2
2024.11.28	00:57:35.197	0.58908	0.58925			6
2024.11.28	00:57:35.539	0.58910	0.58930			6
2024.11.28	00:57:35.861	0.58908	0.58925			6
2024.11.28	00:57:36.233	0.58909				2
2024.11.28	00:57:36.611	0.58908				2
2024.11.28	00:57:40.390	0.58909				2
2024.11.28	00:57:41.017	0.58910				2
2024.11.28	00:57:41.460	0.58920	0.58940			6
2024.11.28	00:57:42.069	0.58918	0.58935			6
2024.11.28	00:58:01.147	0.58918				2
2024.11.28	00:58:04.026	0.58914				2
2024.11.28	00:58:04.342	0.58918				2
2024.11.28	00:58:09.941	0.58912				2
2024.11.28	00:58:11.828	0.58911				2
2024.11.28	00:58:13.481	0.58910				2
2024.11.28	00:58:16.960	0.58911				2
2024.11.28	00:58:19.268	0.58910				2
2024.11.28	00:58:20.045	0.58918				2
2024.11.28	00:58:32.769	0.58911				2
2024.11.28	00:58:37.617	0.58908	0.58925			6
2024.11.28	00:58:43.187		0.58920			4
2024.11.28	00:58:43.494	0.58910	0.58930			6
2024.11.28	00:58:45.573	0.58918	0.58935			6
2024.11.28	00:58:49.028	0.58910	0.58930			6
2024.11.28	00:58:49.334	0.58920	0.58940			6
2024.11.28	00:58:54.622	0.58924	0.58935			6
2024.11.28	00:59:00.438	0.58925	0.58940			6
2024.11.28	00:59:00.758	0.58930	0.58949			6
2024.11.28	00:59:02.826		0.58950			4
2024.11.28	00:59:06.100	0.58923	0.58940			6
2024.11.28	00:59:16.202	0.58920				2
2024.11.28	00:59:21.245	0.58913	0.58935			6
2024.11.28	00:59:26.825		0.58934			4
2024.11.28	00:59:28.830	0.58910				2
2024.11.28	00:59:31.355	0.58909	0.58929			6
2024.11.28	00:59:38.926	0.58903	0.58925			6
2024.11.28	00:59:41.223	0.58906				2
2024.11.28	00:59:41.524	0.58908				2
2024.11.28	00:59:44.075	0.58906	0.58920			6
2024.11.28	00:59:44.621	0.58913	0.58930			6
2024.11.28	01:00:00.313	0.58922	0.58929			6
2024.11.28	01:00:00.631	0.58923				2
2024.11.28	01:00:00.940	0.58922				2
2024.11.28	01:00:01.261	0.58937	0.58943			6
2024.11.28	01:00:01.568	0.58942	0.58949			6
2024.11.28	01:00:01.869	0.58946	0.58953			6
2024.11.28	01:00:02.171	0.58955	0.58961			6
2024.11.28	01:00:02.787		0.58965			4
2024.11.28	01:00:03.107	0.58954	0.58964			6
2024.11.28	01:00:04.319		0.58963			4
2024.11.28	01:00:04.620		0.58961			4
2024.11.28	01:00:04.925	0.58955				2
2024.11.28	01:00:16.427	0.58960	0.58966			6
2024.11.28	01:00:20.765		0.58964			4
2024.11.28	01:00:21.066	0.58958				2
2024.11.28	01:00:30.197		0.58965			4
2024.11.28	01:00:32.016	0.58959				2
2024.11.28	01:00:34.482	0.58963				2
2024.11.28	01:00:34.787	0.58961	0.58967			6
2024.11.28	01:00:37.814	0.58957	0.58963			6
2024.11.28	01:00:38.418	0.58956				2
2024.11.28	01:00:39.102		0.58965			4
2024.11.28	01:00:39.427	0.58958				2
2024.11.28	01:00:40.337	0.58960				2
2024.11.28	01:00:41.547	0.58963	0.58968			6
2024.11.28	01:00:41.851	0.58964				2
2024.11.28	01:00:42.807	0.58963				2
2024.11.28	01:00:46.791	0.58966	0.58971			6
2024.11.28	01:00:47.699	0.58967	0.58972			6
2024.11.28	01:00:48.002	0.58968	0.58973			6
2024.11.28	01:00:51.333	0.58969				2
2024.11.28	01:00:57.347	0.58968				2
2024.11.28	01:00:58.292	0.58966	0.58971			6
2024.11.28	01:01:00.108	0.58966				2
2024.11.28	01:01:06.161	0.58968	0.58973			6
2024.11.28	01:01:15.898	0.58966	0.58971			6
2024.11.28	01:01:29.214	0.58967				2
2024.11.28	01:01:29.522	0.58969	0.58973			6
2024.11.28	01:02:00.236	0.58969				2
2024.11.28	01:02:29.700		0.58973			4
2024.11.28	01:02:41.507		0.58974			4
2024.11.28	01:02:50.141	0.58970				2
2024.11.28	01:02:59.226	0.58971				2
2024.11.28	01:03:01.962	0.58971	0.58975			6
2024.11.28	01:03:02.591		0.58974			4
2024.11.28	01:03:14.473		0.58976			4
2024.11.28	01:03:15.101		0.58974			4
2024.11.28	01:03:22.705	0.58970				2
2024.11.28	01:03:23.676	0.58971				2
2024.11.28	01:03:23.980		0.58976			4
2024.11.28	01:03:24.586		0.58974			4
2024.11.28	01:03:29.125	0.58970				2
2024.11.28	01:03:31.193	0.58971				2
2024.11.28	01:03:33.311		0.58976			4
2024.11.28	01:03:34.219		0.58975			4
2024.11.28	01:03:43.903		0.58976			4
2024.11.28	01:03:44.810		0.58975			4
2024.11.28	01:03:53.587		0.58976			4
2024.11.28	01:03:54.192		0.58975			4
2024.11.28	01:04:00.244	0.58971				2
2024.11.28	01:04:00.545	0.58973	0.58977			6
2024.11.28	01:04:00.849	0.58975	0.58979			6
2024.11.28	01:04:05.083		0.58981			4
2024.11.28	01:04:07.202		0.58979			4
2024.11.28	01:04:12.951	0.58973	0.58978			6
2024.11.28	01:04:13.558	0.58974				2
2024.11.28	01:04:22.385		0.58979			4
2024.11.28	01:04:22.991		0.58978			4
2024.11.28	01:04:33.784		0.58979			4
2024.11.28	01:04:34.693		0.58978			4
2024.11.28	01:05:00.167	0.58974				2
2024.11.28	01:05:06.525	0.58972	0.58976			6
2024.11.28	01:05:06.827	0.58974	0.58978			6
2024.11.28	01:05:13.487		0.58979			4
2024.11.28	01:05:15.604		0.58978			4
2024.11.28	01:05:20.449	0.58975	0.58980			6
2024.11.28	01:05:28.319		0.58981			4
2024.11.28	01:05:31.343		0.58980			4
2024.11.28	01:06:00.099	0.58975				2
2024.11.28	01:06:31.375		0.58980			4
2024.11.28	01:06:49.846		0.58978			4
2024.11.28	01:06:50.151	0.58973				2
2024.11.28	01:06:59.843		0.58979			4
2024.11.28	01:07:00.146	0.58973				2
2024.11.28	01:07:00.450		0.58978			4
2024.11.28	01:07:13.176	0.58974				2
2024.11.28	01:07:33.167		0.58977			4
2024.11.28	01:07:57.402		0.58978			4
2024.11.28	01:08:00.127	0.58974				2
2024.11.28	01:08:27.993		0.58977			4
2024.11.28	01:09:00.104	0.58974				2
2024.11.28	01:09:11.310	0.58973				2
2024.11.28	01:09:18.885		0.58976			4
2024.11.28	01:09:27.368	0.58971	0.58975			6
2024.11.28	01:09:27.677	0.58970				2
2024.11.28	01:09:49.231	0.58971				2
2024.11.28	01:09:49.533	0.58972				2
2024.11.28	01:09:51.350	0.58971				2
2024.11.28	01:09:52.562		0.58974			4
2024.11.28	01:09:52.866	0.58970				2
2024.11.28	01:09:57.456		0.58971			4
2024.11.28	01:09:57.761	0.58967				2
2024.11.28	01:10:00.182	0.58967				2
2024.11.28	01:10:00.489	0.58968				2
2024.11.28	01:10:02.354		0.58974			4
2024.11.28	01:10:02.661	0.58971	0.58976			6
2024.11.28	01:10:05.385	0.58970				2
2024.11.28	01:10:05.991	0.58971				2
2024.11.28	01:10:21.138	0.58972				2
2024.11.28	01:10:29.315		0.58975			4
2024.11.28	01:10:37.241	0.58971	0.58974			6
2024.11.28	01:10:38.152		0.58975			4
2024.11.28	01:10:44.311		0.58974			4
2024.11.28	01:10:46.483	0.58970	0.58973			6
2024.11.28	01:10:47.387	0.58969				2
2024.11.28	01:10:47.995	0.58967	0.58971			6
2024.11.28	01:10:49.511		0.58972			4
2024.11.28	01:10:58.901	0.58965	0.58970			6
2024.11.28	01:11:00.112	0.58965				2
2024.11.28	01:11:04.355	0.58961	0.58966			6
2024.11.28	01:11:05.565	0.58963	0.58968			6
2024.11.28	01:11:16.469	0.58962	0.58967			6
2024.11.28	01:11:20.407	0.58963				2
2024.11.28	01:11:24.346		0.58966			4
2024.11.28	01:11:34.145	0.58964				2
2024.11.28	01:12:00.251	0.58964				2
2024.11.28	01:12:09.947	0.58962	0.58964			6
2024.11.28	01:12:10.248	0.58960	0.58965			6
2024.11.28	01:12:20.295	0.58961				2
2024.11.28	01:12:24.235		0.58964			4
2024.11.28	01:12:33.622	0.58957	0.58960			6
2024.11.28	01:12:34.280	0.58956	0.58961			6
2024.11.28	01:12:34.843		0.58962			4
2024.11.28	01:12:40.467	0.58957				2
2024.11.28	01:12:42.308	0.58956				2
2024.11.28	01:12:46.248		0.58961			4
2024.11.28	01:12:49.277	0.58957				2
2024.11.28	01:12:51.399		0.58960			4
2024.11.28	01:12:53.215	0.58958	0.58961			6
2024.11.28	01:12:57.155	0.58959				2
2024.11.28	01:12:57.457	0.58958	0.58960			6
2024.11.28	01:12:57.761	0.58959	0.58961			6
2024.11.28	01:13:00.182	0.58959				2
2024.11.28	01:13:00.487	0.58958	0.58960			6
2024.11.28	01:13:01.395	0.58957				2
2024.11.28	01:13:02.302	0.58958				2
2024.11.28	01:13:14.727	0.58957	0.58959			6
2024.11.28	01:13:15.330	0.58955	0.58960			6
2024.11.28	01:13:20.380	0.58956				2
2024.11.28	01:13:22.197		0.58959			4
2024.11.28	01:13:26.137	0.58957				2
2024.11.28	01:13:29.469	0.58958	0.58960			6
2024.11.28	01:13:31.286	0.58956				2
2024.11.28	01:13:32.193	0.58957				2
2024.11.28	01:13:34.316	0.58955				2
2024.11.28	01:13:36.131	0.58956				2
2024.11.28	01:13:38.251		0.58959			4
2024.11.28	01:13:42.191	0.58957				2
2024.11.28	01:13:50.068	0.58954	0.58956			6
2024.11.28	01:13:50.368	0.58953	0.58955			6
2024.11.28	01:13:50.670	0.58952	0.58954			6
2024.11.28	01:13:51.275	0.58951	0.58957			6
2024.11.28	01:13:53.700	0.58950	0.58956			6
2024.11.28	01:13:54.307	0.58949	0.58955			6
2024.11.28	01:13:56.060	0.58950	0.58956			6
2024.11.28	01:14:00.010	0.58950				2
2024.11.28	01:14:00.313	0.58951	0.58957			6
2024.11.28	01:14:04.250		0.58956			4
2024.11.28	01:14:06.370	0.58952				2
2024.11.28	01:14:08.186		0.58955			4
2024.11.28	01:14:11.217	0.58953				2
2024.11.28	01:14:16.116	0.58954	0.58956			6
2024.11.28	01:14:17.377	0.58953	0.58957			6
2024.11.28	01:14:18.285		0.58956			4
2024.11.28	01:14:21.315	0.58954				2
2024.11.28	01:14:29.191	0.58957	0.58959			6
2024.11.28	01:14:29.795	0.58959	0.58961			6
2024.11.28	01:14:30.401	0.58957	0.58963			6
2024.11.28	01:14:32.522		0.58962			4
2024.11.28	01:14:32.830	0.58956				2
2024.11.28	01:14:37.162	0.58957	0.58963			6
2024.11.28	01:14:37.774	0.58958	0.58964			6
2024.11.28	01:14:43.276	0.58960	0.58965			6
2024.11.28	01:14:43.886	0.58962	0.58967			6
2024.11.28	01:14:51.446	0.58964				2
2024.11.28	01:14:53.881	0.58963				2
2024.11.28	01:14:57.820	0.58962				2
2024.11.28	01:14:58.283	0.58963				2
2024.11.28	01:14:58.899	0.58966	0.58970			6
2024.11.28	01:14:59.232	0.58965				2
2024.11.28	01:15:00.140	0.58965				2
2024.11.28	01:15:01.402	0.58964				2
2024.11.28	01:15:03.424	0.58967	0.58972			6
2024.11.28	01:15:07.413	0.58965	0.58970			6
2024.11.28	01:15:08.621	0.58964				2
2024.11.28	01:15:09.229	0.58965				2
2024.11.28	01:15:16.244	0.58966				2
2024.11.28	01:15:18.415		0.58969			4
2024.11.28	01:15:20.588	0.58965	0.58968			6
2024.11.28	01:15:20.896	0.58964	0.58967			6
2024.11.28	01:15:21.245	0.58963	0.58968			6
2024.11.28	01:15:22.153		0.58967			4
2024.11.28	01:15:22.457	0.58964	0.58969			6
2024.11.28	01:15:24.275	0.58965				2
2024.11.28	01:15:27.304		0.58968			4
2024.11.28	01:15:29.426		0.58969			4
2024.11.28	01:15:30.332	0.58964				2
2024.11.28	01:15:31.847	0.58966	0.58971			6
2024.11.28	01:15:32.151	0.58967				2
2024.11.28	01:15:33.411	0.58966				2
2024.11.28	01:15:37.350	0.58967				2
2024.11.28	01:15:39.170		0.58970			4
2024.11.28	01:15:42.199	0.58968				2
2024.11.28	01:15:44.621	0.58969	0.58971			6
2024.11.28	01:15:47.651	0.58968	0.58970			6
2024.11.28	01:15:47.955	0.58967	0.58969			6
2024.11.28	01:15:48.257	0.58966	0.58968			6
2024.11.28	01:15:49.164	0.58965	0.58970			6
2024.11.28	01:15:53.105	0.58964				2
2024.11.28	01:15:53.408		0.58969			4
2024.11.28	01:15:54.318		0.58970			4
2024.11.28	01:15:57.347		0.58969			4
2024.11.28	01:15:58.256	0.58965				2
2024.11.28	01:16:00.074	0.58965				2
2024.11.28	01:16:00.378		0.58968			4
2024.11.28	01:16:02.191	0.58966				2
2024.11.28	01:16:07.342	0.58965	0.58967			6
2024.11.28	01:16:08.253	0.58964				2
2024.11.28	01:16:10.374	0.58965				2
2024.11.28	01:16:12.189	0.58964				2
2024.11.28	01:16:13.403	0.58965				2
2024.11.28	01:16:34.400	0.58967	0.58969			6
2024.11.28	01:16:35.357	0.58965	0.58970			6
2024.11.28	01:16:36.267	0.58966				2
2024.11.28	01:16:36.876		0.58971			4
2024.11.28	01:16:42.628	0.58967	0.58972			6
2024.11.28	01:16:43.389		0.58973			4
2024.11.28	01:16:47.591	0.58964	0.58970			6
2024.11.28	01:16:49.445	0.58963	0.58969			6
2024.11.28	01:16:51.262	0.58964	0.58970			6
2024.11.28	01:16:52.119	0.58965				2
2024.11.28	01:16:54.845	0.58964				2
2024.11.28	01:16:58.198	0.58963	0.58969			6
2024.11.28	01:16:59.437	0.58964	0.58970			6
2024.11.28	01:17:00.043	0.58963	0.58969			6
2024.11.28	01:17:00.348		0.58968			4
2024.11.28	01:17:02.164	0.58964				2
2024.11.28	01:17:03.377		0.58967			4
2024.11.28	01:17:05.194	0.58965				2
2024.11.28	01:17:28.268	0.58966	0.58968			6
2024.11.28	01:17:44.020	0.58967	0.58969			6
2024.11.28	01:17:44.323	0.58966	0.58970			6
2024.11.28	01:17:46.139	0.58965	0.58969			6
2024.11.28	01:17:47.351	0.58964				2
2024.11.28	01:17:48.260	0.58965				2
2024.11.28	01:17:49.167	0.58966	0.58970			6
2024.11.28	01:17:52.198		0.58969			4
2024.11.28	01:17:54.318	0.58965	0.58968			6
2024.11.28	01:17:55.225		0.58969			4
2024.11.28	01:17:57.395		0.58968			4
2024.11.28	01:18:00.127	0.58965				2
2024.11.28	01:18:01.389	0.58966	0.58969			6
2024.11.28	01:18:02.297		0.58970			4
2024.11.28	01:18:03.203		0.58969			4
2024.11.28	01:18:04.163	0.58965	0.58968			6
2024.11.28	01:18:05.378	0.58964	0.58970			6
2024.11.28	01:18:06.286		0.58969			4
2024.11.28	01:18:10.223	0.58965				2
2024.11.28	01:18:14.207		0.58968			4
2024.11.28	01:18:22.134		0.58969			4
2024.11.28	01:18:27.334		0.58968			4
2024.11.28	01:18:39.451	0.58967	0.58970			6
2024.11.28	01:18:39.756	0.58965	0.58968			6
2024.11.28	01:18:41.270	0.58964	0.58969			6
2024.11.28	01:18:43.388	0.58965				2
2024.11.28	01:18:47.630	0.58964	0.58968			6
2024.11.28	01:18:47.931	0.58960	0.58963			6
2024.11.28	01:18:48.237	0.58957	0.58961			6
2024.11.28	01:18:48.590	0.58955	0.58958			6
2024.11.28	01:18:49.193	0.58954				2
2024.11.28	01:18:51.014	0.58953	0.58957			6
2024.11.28	01:18:51.623		0.58958			4
2024.11.28	01:18:51.925	0.58954				2
2024.11.28	01:18:57.071	0.58953				2
2024.11.28	01:18:57.378	0.58952	0.58957			6
2024.11.28	01:19:00.101	0.58953				2
2024.11.28	01:19:04.950	0.58954				2
2024.11.28	01:19:05.821	0.58956	0.58959			6
2024.11.28	01:19:06.524	0.58954	0.58958			6
2024.11.28	01:19:06.868	0.58953	0.58957			6
2024.11.28	01:19:09.138	0.58954				2
2024.11.28	01:19:10.254	0.58953				2
2024.11.28	01:19:12.328	0.58954				2
2024.11.28	01:19:13.436	0.58953				2
2024.11.28	01:19:14.650		0.58956			4
2024.11.28	01:19:17.725	0.58952				2
2024.11.28	01:19:19.891		0.58955			4
2024.11.28	01:19:20.497	0.58951				2
2024.11.28	01:19:21.711	0.58950	0.58954			6
2024.11.28	01:19:22.017	0.58949	0.58953			6
2024.11.28	01:19:22.318	0.58948	0.58952			6
2024.11.28	01:19:23.227	0.58947				2
2024.11.28	01:19:33.174		0.58951			4
2024.11.28	01:19:36.808	0.58948	0.58952			6
2024.11.28	01:19:38.022	0.58947	0.58951			6
2024.11.28	01:19:39.232	0.58946				2
2024.11.28	01:19:43.172	0.58947				2
2024.11.28	01:19:49.228		0.58950			4
2024.11.28	01:19:54.986	0.58948	0.58951			6
2024.11.28	01:19:55.289	0.58947	0.58950			6
2024.11.28	01:19:55.594	0.58948	0.58951			6
2024.11.28	01:19:56.195		0.58952			4
2024.11.28	01:19:57.409	0.58950	0.58954			6
2024.11.28	01:19:57.712	0.58951	0.58955			6
2024.11.28	01:19:58.366	0.58950	0.58956			6
2024.11.28	01:20:00.371	0.58951				2
2024.11.28	01:20:01.347		0.58955			4
2024.11.28	01:20:03.468		0.58956			4
2024.11.28	01:20:05.523		0.58955			4
2024.11.28	01:20:06.444	0.58950				2
2024.11.28	01:20:08.807	0.58949	0.58953			6
2024.11.28	01:20:09.423		0.58954			4
2024.11.28	01:20:14.271		0.58953			4
2024.11.28	01:20:19.724	0.58950				2
2024.11.28	01:20:20.331		0.58954			4
2024.11.28	01:20:20.635	0.58952	0.58955			6
2024.11.28	01:20:20.938	0.58955	0.58959			6
2024.11.28	01:20:21.575	0.58954				2
2024.11.28	01:20:30.439		0.58958			4
2024.11.28	01:20:31.996		0.58959			4
2024.11.28	01:20:32.329		0.58958			4
2024.11.28	01:20:33.258	0.58955	0.58959			6
2024.11.28	01:20:40.257		0.58958			4
2024.11.28	01:20:42.750	0.58956	0.58959			6
2024.11.28	01:20:48.205	0.58957				2
2024.11.28	01:21:00.068	0.58957				2
2024.11.28	01:21:08.854	0.58956	0.58958			6
2024.11.28	01:21:09.764	0.58955				2
2024.11.28	01:21:10.976	0.58956	0.58959			6
2024.11.28	01:21:11.277		0.58960			4
2024.11.28	01:21:12.187		0.58959			4
2024.11.28	01:21:33.995	0.58957	0.58960			6
2024.11.28	01:21:34.297	0.58956				2
2024.11.28	01:21:36.773	0.58955				2
2024.11.28	01:21:40.101		0.58959			4
2024.11.28	01:21:49.496	0.58950	0.58954			6
2024.11.28	01:21:49.799	0.58949	0.58953			6
2024.11.28	01:21:51.312		0.58954			4
2024.11.28	01:21:53.906	0.58950	0.58955			6
2024.11.28	01:22:00.125	0.58950				2
2024.11.28	01:22:03.062		0.58954			4
2024.11.28	01:22:13.376		0.58953			4
2024.11.28	01:22:18.220	0.58951				2
2024.11.28	01:22:22.157	0.58950				2
2024.11.28	01:22:24.280	0.58951				2
2024.11.28	01:22:24.581	0.58952	0.58954			6
2024.11.28	01:22:26.396	0.58951				2
2024.11.28	01:22:28.217	0.58952				2
2024.11.28	01:22:29.127	0.58953	0.58955			6
2024.11.28	01:22:29.429	0.58952	0.58954			6
2024.11.28	01:22:30.337	0.58951				2
2024.11.28	01:22:30.638	0.58950	0.58953			6
2024.11.28	01:22:30.945	0.58951	0.58954			6
2024.11.28	01:22:31.296	0.58950	0.58953			6
2024.11.28	01:22:32.203		0.58954			4
2024.11.28	01:22:33.416		0.58953			4
2024.11.28	01:22:34.323	0.58951	0.58954			6
2024.11.28	01:22:35.233	0.58950	0.58955			6
2024.11.28	01:22:36.393	0.58951				2
2024.11.28	01:22:38.211		0.58954			4
2024.11.28	01:22:39.120	0.58950				2
2024.11.28	01:22:42.402		0.58953			4
2024.11.28	01:22:48.159	0.58951				2
2024.11.28	01:22:52.400	0.58950				2
2024.11.28	01:23:00.274	0.58950				2
2024.11.28	01:23:04.261	0.58948	0.58951			6
2024.11.28	01:23:05.221		0.58953			4
2024.11.28	01:23:05.996	0.58946	0.58950			6
2024.11.28	01:23:10.927	0.58945				2
2024.11.28	01:23:11.300		0.58949			4
2024.11.28	01:23:18.399	0.58946				2
2024.11.28	01:23:24.151		0.58950			4
2024.11.28	01:23:26.273		0.58949			4
2024.11.28	01:23:30.212	0.58945	0.58948			6
2024.11.28	01:23:31.168		0.58949			4
2024.11.28	01:23:34.707	0.58943	0.58947			6
2024.11.28	01:23:35.008		0.58948			4
2024.11.28	01:23:35.415	0.58944				2
2024.11.28	01:23:41.977	0.58943	0.58947			6
2024.11.28	01:23:43.088	0.58945				2
2024.11.28	01:23:44.318	0.58944				2
2024.11.28	01:23:45.078	0.58943				2
2024.11.28	01:23:45.412	0.58944				2
2024.11.28	01:23:46.017	0.58945				2
2024.11.28	01:23:47.122	0.58944				2
2024.11.28	01:23:48.126	0.58945				2
2024.11.28	01:23:50.008		0.58948			4
2024.11.28	01:23:50.811		0.58947			4
2024.11.28	01:23:51.423		0.58948			4
2024.11.28	01:23:52.396		0.58949			4
2024.11.28	01:23:59.121	0.58946				2
2024.11.28	01:24:00.058	0.58946				2
2024.11.28	01:24:05.255	0.58945				2
2024.11.28	01:24:07.378	0.58946				2
2024.11.28	01:24:11.619	0.58945	0.58948			6
2024.11.28	01:24:12.226		0.58949			4
2024.11.28	01:24:12.603	0.58944	0.58948			6
2024.11.28	01:24:13.513	0.58943	0.58947			6
2024.11.28	01:24:25.118		0.58946			4
2024.11.28	01:24:28.414	0.58942	0.58945			6
2024.11.28	01:24:29.342		0.58946			4
2024.11.28	01:24:33.152	0.58941	0.58944			6
2024.11.28	01:24:38.332		0.58945			4
2024.11.28	01:24:43.378	0.58942				2
2024.11.28	01:24:47.316	0.58941				2
2024.11.28	01:24:51.896		0.58944			4
2024.11.28	01:24:52.542	0.58938	0.58941			6
2024.11.28	01:24:57.725	0.58937				2
2024.11.28	01:25:00.109	0.58937				2
2024.11.28	01:25:00.427	0.58938				2
2024.11.28	01:25:01.049	0.58940	0.58942			6
2024.11.28	01:25:02.174		0.58943			4
2024.11.28	01:25:03.896	0.58938				2
2024.11.28	01:25:04.530	0.58940				2
2024.11.28	01:25:05.490		0.58944			4
2024.11.28	01:25:07.395	0.58941				2
2024.11.28	01:25:07.798	0.58938	0.58942			6
2024.11.28	01:25:10.651	0.58939				2
2024.11.28	01:25:12.740	0.58940	0.58943			6
2024.11.28	01:25:13.045	0.58941	0.58944			6
2024.11.28	01:25:16.143	0.58940				2
2024.11.28	01:25:17.049	0.58941				2
2024.11.28	01:25:30.330	0.58942				2
2024.11.28	01:25:36.996	0.58941	0.58943			6
2024.11.28	01:25:37.905	0.58942	0.58944			6
2024.11.28	01:25:38.209	0.58941				2
2024.11.28	01:25:39.116	0.58940				2
2024.11.28	01:25:41.389		0.58943			4
2024.11.28	01:25:43.813	0.58941				2
2024.11.28	01:25:44.116		0.58944			4
2024.11.28	01:25:47.394	0.58942				2
2024.11.28	01:25:50.427	0.58941	0.58943			6
2024.11.28	01:25:50.730	0.58940	0.58942			6
2024.11.28	01:25:51.335	0.58938	0.58944			6
2024.11.28	01:25:55.423	0.58940				2
2024.11.28	01:25:55.726		0.58945			4
2024.11.28	01:26:00.449	0.58941				2
2024.11.28	01:26:02.390		0.58944			4
2024.11.28	01:26:06.683	0.58940				2
2024.11.28	01:26:07.893	0.58941				2
2024.11.28	01:26:09.406		0.58943			4
2024.11.28	01:26:12.435	0.58942	0.58944			6
2024.11.28	01:26:12.737	0.58941	0.58943			6
2024.11.28	01:26:13.345	0.58942	0.58944			6
2024.11.28	01:26:13.649	0.58941	0.58943			6
2024.11.28	01:26:23.641	0.58942	0.58944			6
2024.11.28	01:26:26.367	0.58943	0.58945			6
2024.11.28	01:26:28.185	0.58941				2
2024.11.28	01:26:30.638	0.58940	0.58944			6
2024.11.28	01:26:40.513	0.58941				2
2024.11.28	01:26:47.424	0.58942				2
2024.11.28	01:26:53.785	0.58944	0.58946			6
2024.11.28	01:26:54.996	0.58943	0.58945			6
2024.11.28	01:26:55.298	0.58942	0.58946			6
2024.11.28	01:26:59.229		0.58947			4
2024.11.28	01:27:00.143	0.58942	0.58946			6
2024.11.28	01:27:02.374		0.58947			4
2024.11.28	01:27:03.324		0.58946			4
2024.11.28	01:27:10.592		0.58947			4
2024.11.28	01:27:10.897	0.58943	0.58948			6
2024.11.28	01:27:11.206	0.58944	0.58947			6
2024.11.28	01:27:13.523	0.58943	0.58945			6
2024.11.28	01:27:14.132	0.58942	0.58947			6
2024.11.28	01:27:14.434	0.58943				2
2024.11.28	01:27:15.390		0.58946			4
2024.11.28	01:27:15.954		0.58945			4
2024.11.28	01:27:16.301		0.58947			4
2024.11.28	01:27:17.456		0.58946			4
2024.11.28	01:27:18.077		0.58947			4
2024.11.28	01:27:18.422	0.58944				2
2024.11.28	01:27:19.025	0.58943	0.58946			6
2024.11.28	01:27:19.340	0.58944	0.58947			6
2024.11.28	01:27:20.272	0.58943	0.58946			6
2024.11.28	01:27:21.299	0.58944	0.58947			6
2024.11.28	01:27:22.292	0.58945				2
2024.11.28	01:27:22.607	0.58944				2
2024.11.28	01:27:24.377	0.58945				2
2024.11.28	01:27:28.315	0.58946	0.58948			6
2024.11.28	01:27:29.221	0.58945				2
2024.11.28	01:27:32.829	0.58946				2
2024.11.28	01:27:35.281	0.58947				2
2024.11.28	01:27:35.888	0.58945	0.58947			6
2024.11.28	01:27:36.495		0.58946			4
2024.11.28	01:27:36.797	0.58944				2
2024.11.28	01:27:37.403	0.58943				2
2024.11.28	01:27:43.446	0.58941	0.58943			6
2024.11.28	01:27:44.347	0.58940	0.58944			6
2024.11.28	01:27:44.976		0.58943			4
2024.11.28	01:28:00.429	0.58940				2
2024.11.28	01:28:01.385	0.58941				2
2024.11.28	01:28:04.113	0.58942				2
2024.11.28	01:28:06.536		0.58944			4
2024.11.28	01:28:07.140	0.58943				2
2024.11.28	01:28:11.385	0.58942				2
2024.11.28	01:28:12.292	0.58941				2
2024.11.28	01:28:13.401	0.58942				2
2024.11.28	01:28:40.359	0.58944	0.58946			6
2024.11.28	01:28:41.760	0.58943				2
2024.11.28	01:28:47.056		0.58945			4
2024.11.28	01:28:47.362		0.58946			4
2024.11.28	01:28:48.523	0.58944	0.58947			6
2024.11.28	01:28:49.313	0.58945	0.58948			6
2024.11.28	01:29:00.319	0.58946				2
2024.11.28	01:29:04.294	0.58945				2
2024.11.28	01:29:05.165	0.58946				2
2024.11.28	01:29:07.326	0.58945				2
2024.11.28	01:29:09.394	0.58946				2
2024.11.28	01:29:13.636	0.58945	0.58947			6
2024.11.28	01:29:14.241		0.58948			4
2024.11.28	01:29:24.370		0.58947			4
2024.11.28	01:29:25.299		0.58948			4
2024.11.28	01:29:29.283	0.58944	0.58946			6
2024.11.28	01:29:37.620	0.58946	0.58948			6
2024.11.28	01:29:38.223	0.58945				2
2024.11.28	01:29:46.604		0.58949			4
2024.11.28	01:29:48.160		0.58948			4
2024.11.28	01:29:51.200		0.58947			4
2024.11.28	01:29:51.502	0.58944				2
2024.11.28	01:29:52.716	0.58945				2
2024.11.28	01:29:53.318		0.58948			4
2024.11.28	01:29:53.622	0.58944				2
2024.11.28	01:29:54.381	0.58945	0.58947			6
2024.11.28	01:29:55.899	0.58944				2
2024.11.28	01:29:56.201		0.58948			4
2024.11.28	01:29:57.323		0.58946			4
2024.11.28	01:29:57.636	0.58945	0.58947			6
2024.11.28	01:29:58.271		0.58948			4
2024.11.28	01:30:00.086	0.58945				2
2024.11.28	01:30:00.389		0.58947			4
2024.11.28	01:30:00.996	0.58941	0.58944			6
2024.11.28	01:30:01.305	0.58940				2
2024.11.28	01:30:02.180		0.58946			4
2024.11.28	01:30:02.814	0.58938	0.58944			6
2024.11.28	01:30:04.024	0.58940	0.58943			6
2024.11.28	01:30:05.197	0.58934	0.58940			6
2024.11.28	01:30:05.506	0.58935	0.58938			6
2024.11.28	01:30:07.483	0.58936	0.58939			6
2024.11.28	01:30:08.494	0.58935	0.58938			6
2024.11.28	01:30:14.918	0.58937	0.58940			6
2024.11.28	01:30:15.287	0.58938	0.58941			6
2024.11.28	01:30:15.605	0.58936				2
2024.11.28	01:30:16.657	0.58937				2
2024.11.28	01:30:17.787	0.58936	0.58939			6
2024.11.28	01:30:18.860	0.58935	0.58938			6
2024.11.28	01:30:26.321	0.58936	0.58939			6
2024.11.28	01:30:28.198	0.58935				2
2024.11.28	01:30:34.415		0.58938			4
2024.11.28	01:30:39.264	0.58936				2
2024.11.28	01:30:44.767	0.58935	0.58937			6
2024.11.28	01:30:48.403	0.58934	0.58936			6
2024.11.28	01:30:48.707	0.58932	0.58934			6
2024.11.28	01:30:49.312		0.58935			4
2024.11.28	01:30:51.255	0.58930	0.58933			6
2024.11.28	01:30:51.971	0.58931	0.58934			6
2024.11.28	01:31:00.411	0.58931				2
2024.11.28	01:31:03.840	0.58933	0.58935			6
2024.11.28	01:31:05.218	0.58935	0.58936			6
2024.11.28	01:31:05.524		0.58937			4
2024.11.28	01:31:15.065	0.58937	0.58940			6
2024.11.28	01:31:17.701	0.58939	0.58941			6
2024.11.28	01:31:18.005	0.58940	0.58942			6
2024.11.28	01:31:18.987	0.58937	0.58941			6
2024.11.28	01:31:25.976	0.58938				2
2024.11.28	01:31:26.785	0.58937				2
2024.11.28	01:31:28.381	0.58938				2
2024.11.28	01:31:28.687	0.58937				2
2024.11.28	01:31:29.131		0.58940			4
2024.11.28	01:31:36.410	0.58938				2
2024.11.28	01:31:40.044	0.58936	0.58938			6
2024.11.28	01:31:41.306	0.58935				2
2024.11.28	01:31:50.294		0.58937			4
2024.11.28	01:31:53.624	0.58936	0.58938			6
2024.11.28	01:31:54.232	0.58935				2
2024.11.28	01:31:55.393	0.58936				2
2024.11.28	01:31:56.300	0.58935				2
2024.11.28	01:31:57.210	0.58936				2
2024.11.28	01:32:00.036	0.58936				2
2024.11.28	01:32:00.943	0.58937				2
2024.11.28	01:32:05.491	0.58936				2
2024.11.28	01:32:06.398	0.58935				2
2024.11.28	01:32:10.339	0.58936				2
2024.11.28	01:32:11.247		0.58937			4
2024.11.28	01:32:11.551	0.58934	0.58936			6
2024.11.28	01:32:12.155	0.58932				2
2024.11.28	01:32:13.351	0.58934	0.58938			6
2024.11.28	01:32:14.544	0.58935				2
2024.11.28	01:32:15.058	0.58934				2
2024.11.28	01:32:15.955	0.58935				2
2024.11.28	01:32:17.798	0.58934	0.58937			6
2024.11.28	01:32:18.122	0.58933	0.58936			6
2024.11.28	01:32:18.796	0.58935	0.58938			6
2024.11.28	01:32:22.476	0.58934	0.58937			6
2024.11.28	01:32:24.097		0.58938			4
2024.11.28	01:32:24.442	0.58935				2
2024.11.28	01:32:27.121	0.58934				2
2024.11.28	01:32:27.422	0.58935				2
2024.11.28	01:32:30.377		0.58937			4
2024.11.28	01:32:38.861	0.58934	0.58936			6
2024.11.28	01:32:39.165		0.58937			4
2024.11.28	01:32:40.376		0.58936			4
2024.11.28	01:32:55.569	0.58933	0.58935			6
2024.11.28	01:32:59.207	0.58934	0.58936			6
2024.11.28	01:33:00.165	0.58933	0.58937			6
2024.11.28	01:33:04.406	0.58934				2
2024.11.28	01:33:05.619	0.58932	0.58936			6
2024.11.28	01:33:14.399	0.58933				2
2024.11.28	01:33:15.004	0.58932				2
2024.11.28	01:33:18.386	0.58933				2
2024.11.28	01:33:23.539	0.58932	0.58935			6
2024.11.28	01:33:24.145		0.58936			4
2024.11.28	01:33:25.406		0.58935			4
2024.11.28	01:33:29.344	0.58933				2
2024.11.28	01:33:31.161	0.58932				2
2024.11.28	01:33:38.128	0.58933				2
2024.11.28	01:33:39.641	0.58935	0.58937			6
2024.11.28	01:33:40.249	0.58934				2
2024.11.28	01:33:40.852	0.58935	0.58938			6
2024.11.28	01:33:41.391	0.58934				2
2024.11.28	01:33:41.964	0.58935				2
2024.11.28	01:33:43.726	0.58934				2
2024.11.28	01:33:44.489	0.58935				2
2024.11.28	01:33:51.809		0.58939			4
2024.11.28	01:33:55.390		0.58938			4
2024.11.28	01:33:59.327	0.58936				2
2024.11.28	01:34:00.234	0.58936				2
2024.11.28	01:34:15.684		0.58937			4
2024.11.28	01:34:15.987		0.58938			4
2024.11.28	01:34:46.676		0.58937			4
2024.11.28	01:34:47.490		0.58938			4
2024.11.28	01:34:48.141		0.58939			4
2024.11.28	01:35:00.491	0.58936				2
2024.11.28	01:35:02.950	0.58935	0.58940			6
2024.11.28	01:35:05.049	0.58936	0.58939			6
2024.11.28	01:35:22.610	0.58935	0.58938			6
2024.11.28	01:35:24.133	0.58934				2
2024.11.28	01:35:37.809	0.58935	0.58939			6
2024.11.28	01:35:40.806		0.58937			4
2024.11.28	01:35:41.266		0.58939			4
2024.11.28	01:35:52.216	0.58936				2
2024.11.28	01:36:00.131	0.58936				2
2024.11.28	01:36:00.432	0.58935	0.58938			6
2024.11.28	01:36:21.131	0.58936				2
2024.11.28	01:36:27.188	0.58934				2
2024.11.28	01:36:28.756		0.58939			4
2024.11.28	01:36:29.411	0.58935				2
2024.11.28	01:36:32.136		0.58938			4
2024.11.28	01:36:39.405	0.58936				2
2024.11.28	01:36:47.281	0.58934	0.58936			6
2024.11.28	01:36:48.190	0.58933	0.58937			6
2024.11.28	01:36:53.120	0.58931	0.58934			6
2024.11.28	01:37:02.615	0.58931				2
2024.11.28	01:37:10.958	0.58935	0.58938			6
2024.11.28	01:37:11.262		0.58939			4
2024.11.28	01:37:33.806	0.58936				2
2024.11.28	01:37:34.196	0.58935				2
2024.11.28	01:37:34.931	0.58937				2
2024.11.28	01:37:35.305	0.58935				2
2024.11.28	01:37:36.409		0.58938			4
2024.11.28	01:37:37.014		0.58936			4
2024.11.28	01:37:37.340		0.58938			4
2024.11.28	01:37:38.275		0.58939			4
2024.11.28	01:37:41.404		0.58938			4
2024.11.28	01:37:49.280	0.58936				2
2024.11.28	01:38:00.186	0.58936				2
2024.11.28	01:38:04.429	0.58937				2
2024.11.28	01:38:04.732	0.58936				2
2024.11.28	01:38:05.033	0.58937				2
2024.11.28	01:38:05.642	0.58936				2
2024.11.28	01:38:05.945	0.58937				2
2024.11.28	01:38:06.247	0.58936				2
2024.11.28	01:38:10.185	0.58935	0.58939			6
2024.11.28	01:38:12.516		0.58938			4
2024.11.28	01:38:25.325	0.58936				2
2024.11.28	01:38:43.204	0.58935				2
2024.11.28	01:38:43.967	0.58936				2
2024.11.28	01:38:44.343	0.58935				2
2024.11.28	01:38:44.788	0.58936				2
2024.11.28	01:38:45.095	0.58935				2
2024.11.28	01:38:54.312		0.58937			4
2024.11.28	01:39:00.404	0.58935	0.58936			6
2024.11.28	01:39:10.177		0.58938			4
2024.11.28	01:39:22.260		0.58937			4
2024.11.28	01:39:22.574		0.58938			4
2024.11.28	01:39:33.373	0.58933	0.58936			6
2024.11.28	01:39:35.829	0.58935	0.58937			6
2024.11.28	01:39:37.707		0.58938			4
2024.11.28	01:39:39.246	0.58933	0.58937			6
2024.11.28	01:39:39.622		0.58936			4
2024.11.28	01:39:54.451	0.58932	0.58935			6
2024.11.28	01:39:55.937	0.58931	0.58934			6
2024.11.28	01:40:00.382	0.58931				2
2024.11.28	01:40:07.322		0.58933			4
2024.11.28	01:40:07.740		0.58934			4
2024.11.28	01:40:22.401	0.58932				2
2024.11.28	01:40:24.570		0.58935			4
2024.11.28	01:40:24.872	0.58933	0.58936			6
2024.11.28	01:40:43.249	0.58934				2
2024.11.28	01:40:48.096		0.58935			4
2024.11.28	01:40:49.310		0.58936			4
2024.11.28	01:40:52.943	0.58933	0.58935			6
2024.11.28	01:40:54.153	0.58932				2
2024.11.28	01:41:00.310	0.58932				2
2024.11.28	01:41:06.374	0.58933				2
2024.11.28	01:41:34.387	0.58932				2
2024.11.28	01:41:37.148		0.58934			4
2024.11.28	01:41:38.155		0.58935			4
2024.11.28	01:41:49.336	0.58933	0.58936			6
2024.11.28	01:42:00.658	0.58933				2
2024.11.28	01:42:20.764	0.58931	0.58934			6
2024.11.28	01:42:22.591	0.58932				2
2024.11.28	01:42:23.270	0.58931				2
2024.11.28	01:42:29.161	0.58932	0.58935			6
2024.11.28	01:42:33.482	0.58933	0.58936			6
2024.11.28	01:42:36.772	0.58932	0.58934			6
2024.11.28	01:42:47.382	0.58933				2
2024.11.28	01:42:55.055	0.58932				2
2024.11.28	01:43:00.203	0.58932				2
2024.11.28	01:43:08.684	0.58931				2
2024.11.28	01:43:09.289		0.58935			4
2024.11.28	01:43:13.378		0.58934			4
2024.11.28	01:43:19.133	0.58932				2
2024.11.28	01:43:31.908	0.58933	0.58935			6
2024.11.28	01:43:32.815	0.58934				2
2024.11.28	01:43:33.118	0.58933	0.58934			6
2024.11.28	01:43:33.422	0.58931				2
2024.11.28	01:43:49.865		0.58935			4
2024.11.28	01:43:50.380		0.58934			4
2024.11.28	01:43:54.319	0.58932				2
2024.11.28	01:44:00.071	0.58932				2
2024.11.28	01:44:01.586	0.58933				2
2024.11.28	01:44:02.496		0.58935			4
2024.11.28	01:44:03.407	0.58931				2
2024.11.28	01:44:06.197	0.58932				2
2024.11.28	01:44:09.866	0.58931	0.58934			6
2024.11.28	01:44:20.632	0.58930				2
2024.11.28	01:44:21.376	0.58931				2
2024.11.28	01:44:22.890		0.58935			4
2024.11.28	01:44:24.403		0.58934			4
2024.11.28	01:44:31.374	0.58932				2
2024.11.28	01:44:54.391	0.58931				2
2024.11.28	01:44:55.907	0.58929	0.58932			6
2024.11.28	01:44:57.419		0.58933			4
2024.11.28	01:45:00.246	0.58929				2
2024.11.28	01:45:02.794	0.58930	0.58934			6
2024.11.28	01:45:16.893	0.58931				2
2024.11.28	01:45:17.412		0.58933			4
2024.11.28	01:45:57.089	0.58932	0.58934			6
2024.11.28	01:45:57.396	0.58933	0.58935			6
2024.11.28	01:46:00.470	0.58935	0.58939			6
2024.11.28	01:46:01.830	0.58933	0.58938			6
2024.11.28	01:46:03.399		0.58937			4
2024.11.28	01:46:05.001	0.58932	0.58936			6
2024.11.28	01:46:12.070	0.58931	0.58935			6
2024.11.28	01:46:18.393	0.58932				2
2024.11.28	01:46:23.949	0.58933				2
2024.11.28	01:46:24.249	0.58931				2
2024.11.28	01:46:37.375	0.58932				2
2024.11.28	01:46:43.159	0.58934				2
2024.11.28	01:46:44.348	0.58933	0.58936			6
2024.11.28	01:46:46.151	0.58934				2
2024.11.28	01:46:52.675	0.58932	0.58934			6
2024.11.28	01:46:53.280	0.58933	0.58935			6
2024.11.28	01:46:53.582		0.58936			4
2024.11.28	01:47:00.316	0.58933				2
2024.11.28	01:47:05.167	0.58934	0.58937			6
2024.11.28	01:47:05.688	0.58935	0.58939			6
2024.11.28	01:47:08.199		0.58938			4
2024.11.28	01:47:08.506	0.58936	0.58939			6
2024.11.28	01:47:17.055	0.58935	0.58938			6
2024.11.28	01:47:21.940	0.58933	0.58936			6
2024.11.28	01:47:34.320	0.58932	0.58934			6
2024.11.28	01:47:35.228	0.58931				2
2024.11.28	01:47:36.737	0.58933	0.58936			6
2024.11.28	01:47:43.372		0.58935			4
2024.11.28	01:47:49.467	0.58934	0.58936			6
2024.11.28	01:47:50.124	0.58933				2
2024.11.28	01:47:51.791		0.58935			4
2024.11.28	01:47:53.404		0.58936			4
2024.11.28	01:48:00.563	0.58933				2
2024.11.28	01:48:02.132		0.58935			4
2024.11.28	01:48:05.168	0.58932	0.58934			6
2024.11.28	01:48:05.888	0.58931				2
2024.11.28	01:48:06.311	0.58932				2
2024.11.28	01:48:11.175	0.58933				2
2024.11.28	01:48:17.537		0.58935			4
2024.11.28	01:48:18.140		0.58936			4
2024.11.28	01:48:20.342		0.58935			4
2024.11.28	01:48:22.788	0.58934	0.58936			6
2024.11.28	01:48:23.697	0.58935				2
2024.11.28	01:48:24.303		0.58937			4
2024.11.28	01:48:25.536	0.58936	0.58938			6
2024.11.28	01:48:29.339	0.58935				2
2024.11.28	01:48:35.376		0.58937			4
2024.11.28	01:48:37.831	0.58933	0.58936			6
2024.11.28	01:48:45.363	0.58932	0.58934			6
2024.11.28	01:48:59.336	0.58933				2
2024.11.28	01:49:00.243	0.58933				2
2024.11.28	01:49:19.679	0.58932				2
2024.11.28	01:49:20.286	0.58931				2
2024.11.28	01:49:37.977	0.58929	0.58931			6
2024.11.28	01:49:38.284		0.58932			4
2024.11.28	01:49:40.512	0.58930	0.58933			6
2024.11.28	01:49:43.387	0.58931				2
2024.11.28	01:49:50.107		0.58934			4
2024.11.28	01:50:01.173	0.58931				2
2024.11.28	01:50:04.405		0.58933			4
2024.11.28	01:50:05.318		0.58934			4
2024.11.28	01:50:07.251		0.58933			4
2024.11.28	01:50:09.101		0.58934			4
2024.11.28	01:50:16.919	0.58933				2
2024.11.28	01:50:17.224	0.58934	0.58937			6
2024.11.28	01:50:24.401		0.58936			4
2024.11.28	01:50:27.779	0.58933	0.58937			6
2024.11.28	01:50:28.084		0.58936			4
2024.11.28	01:50:28.389		0.58935			4
2024.11.28	01:50:29.297		0.58936			4
2024.11.28	01:50:33.234		0.58937			4
2024.11.28	01:50:40.402		0.58936			4
2024.11.28	01:50:42.221	0.58934				2
2024.11.28	01:50:44.340	0.58933	0.58935			6
2024.11.28	01:50:44.644	0.58934	0.58936			6
2024.11.28	01:50:45.251	0.58933				2
2024.11.28	01:50:45.553		0.58935			4
2024.11.28	01:50:46.158		0.58936			4
2024.11.28	01:50:47.369		0.58937			4
2024.11.28	01:50:48.246		0.58936			4
2024.11.28	01:50:48.579		0.58937			4
2024.11.28	01:50:49.695		0.58936			4
2024.11.28	01:50:50.345		0.58937			4
2024.11.28	01:50:50.750		0.58936			4
2024.11.28	01:50:52.021	0.58932				2
2024.11.28	01:50:53.050		0.58935			4
2024.11.28	01:50:57.369	0.58933				2
2024.11.28	01:50:57.693		0.58936			4
2024.11.28	01:50:58.319		0.58937			4
2024.11.28	01:50:59.006		0.58936			4
2024.11.28	01:51:00.532	0.58933	0.58937			6
2024.11.28	01:51:06.208		0.58936			4
2024.11.28	01:51:08.369		0.58935			4
2024.11.28	01:51:13.217	0.58934	0.58936			6
2024.11.28	01:51:14.127	0.58933				2
2024.11.28	01:51:15.339	0.58934				2
2024.11.28	01:51:26.596	0.58933	0.58935			6
2024.11.28	01:51:47.247	0.58934	0.58936			6
2024.11.28	01:51:48.154	0.58933	0.58937			6
2024.11.28	01:51:51.213		0.58936			4
2024.11.28	01:51:57.394	0.58934				2
2024.11.28	01:52:00.119	0.58934				2
2024.11.28	01:52:02.846	0.58933	0.58935			6
2024.11.28	01:52:04.361		0.58936			4
2024.11.28	01:52:10.418	0.58935	0.58938			6
2024.11.28	01:52:11.428		0.58939			4
2024.11.28	01:52:22.382		0.58938			4
2024.11.28	01:52:26.318		0.58937			4
2024.11.28	01:52:41.865	0.58936	0.58938			6
2024.11.28	01:52:42.170	0.58935	0.58939			6
2024.11.28	01:52:44.390		0.58938			4
2024.11.28	01:52:48.326	0.58936				2
2024.11.28	01:53:00.141	0.58936				2
2024.11.28	01:53:03.475	0.58933	0.58935			6
2024.11.28	01:53:04.381		0.58937			4
2024.11.28	01:53:16.396		0.58936			4
2024.11.28	01:53:20.338		0.58935			4
2024.11.28	01:53:53.400		0.58936			4
2024.11.28	01:53:55.433	0.58930	0.58934			6
2024.11.28	01:54:00.427	0.58930				2
2024.11.28	01:54:02.974	0.58928	0.58929			6
2024.11.28	01:54:05.648	0.58927	0.58930			6
2024.11.28	01:54:05.953	0.58926	0.58929			6
2024.11.28	01:54:27.068	0.58928	0.58931			6
2024.11.28	01:54:27.380		0.58932			4
2024.11.28	01:54:39.320		0.58930			4
2024.11.28	01:54:40.307	0.58927				2
2024.11.28	01:54:42.290	0.58928				2
2024.11.28	01:54:43.838	0.58929	0.58932			6
2024.11.28	01:54:44.145	0.58933	0.58936			6
2024.11.28	01:54:48.285	0.58935	0.58938			6
2024.11.28	01:54:49.047	0.58934				2
2024.11.28	01:54:50.356		0.58937			4
2024.11.28	01:54:51.814	0.58935	0.58938			6
2024.11.28	01:55:00.614	0.58935				2
2024.11.28	01:55:00.972	0.58934				2
2024.11.28	01:55:05.392		0.58937			4
2024.11.28	01:55:12.357		0.58938			4
2024.11.28	01:55:13.419		0.58937			4
2024.11.28	01:55:23.415	0.58935				2
2024.11.28	01:55:27.047	0.58936	0.58938			6
2024.11.28	01:55:27.350	0.58935				2
2024.11.28	01:55:29.999	0.58939	0.58940			6
2024.11.28	01:55:31.239		0.58941			4
2024.11.28	01:55:35.306	0.58937				2
2024.11.28	01:55:41.033	0.58938	0.58940			6
2024.11.28	01:55:41.335	0.58937	0.58941			6
2024.11.28	01:55:43.406		0.58940			4
2024.11.28	01:55:49.765	0.58939	0.58941			6
2024.11.28	01:55:50.067	0.58940				2
2024.11.28	01:55:51.282		0.58942			4
2024.11.28	01:55:59.531	0.58941	0.58943			6
2024.11.28	01:56:00.365	0.58940				2
2024.11.28	01:56:03.399		0.58942			4
2024.11.28	01:56:14.909		0.58941			4
2024.11.28	01:56:15.215	0.58938	0.58940			6
2024.11.28	01:56:16.424		0.58941			4
2024.11.28	01:56:20.874	0.58940	0.58942			6
2024.11.28	01:56:24.257	0.58938	0.58941			6
2024.11.28	01:56:40.400	0.58939				2
2024.11.28	01:56:42.106	0.58940				2
2024.11.28	01:56:48.792		0.58942			4
2024.11.28	01:56:53.422		0.58941			4
2024.11.28	01:57:00.086	0.58940				2
2024.11.28	01:57:00.694		0.58942			4
2024.11.28	01:57:09.782	0.58939				2
2024.11.28	01:57:10.590		0.58943			4
2024.11.28	01:57:11.193	0.58938				2
2024.11.28	01:57:13.415	0.58939				2
2024.11.28	01:57:16.744	0.58938	0.58942			6
2024.11.28	01:57:17.048	0.58939	0.58943			6
2024.11.28	01:57:17.353	0.58938				2
2024.11.28	01:57:20.481		0.58942			4
2024.11.28	01:57:21.390		0.58943			4
2024.11.28	01:57:22.178	0.58937	0.58942			6
2024.11.28	01:57:25.195	0.58939				2
2024.11.28	01:57:37.393		0.58941			4
2024.11.28	01:57:39.814		0.58942			4
2024.11.28	01:58:00.532	0.58939				2
2024.11.28	01:58:18.292	0.58940	0.58944			6
2024.11.28	01:58:18.972	0.58935	0.58939			6
2024.11.28	01:58:27.940	0.58934				2
2024.11.28	01:58:32.070	0.58930	0.58934			6
2024.11.28	01:58:37.007	0.58932	0.58935			6
2024.11.28	01:58:44.882	0.58930	0.58933			6
2024.11.28	01:58:45.897	0.58928	0.58931			6
2024.11.28	01:58:51.146	0.58929	0.58932			6
2024.11.28	01:58:51.448	0.58930	0.58933			6
2024.11.28	01:59:00.177	0.58930				2
2024.11.28	01:59:03.678	0.58925	0.58929			6
2024.11.28	01:59:07.924		0.58928			4
2024.11.28	01:59:09.961	0.58923	0.58927			6
2024.11.28	01:59:13.062	0.58925	0.58928			6
2024.11.28	01:59:18.481	0.58920	0.58924			6
2024.11.28	01:59:18.834	0.58921				2
2024.11.28	01:59:21.302	0.58923	0.58926			6
2024.11.28	01:59:23.204	0.58924	0.58927			6
2024.11.28	01:59:27.727	0.58925	0.58928			6
2024.11.28	01:59:29.325	0.58924				2
2024.11.28	01:59:33.050	0.58925				2
2024.11.28	01:59:41.421		0.58927			4
2024.11.28	01:59:43.237		0.58928			4
2024.11.28	01:59:43.540		0.58927			4
2024.11.28	01:59:48.385		0.58928			4
2024.11.28	01:59:56.313	0.58926				2
2024.11.28	01:59:59.339	0.58925	0.58927			6
2024.11.28	01:59:59.945	0.58926	0.58928			6
2024.11.28	02:00:00.249	0.58925				2
2024.11.28	02:00:00.556	0.58926	0.58929			6
2024.11.28	02:00:01.209	0.58925				2
2024.11.28	02:00:01.817	0.58929	0.58933			6
2024.11.28	02:00:02.123	0.58931	0.58935			6
2024.11.28	02:00:03.380		0.58936			4
2024.11.28	02:00:04.353		0.58935			4
2024.11.28	02:00:05.295	0.58930				2
2024.11.28	02:00:05.696	0.58931	0.58934			6
2024.11.28	02:00:07.185	0.58929				2
2024.11.28	02:00:07.647	0.58930	0.58935			6
2024.11.28	02:00:07.947	0.58931	0.58936			6
2024.11.28	02:00:10.151	0.58932				2
2024.11.28	02:00:11.911		0.58937			4
2024.11.28	02:00:12.212	0.58931	0.58934			6
2024.11.28	02:00:16.528	0.58933	0.58938			6
2024.11.28	02:00:17.780	0.58934	0.58939			6
2024.11.28	02:00:19.630	0.58935				2
2024.11.28	02:00:20.522	0.58934	0.58938			6
2024.11.28	02:00:20.867		0.58939			4
2024.11.28	02:00:22.442		0.58938			4
2024.11.28	02:00:23.836		0.58939			4
2024.11.28	02:00:24.176	0.58935				2
2024.11.28	02:00:25.101		0.58938			4
2024.11.28	02:00:25.406	0.58934				2
2024.11.28	02:00:26.463		0.58937			4
2024.11.28	02:00:28.587	0.58932	0.58934			6
2024.11.28	02:00:28.894	0.58931				2
2024.11.28	02:00:30.155	0.58930				2
2024.11.28	02:00:30.462	0.58927	0.58931			6
2024.11.28	02:00:30.764	0.58929	0.58933			6
2024.11.28	02:00:34.438	0.58925	0.58927			6
2024.11.28	02:00:34.746	0.58924				2
2024.11.28	02:00:39.654	0.58923				2
2024.11.28	02:00:40.578	0.58924	0.58928			6
2024.11.28	02:00:45.263		0.58927			4
2024.11.28	02:00:49.204	0.58925				2
2024.11.28	02:00:50.137	0.58924				2
2024.11.28	02:00:51.376	0.58923	0.58925			6
2024.11.28	02:00:51.683	0.58918	0.58920			6
2024.11.28	02:00:52.307	0.58916				2
2024.11.28	02:00:54.124	0.58920	0.58922			6
2024.11.28	02:00:54.440		0.58923			4
2024.11.28	02:01:00.304	0.58920				2
2024.11.28	02:01:01.994	0.58921				2
2024.11.28	02:01:02.302	0.58920	0.58924			6
2024.11.28	02:01:05.723	0.58921				2
2024.11.28	02:01:06.329	0.58922				2
2024.11.28	02:01:08.453	0.58921	0.58923			6
2024.11.28	02:01:08.757	0.58920				2
2024.11.28	02:01:12.395	0.58921				2
2024.11.28	02:01:13.910	0.58923	0.58925			6
2024.11.28	02:01:15.123	0.58922	0.58926			6
2024.11.28	02:01:17.534		0.58925			4
2024.11.28	02:01:19.253	0.58921	0.58923			6
2024.11.28	02:01:19.871		0.58924			4
2024.11.28	02:01:20.789		0.58923			4
2024.11.28	02:01:21.744		0.58924			4
2024.11.28	02:01:22.082	0.58920	0.58923			6
2024.11.28	02:01:22.415	0.58921	0.58924			6
2024.11.28	02:01:23.161	0.58922				2
2024.11.28	02:01:23.966	0.58921	0.58923			6
2024.11.28	02:01:32.756	0.58922	0.58924			6
2024.11.28	02:01:34.186	0.58924	0.58926			6
2024.11.28	02:01:41.246		0.58927			4
2024.11.28	02:01:42.407	0.58925				2
2024.11.28	02:01:43.922	0.58923	0.58925			6
2024.11.28	02:01:44.227	0.58924				2
2024.11.28	02:01:45.135	0.58923				2
2024.11.28	02:01:46.828	0.58922				2
2024.11.28	02:01:47.505	0.58923				2
2024.11.28	02:01:49.247	0.58924	0.58926			6
2024.11.28	02:02:00.192	0.58924				2
2024.11.28	02:02:04.592	0.58925				2
2024.11.28	02:02:25.398	0.58924				2
2024.11.28	02:02:38.111	0.58925				2
2024.11.28	02:02:38.876	0.58924	0.58925			6
2024.11.28	02:02:39.178		0.58926			4
2024.11.28	02:02:46.823	0.58920	0.58923			6
2024.11.28	02:02:47.154	0.58918	0.58921			6
2024.11.28	02:02:47.462	0.58919				2
2024.11.28	02:02:49.060	0.58916	0.58919			6
2024.11.28	02:02:50.352	0.58917	0.58920			6
2024.11.28	02:02:50.656	0.58918				2
2024.11.28	02:02:52.257	0.58919	0.58922			6
2024.11.28	02:02:56.349	0.58920				2
2024.11.28	02:03:00.183	0.58920				2
2024.11.28	02:03:01.600	0.58919				2
2024.11.28	02:03:06.359	0.58920				2
2024.11.28	02:03:12.517	0.58919				2
2024.11.28	02:03:13.531	0.58920				2
2024.11.28	02:03:19.962	0.58922	0.58924			6
2024.11.28	02:03:20.270	0.58921	0.58923			6
2024.11.28	02:03:21.198	0.58920	0.58924			6
2024.11.28	02:03:22.593	0.58921				2
2024.11.28	02:03:22.904	0.58922	0.58925			6
2024.11.28	02:03:24.391	0.58920	0.58924			6
2024.11.28	02:03:25.432		0.58923			4
2024.11.28	02:03:26.068	0.58921	0.58924			6
2024.11.28	02:03:28.160	0.58920	0.58923			6
2024.11.28	02:03:30.089	0.58918	0.58921			6
2024.11.28	02:03:30.390	0.58917	0.58920			6
2024.11.28	02:03:31.073	0.58918	0.58921			6
2024.11.28	02:03:31.384	0.58917	0.58920			6
2024.11.28	02:03:31.772		0.58921			4
2024.11.28	02:03:32.875	0.58919	0.58922			6
2024.11.28	02:03:40.190	0.58916	0.58919			6
2024.11.28	02:03:42.235	0.58918	0.58921			6
2024.11.28	02:03:48.426	0.58919				2
2024.11.28	02:03:51.210	0.58918				2
2024.11.28	02:03:51.512	0.58917	0.58919			6
2024.11.28	02:03:51.818		0.58920			4
2024.11.28	02:03:54.423	0.58918				2
2024.11.28	02:04:00.183	0.58918				2
2024.11.28	02:04:00.789	0.58919	0.58921			6
2024.11.28	02:04:08.369	0.58918	0.58920			6
2024.11.28	02:04:09.279	0.58917				2
2024.11.28	02:04:09.916	0.58918				2
2024.11.28	02:04:10.541	0.58917				2
2024.11.28	02:04:12.621	0.58918	0.58921			6
2024.11.28	02:04:12.929		0.58920			4
2024.11.28	02:04:13.270	0.58917				2
2024.11.28	02:04:13.573	0.58918	0.58921			6
2024.11.28	02:04:18.092	0.58919				2
2024.11.28	02:04:20.189	0.58920	0.58922			6
2024.11.28	02:04:21.405	0.58919				2
2024.11.28	02:04:23.988	0.58917	0.58920			6
2024.11.28	02:04:24.311	0.58918	0.58922			6
2024.11.28	02:04:25.245	0.58917				2
2024.11.28	02:04:26.458		0.58920			4
2024.11.28	02:04:28.375	0.58918				2
2024.11.28	02:04:28.681	0.58917	0.58919			6
2024.11.28	02:04:33.402	0.58918				2
2024.11.28	02:04:41.312	0.58919	0.58920			6
2024.11.28	02:04:49.498	0.58920	0.58921			6
2024.11.28	02:04:49.800	0.58921	0.58922			6
2024.11.28	02:04:50.407	0.58919				2
2024.11.28	02:04:54.592	0.58920	0.58923			6
2024.11.28	02:04:55.020	0.58919	0.58922			6
2024.11.28	02:05:00.344	0.58917	0.58920			6
2024.11.28	02:05:05.372	0.58918	0.58921			6
2024.11.28	02:05:06.890	0.58917	0.58919			6
2024.11.28	02:05:07.327	0.58918				2
2024.11.28	02:05:07.635		0.58920			4
2024.11.28	02:05:15.516		0.58919			4
2024.11.28	02:05:19.155	0.58919	0.58920			6
2024.11.28	02:05:23.704	0.58918	0.58919			6
2024.11.28	02:05:24.360	0.58917	0.58918			6
2024.11.28	02:05:26.720	0.58912	0.58915			6
2024.11.28	02:05:32.697		0.58914			4
2024.11.28	02:05:33.004		0.58915			4
2024.11.28	02:05:33.354		0.58914			4
2024.11.28	02:05:33.864	0.58911	0.58913			6
2024.11.28	02:05:36.909	0.58912				2
2024.11.28	02:05:37.970	0.58911	0.58912			6
2024.11.28	02:05:38.289		0.58913			4
2024.11.28	02:05:41.126	0.58910	0.58912			6
2024.11.28	02:05:42.510		0.58913			4
2024.11.28	02:05:43.614		0.58912			4
2024.11.28	02:05:44.428	0.58911	0.58913			6
2024.11.28	02:05:44.739	0.58913	0.58916			6
2024.11.28	02:05:46.785	0.58914	0.58917			6
2024.11.28	02:05:47.103	0.58913	0.58915			6
2024.11.28	02:05:47.433		0.58916			4
2024.11.28	02:05:50.346	0.58914				2
2024.11.28	02:05:50.648	0.58913				2
2024.11.28	02:05:53.692	0.58914				2
2024.11.28	02:05:55.132	0.58917	0.58919			6
2024.11.28	02:05:55.754	0.58916	0.58918			6
2024.11.28	02:06:00.384	0.58916				2
2024.11.28	02:06:01.836	0.58917	0.58920			6
2024.11.28	02:06:02.163	0.58919				2
2024.11.28	02:06:03.326	0.58921	0.58923			6
2024.11.28	02:06:06.597		0.58924			4
2024.11.28	02:06:07.453	0.58922	0.58925			6
2024.11.28	02:06:07.886		0.58924			4
2024.11.28	02:06:10.347	0.58923				2
2024.11.28	02:06:12.342		0.58925			4
2024.11.28	02:06:12.646	0.58927	0.58928			6
2024.11.28	02:06:12.956	0.58926				2
2024.11.28	02:06:17.820		0.58927			4
2024.11.28	02:06:19.911	0.58924				2
2024.11.28	02:06:21.090	0.58923	0.58925			6
2024.11.28	02:06:23.852	0.58922				2
2024.11.28	02:06:24.307	0.58921				2
2024.11.28	02:06:24.630		0.58924			4
2024.11.28	02:06:27.951	0.58922	0.58925			6
2024.11.28	02:06:30.344	0.58923				2
2024.11.28	02:06:31.909	0.58925	0.58928			6
2024.11.28	02:06:36.197	0.58924	0.58927			6
2024.11.28	02:06:36.509	0.58923	0.58926			6
2024.11.28	02:06:37.241	0.58924				2
2024.11.28	02:06:40.898	0.58923	0.58925			6
2024.11.28	02:06:41.201	0.58922				2
2024.11.28	02:06:43.475	0.58923				2
2024.11.28	02:06:43.778	0.58922				2
2024.11.28	02:06:44.934		0.58924			4
2024.11.28	02:06:46.156		0.58925			4
2024.11.28	02:06:46.621		0.58924			4
2024.11.28	02:06:48.175	0.58923				2
2024.11.28	02:06:53.329	0.58920	0.58922			6
2024.11.28	02:06:54.286	0.58919				2
2024.11.28	02:06:59.043	0.58918	0.58921			6
2024.11.28	02:07:00.055	0.58918				2
2024.11.28	02:07:01.250	0.58919				2
2024.11.28	02:07:02.773	0.58918				2
2024.11.28	02:07:03.100	0.58919	0.58922			6
2024.11.28	02:07:08.754		0.58921			4
2024.11.28	02:07:13.940	0.58920	0.58922			6
2024.11.28	02:07:14.243	0.58919				2
2024.11.28	02:07:17.206	0.58920				2
2024.11.28	02:07:22.075		0.58921			4
2024.11.28	02:07:22.377	0.58919				2
2024.11.28	02:07:22.984	0.58920	0.58922			6
2024.11.28	02:07:35.108	0.58919	0.58921			6
2024.11.28	02:07:38.497	0.58920	0.58922			6
2024.11.28	02:07:43.343		0.58921			4
2024.11.28	02:07:47.286	0.58919	0.58920			6
2024.11.28	02:07:48.195	0.58917	0.58919			6
2024.11.28	02:07:49.320	0.58918	0.58921			6
2024.11.28	02:07:53.356	0.58921	0.58923			6
2024.11.28	02:07:53.665		0.58924			4
2024.11.28	02:08:00.053	0.58919	0.58922			6
2024.11.28	02:08:00.361	0.58921	0.58924			6
2024.11.28	02:08:03.521	0.58923	0.58926			6
2024.11.28	02:08:03.824	0.58924	0.58927			6
2024.11.28	02:08:07.487	0.58921	0.58924			6
2024.11.28	02:08:07.875	0.58920	0.58923			6
2024.11.28	02:08:08.327	0.58921	0.58924			6
2024.11.28	02:08:10.794	0.58924	0.58927			6
2024.11.28	02:08:14.067	0.58922	0.58924			6
2024.11.28	02:08:17.367	0.58924	0.58926			6
2024.11.28	02:08:18.369		0.58927			4
2024.11.28	02:08:20.377	0.58923	0.58926			6
2024.11.28	02:08:20.686	0.58920	0.58923			6
2024.11.28	02:08:21.710	0.58921	0.58924			6
2024.11.28	02:08:23.564	0.58922	0.58925			6
2024.11.28	02:08:27.302		0.58924			4
2024.11.28	02:08:28.100		0.58925			4
2024.11.28	02:08:30.158		0.58924			4
2024.11.28	02:08:31.388	0.58923				2
2024.11.28	02:08:31.691		0.58925			4
2024.11.28	02:08:32.904		0.58924			4
2024.11.28	02:08:33.205	0.58921	0.58923			6
2024.11.28	02:08:34.420	0.58920				2
2024.11.28	02:08:36.356	0.58921				2
2024.11.28	02:08:39.424	0.58920	0.58922			6
2024.11.28	02:08:39.726	0.58919				2
2024.11.28	02:08:40.697	0.58917	0.58920			6
2024.11.28	02:08:42.847	0.58919	0.58922			6
2024.11.28	02:08:43.160	0.58920				2
2024.11.28	02:08:43.959	0.58919	0.58921			6
2024.11.28	02:08:45.241	0.58920	0.58922			6
2024.11.28	02:08:58.871		0.58921			4
2024.11.28	02:08:59.179	0.58919	0.58920			6
2024.11.28	02:09:00.085	0.58919				2
2024.11.28	02:09:00.388	0.58918	0.58919			6
2024.11.28	02:09:00.691		0.58920			4
2024.11.28	02:09:01.297	0.58917	0.58919			6
2024.11.28	02:09:01.649		0.58920			4
2024.11.28	02:09:02.478		0.58919			4
2024.11.28	02:09:03.419	0.58918				2
2024.11.28	02:09:04.027	0.58917				2
2024.11.28	02:09:05.745	0.58918				2
2024.11.28	02:09:06.351		0.58920			4
2024.11.28	02:09:07.259	0.58917				2
2024.11.28	02:09:07.593		0.58919			4
2024.11.28	02:09:07.999		0.58920			4
2024.11.28	02:09:10.370		0.58919			4
2024.11.28	02:09:11.646		0.58920			4
2024.11.28	02:09:14.383	0.58918				2
2024.11.28	02:09:15.292	0.58919	0.58921			6
2024.11.28	02:09:20.141		0.58922			4
2024.11.28	02:09:22.670	0.58920	0.58923			6
2024.11.28	02:09:23.682	0.58921				2
2024.11.28	02:09:23.983	0.58924	0.58926			6
2024.11.28	02:09:24.285	0.58923				2
2024.11.28	02:09:24.928	0.58922				2
2024.11.28	02:09:25.243		0.58925			4
2024.11.28	02:09:26.707	0.58923	0.58926			6
2024.11.28	02:09:27.050	0.58922	0.58925			6
2024.11.28	02:09:34.291	0.58923	0.58926			6
2024.11.28	02:09:35.042	0.58922	0.58925			6
2024.11.28	02:09:38.931	0.58923	0.58926			6
2024.11.28	02:09:40.627		0.58925			4
2024.11.28	02:09:43.185		0.58926			4
2024.11.28	02:09:44.075	0.58922	0.58925			6
2024.11.28	02:09:44.470		0.58924			4
2024.11.28	02:09:46.673	0.58923	0.58925			6
2024.11.28	02:09:50.971	0.58924				2
2024.11.28	02:09:51.917	0.58923				2
2024.11.28	02:09:53.434	0.58924				2
2024.11.28	02:09:54.041	0.58922	0.58924			6
2024.11.28	02:09:54.344		0.58925			4
2024.11.28	02:09:54.699		0.58924			4
2024.11.28	02:09:54.998		0.58925			4
2024.11.28	02:09:55.762	0.58920	0.58923			6
2024.11.28	02:09:56.085	0.58921	0.58924			6
2024.11.28	02:10:00.215	0.58921				2
2024.11.28	02:10:00.633		0.58923			4
2024.11.28	02:10:01.264	0.58922				2
2024.11.28	02:10:01.567	0.58921				2
2024.11.28	02:10:01.871		0.58922			4
2024.11.28	02:10:04.344	0.58922	0.58923			6
2024.11.28	02:10:07.987	0.58920	0.58922			6
2024.11.28	02:10:08.290	0.58919				2
2024.11.28	02:10:10.096	0.58920	0.58923			6
2024.11.28	02:10:15.361	0.58921				2
2024.11.28	02:10:15.666	0.58922				2
2024.11.28	02:10:16.273	0.58921				2
2024.11.28	02:10:18.393	0.58922				2
2024.11.28	02:10:18.696	0.58921				2
2024.11.28	02:10:19.302	0.58920				2
2024.11.28	02:10:20.201	0.58923	0.58926			6
2024.11.28	02:10:20.503	0.58922	0.58925			6
2024.11.28	02:10:21.791	0.58921	0.58924			6
2024.11.28	02:10:24.214	0.58922				2
2024.11.28	02:10:24.525		0.58923			4
2024.11.28	02:10:29.712	0.58924	0.58925			6
2024.11.28	02:10:30.317	0.58922				2
2024.11.28	02:10:31.121		0.58923			4
2024.11.28	02:10:31.425	0.58921				2
2024.11.28	02:10:33.853	0.58920	0.58921			6
2024.11.28	02:10:34.159	0.58916	0.58919			6
2024.11.28	02:10:35.126	0.58915	0.58918			6
2024.11.28	02:10:37.473	0.58913	0.58915			6
2024.11.28	02:10:37.783	0.58912				2
2024.11.28	02:10:41.826	0.58913				2
2024.11.28	02:10:42.894	0.58912				2
2024.11.28	02:10:45.562	0.58913	0.58916			6
2024.11.28	02:10:47.617	0.58914				2
2024.11.28	02:10:50.807	0.58916	0.58918			6
2024.11.28	02:10:52.258	0.58917	0.58919			6
2024.11.28	02:10:52.893	0.58916				2
2024.11.28	02:10:56.388	0.58917				2
2024.11.28	02:11:00.025	0.58917				2
2024.11.28	02:11:00.632	0.58916				2
2024.11.28	02:11:02.332	0.58917				2
2024.11.28	02:11:06.290	0.58916				2
2024.11.28	02:11:07.275	0.58917	0.58918			6
2024.11.28	02:11:07.905	0.58918	0.58920			6
2024.11.28	02:11:11.848	0.58919	0.58921			6
2024.11.28	02:11:19.426	0.58918	0.58919			6
2024.11.28	02:11:20.336	0.58916	0.58918			6
2024.11.28	02:11:22.154	0.58917				2
2024.11.28	02:11:25.185	0.58918	0.58920			6
2024.11.28	02:11:31.400	0.58919				2
2024.11.28	02:11:32.609		0.58921			4
2024.11.28	02:11:35.391	0.58915	0.58917			6
2024.11.28	02:11:36.350	0.58914				2
2024.11.28	02:11:37.229	0.58913	0.58916			6
2024.11.28	02:11:39.000		0.58915			4
2024.11.28	02:11:41.010	0.58912				2
2024.11.28	02:11:45.944	0.58913	0.58916			6
2024.11.28	02:11:47.011	0.58912	0.58915			6
2024.11.28	02:11:49.326	0.58913	0.58916			6
2024.11.28	02:11:51.114		0.58915			4
2024.11.28	02:11:51.429		0.58916			4
2024.11.28	02:11:54.388	0.58914				2
2024.11.28	02:12:00.197	0.58914				2
2024.11.28	02:12:04.742		0.58915			4
2024.11.28	02:12:06.916		0.58916			4
2024.11.28	02:12:08.178		0.58915			4
2024.11.28	02:12:11.210	0.58913	0.58914			6
2024.11.28	02:12:17.883	0.58914	0.58916			6
2024.11.28	02:12:19.811	0.58916	0.58917			6
2024.11.28	02:12:20.147	0.58915	0.58916			6
2024.11.28	02:12:25.612	0.58918	0.58919			6
2024.11.28	02:12:26.217	0.58916				2
2024.11.28	02:12:26.529	0.58917				2
2024.11.28	02:12:29.814		0.58920			4
2024.11.28	02:12:30.793	0.58918				2
2024.11.28	02:12:35.788		0.58921			4
2024.11.28	02:12:38.399		0.58920			4
2024.11.28	02:12:42.945	0.58919	0.58921			6
2024.11.28	02:12:47.187		0.58920			4
2024.11.28	02:12:47.494	0.58918	0.58919			6
2024.11.28	02:12:51.181		0.58920			4
2024.11.28	02:12:56.029		0.58919			4
2024.11.28	02:12:58.757		0.58920			4
2024.11.28	02:13:00.275	0.58918				2
2024.11.28	02:13:02.396		0.58919			4
2024.11.28	02:13:03.304		0.58920			4
2024.11.28	02:13:06.035		0.58919			4
2024.11.28	02:13:08.156	0.58917				2
2024.11.28	02:13:08.944	0.58916				2
2024.11.28	02:13:10.479	0.58917				2
2024.11.28	02:13:11.084	0.58916				2
2024.11.28	02:13:11.692	0.58917				2
2024.11.28	02:13:12.297	0.58916	0.58918			6
2024.11.28	02:13:19.173	0.58914	0.58917			6
2024.11.28	02:13:19.718		0.58916			4
2024.11.28	02:13:23.567	0.58915	0.58918			6
2024.11.28	02:13:27.590	0.58913	0.58916			6
2024.11.28	02:13:28.329	0.58912	0.58915			6
2024.11.28	02:13:28.638	0.58913				2
2024.11.28	02:13:30.229		0.58916			4
2024.11.28	02:13:40.391	0.58914				2
2024.11.28	02:13:41.299	0.58913				2
2024.11.28	02:13:41.753	0.58916	0.58919			6
2024.11.28	02:14:01.132	0.58913	0.58916			6
2024.11.28	02:14:02.560	0.58915	0.58918			6
2024.11.28	02:14:03.517	0.58916	0.58919			6
2024.11.28	02:14:04.202	0.58915				2
2024.11.28	02:14:05.239	0.58917	0.58920			6
2024.11.28	02:14:05.544	0.58919	0.58922			6
2024.11.28	02:14:06.391	0.58918	0.58921			6
2024.11.28	02:14:11.489	0.58916	0.58920			6
2024.11.28	02:14:12.505		0.58918			4
2024.11.28	02:14:13.134	0.58915				2
2024.11.28	02:14:25.407	0.58916				2
2024.11.28	02:14:26.923	0.58917				2
2024.11.28	02:14:32.074		0.58919			4
2024.11.28	02:14:34.196	0.58918	0.58920			6
2024.11.28	02:14:35.156		0.58921			4
2024.11.28	02:14:38.355		0.58923			4
2024.11.28	02:14:41.421	0.58919				2
2024.11.28	02:14:42.332	0.58918	0.58921			6
2024.11.28	02:14:43.418	0.58917	0.58920			6
2024.11.28	02:14:45.267	0.58918				2
2024.11.28	02:14:47.131	0.58917	0.58918			6
2024.11.28	02:14:48.342	0.58916				2
2024.11.28	02:14:49.398	0.58917				2
2024.11.28	02:14:50.312		0.58919			4
2024.11.28	02:14:50.919	0.58918	0.58920			6
2024.11.28	02:14:51.222	0.58917	0.58919			6
2024.11.28	02:14:52.131	0.58918				2
2024.11.28	02:14:59.157	0.58917	0.58918			6
2024.11.28	02:15:00.066	0.58917				2
2024.11.28	02:15:00.368	0.58916				2
2024.11.28	02:15:01.633	0.58918	0.58920			6
2024.11.28	02:15:02.286	0.58919	0.58921			6
2024.11.28	02:15:02.592	0.58918				2
2024.11.28	02:15:04.707	0.58922	0.58924			6
2024.11.28	02:15:05.026	0.58921				2
2024.11.28	02:15:05.379	0.58920	0.58923			6
2024.11.28	02:15:12.956	0.58921	0.58924			6
2024.11.28	02:15:15.699	0.58922	0.58925			6
2024.11.28	02:15:16.007		0.58924			4
2024.11.28	02:15:17.394	0.58923				2
2024.11.28	02:15:18.000	0.58925	0.58927			6
2024.11.28	02:15:18.305	0.58927	0.58928			6
2024.11.28	02:15:19.261	0.58925	0.58927			6
2024.11.28	02:15:20.678	0.58928	0.58930			6
2024.11.28	02:15:21.005	0.58927				2
2024.11.28	02:15:21.710		0.58929			4
2024.11.28	02:15:23.219	0.58925	0.58928			6
2024.11.28	02:15:35.347	0.58926				2
2024.11.28	02:15:35.808	0.58927	0.58929			6
2024.11.28	02:15:36.520	0.58930	0.58933			6
2024.11.28	02:15:36.842	0.58931				2
2024.11.28	02:15:37.148		0.58934			4
2024.11.28	02:15:37.451		0.58933			4
2024.11.28	02:15:37.888		0.58934			4
2024.11.28	02:15:38.200	0.58930	0.58933			6
2024.11.28	02:15:38.869	0.58932				2
2024.11.28	02:15:40.014		0.58934			4
2024.11.28	02:15:41.029		0.58933			4
2024.11.28	02:15:41.336	0.58934	0.58937			6
2024.11.28	02:15:41.651		0.58936			4
2024.11.28	02:15:41.991		0.58935			4
2024.11.28	02:15:44.777	0.58933				2
2024.11.28	02:15:47.034	0.58934				2
2024.11.28	02:15:48.707	0.58932	0.58933			6
2024.11.28	02:15:49.013	0.58931				2
2024.11.28	02:15:52.345	0.58933	0.58934			6
2024.11.28	02:16:00.095	0.58933				2
2024.11.28	02:16:01.637	0.58932	0.58933			6
2024.11.28	02:16:02.781	0.58933	0.58934			6
2024.11.28	02:16:03.418	0.58932	0.58933			6
2024.11.28	02:16:06.815	0.58930	0.58932			6
2024.11.28	02:16:08.999	0.58929	0.58930			6
2024.11.28	02:16:11.125	0.58931	0.58933			6
2024.11.28	02:16:19.335	0.58930				2
2024.11.28	02:16:20.842	0.58933	0.58934			6
2024.11.28	02:16:27.974	0.58934	0.58936			6
2024.11.28	02:16:32.218		0.58935			4
2024.11.28	02:16:33.429	0.58933	0.58934			6
2024.11.28	02:16:34.138	0.58934	0.58935			6
2024.11.28	02:16:34.439	0.58933	0.58934			6
2024.11.28	02:16:35.825	0.58932	0.58933			6
2024.11.28	02:16:50.910		0.58934			4
2024.11.28	02:16:57.876	0.58937	0.58939			6
2024.11.28	02:16:59.387	0.58935				2
2024.11.28	02:17:00.073	0.58935				2
2024.11.28	02:17:06.055	0.58936				2
2024.11.28	02:17:08.219		0.58938			4
2024.11.28	02:17:09.164	0.58935				2
2024.11.28	02:17:15.925	0.58938	0.58941			6
2024.11.28	02:17:16.228	0.58937	0.58939			6
2024.11.28	02:17:20.523	0.58938	0.58940			6
2024.11.28	02:17:21.560	0.58937	0.58939			6
2024.11.28	02:17:23.720	0.58936	0.58938			6
2024.11.28	02:17:25.190	0.58935				2
2024.11.28	02:17:28.421	0.58936				2
2024.11.28	02:17:30.286	0.58937				2
2024.11.28	02:17:32.104	0.58936				2
2024.11.28	02:17:33.317	0.58937				2
2024.11.28	02:17:33.922		0.58939			4
2024.11.28	02:17:34.225	0.58936				2
2024.11.28	02:17:36.396	0.58937				2
2024.11.28	02:17:37.606	0.58938				2
2024.11.28	02:17:37.910		0.58940			4
2024.11.28	02:17:42.591	0.58937	0.58939			6
2024.11.28	02:17:43.059		0.58938			4
2024.11.28	02:17:43.360	0.58936				2
2024.11.28	02:17:52.613	0.58935	0.58936			6
2024.11.28	02:17:54.662	0.58933	0.58935			6
2024.11.28	02:17:54.971		0.58934			4
2024.11.28	02:17:55.684		0.58935			4
2024.11.28	02:17:56.334		0.58934			4
2024.11.28	02:17:57.149	0.58934	0.58935			6
2024.11.28	02:17:57.722	0.58935	0.58938			6
2024.11.28	02:17:59.928	0.58936	0.58939			6
2024.11.28	02:18:00.298	0.58936				2
2024.11.28	02:18:00.629		0.58938			4
2024.11.28	02:18:03.522	0.58934	0.58937			6
2024.11.28	02:18:09.163	0.58935				2
2024.11.28	02:18:10.083	0.58936				2
2024.11.28	02:18:10.386		0.58938			4
2024.11.28	02:18:13.882	0.58937				2
2024.11.28	02:18:17.092	0.58938	0.58939			6
2024.11.28	02:18:23.798	0.58939	0.58940			6
2024.11.28	02:18:24.099	0.58938				2
2024.11.28	02:18:28.341	0.58937	0.58938			6
2024.11.28	02:18:29.250	0.58936				2
2024.11.28	02:18:33.587		0.58937			4
2024.11.28	02:18:34.194		0.58938			4
2024.11.28	02:18:35.002		0.58937			4
2024.11.28	02:18:39.399	0.58935	0.58936			6
2024.11.28	02:18:41.629	0.58934	0.58935			6
2024.11.28	02:18:43.256	0.58933	0.58934			6
2024.11.28	02:18:43.559	0.58931	0.58933			6
2024.11.28	02:18:44.349	0.58930	0.58932			6
2024.11.28	02:18:44.780		0.58931			4
2024.11.28	02:18:51.283		0.58932			4
2024.11.28	02:18:54.001	0.58929	0.58931			6
2024.11.28	02:18:54.311		0.58930			4
2024.11.28	02:18:54.633		0.58932			4
2024.11.28	02:18:57.424		0.58931			4
2024.11.28	02:18:59.174	0.58930				2
2024.11.28	02:18:59.797	0.58929				2
2024.11.28	02:19:00.101	0.58929	0.58930			6
2024.11.28	02:19:00.403	0.58928	0.58929			6
2024.11.28	02:19:01.241		0.58930			4
2024.11.28	02:19:01.856		0.58929			4
2024.11.28	02:19:19.658		0.58930			4
2024.11.28	02:19:20.518	0.58929	0.58931			6
2024.11.28	02:19:21.937	0.58931	0.58933			6
2024.11.28	02:19:22.266	0.58930	0.58932			6
2024.11.28	02:19:30.389		0.58931			4
2024.11.28	02:19:31.904	0.58929	0.58930			6
2024.11.28	02:19:34.867	0.58928	0.58929			6
2024.11.28	02:19:35.630		0.58930			4
