<DATE>	<TIME>	<BID>	<ASK>	<LAST>	<VOLUME>	<FLAGS>
2024.06.19	05:01:42.182	0.61393	0.61395			6
2024.06.19	05:01:43.116		0.61396			4
2024.06.19	05:01:44.081		0.61395			4
2024.06.19	05:01:46.013		0.61396			4
2024.06.19	05:01:50.841		0.61395			4
2024.06.19	05:01:54.401	0.61394				2
2024.06.19	05:02:00.330	0.61394				2
2024.06.19	05:02:01.871	0.61395	0.61396			6
2024.06.19	05:02:02.842		0.61397			4
2024.06.19	05:02:04.662	0.61394	0.61396			6
2024.06.19	05:02:15.604	0.61391	0.61393			6
2024.06.19	05:02:16.368	0.61390				2
2024.06.19	05:02:17.833	0.61389	0.61391			6
2024.06.19	05:02:21.335		0.61392			4
2024.06.19	05:02:29.150		0.61391			4
2024.06.19	05:02:30.468		0.61392			4
2024.06.19	05:02:31.853		0.61391			4
2024.06.19	05:02:36.566		0.61392			4
2024.06.19	05:02:39.559	0.61390				2
2024.06.19	05:02:39.975	0.61389				2
2024.06.19	05:02:42.893	0.61390				2
2024.06.19	05:02:44.019	0.61389				2
2024.06.19	05:02:47.394		0.61391			4
2024.06.19	05:02:49.140		0.61392			4
2024.06.19	05:02:52.290	0.61387	0.61390			6
2024.06.19	05:02:58.516		0.61389			4
2024.06.19	05:02:59.134		0.61390			4
2024.06.19	05:03:00.126	0.61387	0.61389			6
2024.06.19	05:03:00.442		0.61390			4
2024.06.19	05:03:01.476		0.61391			4
2024.06.19	05:03:02.597	0.61386	0.61389			6
2024.06.19	05:03:03.307	0.61387				2
2024.06.19	05:03:04.004	0.61386				2
2024.06.19	05:03:04.712		0.61388			4
2024.06.19	05:03:05.661		0.61389			4
2024.06.19	05:03:06.333	0.61388	0.61390			6
2024.06.19	05:03:06.644		0.61391			4
2024.06.19	05:03:06.951	0.61389	0.61392			6
2024.06.19	05:03:07.262	0.61387	0.61391			6
2024.06.19	05:03:07.602		0.61390			4
2024.06.19	05:03:08.681		0.61391			4
2024.06.19	05:03:09.852	0.61388				2
2024.06.19	05:03:10.399	0.61387				2
2024.06.19	05:03:11.908	0.61386	0.61389			6
2024.06.19	05:03:12.361	0.61385	0.61388			6
2024.06.19	05:03:14.903		0.61387			4
2024.06.19	05:03:18.049		0.61388			4
2024.06.19	05:03:22.235	0.61384				2
2024.06.19	05:03:27.473	0.61383				2
2024.06.19	05:03:28.061	0.61384				2
2024.06.19	05:03:28.507		0.61387			4
2024.06.19	05:03:29.477	0.61383				2
2024.06.19	05:03:29.795	0.61384				2
2024.06.19	05:03:30.116	0.61383				2
2024.06.19	05:03:30.848	0.61384				2
2024.06.19	05:03:33.141	0.61383				2
2024.06.19	05:03:36.609	0.61384				2
2024.06.19	05:03:37.631		0.61388			4
2024.06.19	05:03:37.987	0.61385	0.61387			6
2024.06.19	05:03:39.193	0.61386	0.61389			6
2024.06.19	05:03:40.174		0.61390			4
2024.06.19	05:03:41.582	0.61387	0.61389			6
2024.06.19	05:03:44.701	0.61386				2
2024.06.19	05:03:55.394	0.61385	0.61388			6
2024.06.19	05:03:57.285	0.61384				2
2024.06.19	05:04:00.405	0.61384	0.61387			6
2024.06.19	05:04:00.719	0.61386	0.61389			6
2024.06.19	05:04:04.091		0.61390			4
2024.06.19	05:04:05.352		0.61388			4
2024.06.19	05:04:08.102		0.61389			4
2024.06.19	05:04:10.606	0.61387				2
2024.06.19	05:04:12.498	0.61386	0.61388			6
2024.06.19	05:04:14.940		0.61389			4
2024.06.19	05:04:15.303	0.61389	0.61390			6
2024.06.19	05:04:15.606		0.61392			4
2024.06.19	05:04:20.695	0.61390				2
2024.06.19	05:04:30.034	0.61387	0.61390			6
2024.06.19	05:04:31.947	0.61388				2
2024.06.19	05:04:34.871	0.61387				2
2024.06.19	05:04:35.690	0.61388				2
2024.06.19	05:04:38.558	0.61387	0.61389			6
2024.06.19	05:04:38.929	0.61386				2
2024.06.19	05:04:40.085	0.61387	0.61390			6
2024.06.19	05:04:40.795	0.61388	0.61391			6
2024.06.19	05:04:41.936	0.61387				2
2024.06.19	05:04:43.229		0.61390			4
2024.06.19	05:04:43.637		0.61391			4
2024.06.19	05:04:44.893		0.61390			4
2024.06.19	05:04:50.800		0.61391			4
2024.06.19	05:04:51.553		0.61390			4
2024.06.19	05:04:55.495		0.61391			4
2024.06.19	05:04:56.205		0.61390			4
2024.06.19	05:05:00.333	0.61387				2
2024.06.19	05:05:02.674		0.61391			4
2024.06.19	05:05:05.670	0.61386	0.61389			6
2024.06.19	05:05:07.710	0.61385	0.61388			6
2024.06.19	05:05:08.797		0.61387			4
2024.06.19	05:05:09.465	0.61384				2
2024.06.19	05:05:09.777	0.61386				2
2024.06.19	05:05:13.991	0.61384				2
2024.06.19	05:05:17.361	0.61387	0.61389			6
2024.06.19	05:05:17.722	0.61386				2
2024.06.19	05:05:24.595	0.61387				2
2024.06.19	05:05:27.335	0.61386				2
2024.06.19	05:05:30.337	0.61385	0.61388			6
2024.06.19	05:05:30.694	0.61386	0.61389			6
2024.06.19	05:05:35.662	0.61384	0.61388			6
2024.06.19	05:05:42.762	0.61383	0.61387			6
2024.06.19	05:05:48.991	0.61385	0.61388			6
2024.06.19	05:05:49.850	0.61384				2
2024.06.19	05:05:50.196		0.61387			4
2024.06.19	05:05:50.648		0.61388			4
2024.06.19	05:05:52.559		0.61387			4
2024.06.19	05:05:59.142	0.61383	0.61388			6
2024.06.19	05:06:00.174	0.61383				2
2024.06.19	05:06:00.644		0.61387			4
2024.06.19	05:06:05.537	0.61381	0.61385			6
2024.06.19	05:06:06.709		0.61384			4
2024.06.19	05:06:07.022		0.61385			4
2024.06.19	05:06:10.457	0.61382				2
2024.06.19	05:06:17.846	0.61380	0.61383			6
2024.06.19	05:06:18.553		0.61382			4
2024.06.19	05:06:18.922		0.61383			4
2024.06.19	05:06:19.389	0.61381				2
2024.06.19	05:06:19.761	0.61380				2
2024.06.19	05:06:24.453	0.61379	0.61381			6
2024.06.19	05:06:24.763	0.61377	0.61380			6
2024.06.19	05:06:29.358	0.61376	0.61379			6
2024.06.19	05:06:30.010		0.61378			4
2024.06.19	05:06:30.317	0.61375	0.61377			6
2024.06.19	05:06:30.623	0.61373	0.61376			6
2024.06.19	05:06:32.149	0.61374	0.61377			6
2024.06.19	05:06:33.841	0.61375	0.61378			6
2024.06.19	05:06:40.860		0.61377			4
2024.06.19	05:06:42.575		0.61378			4
2024.06.19	05:06:44.304	0.61373	0.61376			6
2024.06.19	05:06:45.553	0.61374				2
2024.06.19	05:06:48.273	0.61373				2
2024.06.19	05:06:48.732	0.61374	0.61377			6
2024.06.19	05:06:49.047		0.61376			4
2024.06.19	05:06:51.117		0.61377			4
2024.06.19	05:06:51.590		0.61376			4
2024.06.19	05:06:52.220	0.61372	0.61375			6
2024.06.19	05:06:55.680		0.61374			4
2024.06.19	05:06:57.147		0.61375			4
2024.06.19	05:07:00.060	0.61372				2
2024.06.19	05:07:00.410	0.61373	0.61376			6
2024.06.19	05:07:00.748		0.61375			4
2024.06.19	05:07:14.500	0.61371	0.61374			6
2024.06.19	05:07:15.068		0.61375			4
2024.06.19	05:07:18.483	0.61372				2
2024.06.19	05:07:19.434	0.61369	0.61372			6
2024.06.19	05:07:19.744		0.61371			4
2024.06.19	05:07:20.079	0.61368	0.61372			6
2024.06.19	05:07:21.221	0.61369				2
2024.06.19	05:07:21.523	0.61368	0.61371			6
2024.06.19	05:07:21.859	0.61367	0.61369			6
2024.06.19	05:07:26.489		0.61370			4
2024.06.19	05:07:31.800	0.61368				2
2024.06.19	05:07:32.180	0.61369				2
2024.06.19	05:07:32.557	0.61368				2
2024.06.19	05:07:35.321	0.61369				2
2024.06.19	05:07:35.944	0.61367				2
2024.06.19	05:07:36.696	0.61368				2
2024.06.19	05:07:37.019	0.61367	0.61369			6
2024.06.19	05:07:41.408		0.61370			4
2024.06.19	05:07:42.444		0.61368			4
2024.06.19	05:07:47.142	0.61365	0.61367			6
2024.06.19	05:07:49.627		0.61368			4
2024.06.19	05:07:51.621	0.61363	0.61364			6
2024.06.19	05:07:51.945		0.61365			4
2024.06.19	05:07:52.930		0.61364			4
2024.06.19	05:07:53.242		0.61365			4
2024.06.19	05:07:58.940		0.61366			4
2024.06.19	05:08:00.246	0.61363				2
2024.06.19	05:08:00.577		0.61365			4
2024.06.19	05:08:01.008		0.61366			4
2024.06.19	05:08:09.165		0.61365			4
2024.06.19	05:08:11.211	0.61362				2
2024.06.19	05:08:16.383	0.61359	0.61361			6
2024.06.19	05:08:16.702	0.61358	0.61362			6
2024.06.19	05:08:18.726	0.61359				2
2024.06.19	05:08:19.362		0.61361			4
2024.06.19	05:08:19.921		0.61362			4
2024.06.19	05:08:20.287		0.61361			4
2024.06.19	05:08:21.555		0.61362			4
2024.06.19	05:08:27.856	0.61360				2
2024.06.19	05:08:31.568		0.61361			4
2024.06.19	05:08:32.702		0.61362			4
2024.06.19	05:08:36.558	0.61361	0.61363			6
2024.06.19	05:08:36.863	0.61360	0.61362			6
2024.06.19	05:08:44.120	0.61364	0.61366			6
2024.06.19	05:08:44.427		0.61367			4
2024.06.19	05:08:46.586	0.61366	0.61368			6
2024.06.19	05:08:50.861	0.61365				2
2024.06.19	05:08:55.223		0.61369			4
2024.06.19	05:08:56.406	0.61366				2
2024.06.19	05:08:56.741	0.61367	0.61371			6
2024.06.19	05:08:57.044	0.61368				2
2024.06.19	05:08:57.351	0.61367				2
2024.06.19	05:09:00.965	0.61369	0.61372			6
2024.06.19	05:09:02.831	0.61371	0.61375			6
2024.06.19	05:09:03.135	0.61373	0.61377			6
2024.06.19	05:09:03.444	0.61374				2
2024.06.19	05:09:05.116		0.61375			4
2024.06.19	05:09:05.631		0.61377			4
2024.06.19	05:09:05.935	0.61375	0.61378			6
2024.06.19	05:09:08.712	0.61376	0.61379			6
2024.06.19	05:09:11.213		0.61378			4
2024.06.19	05:09:12.012	0.61374	0.61377			6
2024.06.19	05:09:12.444	0.61375				2
2024.06.19	05:09:13.912	0.61374				2
2024.06.19	05:09:19.252	0.61373				2
2024.06.19	05:09:20.255		0.61376			4
2024.06.19	05:09:21.588		0.61377			4
2024.06.19	05:09:22.938		0.61376			4
2024.06.19	05:10:39.457	0.61364	0.61366			6
2024.06.19	05:10:39.908		0.61367			4
2024.06.19	05:10:41.213	0.61365				2
2024.06.19	05:10:42.099		0.61368			4
2024.06.19	05:10:42.431	0.61366				2
2024.06.19	05:10:47.149	0.61367				2
2024.06.19	05:10:47.948	0.61366				2
2024.06.19	05:10:49.103	0.61365				2
2024.06.19	05:10:49.436	0.61366				2
2024.06.19	05:10:57.507	0.61367				2
2024.06.19	05:10:57.944	0.61366				2
2024.06.19	05:10:58.253	0.61367				2
2024.06.19	05:10:59.257	0.61366	0.61367			6
2024.06.19	05:10:59.563		0.61368			4
2024.06.19	05:11:00.658	0.61366				2
2024.06.19	05:11:02.550	0.61365				2
2024.06.19	05:11:04.677	0.61368	0.61370			6
2024.06.19	05:11:05.002	0.61367				2
2024.06.19	05:11:05.347		0.61369			4
2024.06.19	05:11:05.683	0.61366				2
2024.06.19	05:11:07.408		0.61367			4
2024.06.19	05:11:07.711	0.61364	0.61366			6
2024.06.19	05:11:16.407	0.61365	0.61367			6
2024.06.19	05:11:16.724		0.61368			4
2024.06.19	05:11:17.043		0.61367			4
2024.06.19	05:11:22.141	0.61364	0.61366			6
2024.06.19	05:11:24.026		0.61367			4
2024.06.19	05:11:27.766	0.61365				2
2024.06.19	05:11:31.446	0.61368	0.61370			6
2024.06.19	05:11:32.841	0.61367				2
2024.06.19	05:11:34.197	0.61368				2
2024.06.19	05:11:35.622	0.61367				2
2024.06.19	05:11:36.020	0.61368				2
2024.06.19	05:11:36.495		0.61371			4
2024.06.19	05:11:37.461		0.61370			4
2024.06.19	05:11:39.791	0.61367				2
2024.06.19	05:11:40.217		0.61369			4
2024.06.19	05:11:45.520	0.61368	0.61370			6
2024.06.19	05:11:45.901		0.61371			4
2024.06.19	05:11:46.248	0.61370	0.61373			6
2024.06.19	05:11:50.632	0.61367	0.61371			6
2024.06.19	05:12:00.331	0.61367				2
2024.06.19	05:12:01.000	0.61370	0.61373			6
2024.06.19	05:12:01.731		0.61371			4
2024.06.19	05:12:02.035		0.61373			4
2024.06.19	05:12:02.426	0.61368	0.61372			6
2024.06.19	05:12:02.928	0.61369				2
2024.06.19	05:12:07.454		0.61373			4
2024.06.19	05:12:07.798	0.61371	0.61375			6
2024.06.19	05:12:08.576		0.61374			4
2024.06.19	05:12:17.860		0.61375			4
2024.06.19	05:12:21.965	0.61372	0.61376			6
2024.06.19	05:12:23.786		0.61375			4
2024.06.19	05:12:25.396	0.61371				2
2024.06.19	05:12:27.212	0.61372				2
2024.06.19	05:12:27.543	0.61371				2
2024.06.19	05:12:27.940	0.61372	0.61376			6
2024.06.19	05:12:33.192	0.61370	0.61374			6
2024.06.19	05:12:33.501	0.61371				2
2024.06.19	05:12:35.594		0.61376			4
2024.06.19	05:12:35.936	0.61372				2
2024.06.19	05:12:36.254	0.61371	0.61374			6
2024.06.19	05:12:36.611	0.61372				2
2024.06.19	05:12:37.006		0.61376			4
2024.06.19	05:12:38.283		0.61375			4
2024.06.19	05:12:38.601	0.61373	0.61378			6
2024.06.19	05:12:44.144	0.61374				2
2024.06.19	05:12:45.147		0.61377			4
2024.06.19	05:12:47.364	0.61373	0.61376			6
2024.06.19	05:12:49.515	0.61372				2
2024.06.19	05:12:50.202	0.61373				2
2024.06.19	05:12:52.126		0.61375			4
2024.06.19	05:12:52.430		0.61376			4
2024.06.19	05:12:53.540	0.61372				2
2024.06.19	05:12:55.974	0.61373				2
2024.06.19	05:12:58.288	0.61372				2
2024.06.19	05:13:00.518	0.61372				2
2024.06.19	05:13:00.866	0.61373				2
2024.06.19	05:13:02.212	0.61372				2
2024.06.19	05:13:07.180	0.61373	0.61377			6
2024.06.19	05:13:07.603	0.61372	0.61376			6
2024.06.19	05:13:08.184	0.61371				2
2024.06.19	05:13:08.884	0.61372				2
2024.06.19	05:13:09.957	0.61371				2
2024.06.19	05:13:11.421	0.61372				2
2024.06.19	05:13:13.541		0.61375			4
2024.06.19	05:13:13.896		0.61376			4
2024.06.19	05:13:14.401	0.61371				2
2024.06.19	05:13:14.703		0.61375			4
2024.06.19	05:13:16.342		0.61376			4
2024.06.19	05:13:18.141		0.61375			4
2024.06.19	05:13:19.554		0.61376			4
2024.06.19	05:13:22.526		0.61375			4
2024.06.19	05:13:25.876	0.61369	0.61372			6
2024.06.19	05:13:26.711		0.61373			4
2024.06.19	05:13:27.854	0.61371				2
2024.06.19	05:13:32.577	0.61369				2
2024.06.19	05:13:33.454	0.61371				2
2024.06.19	05:13:33.764		0.61374			4
2024.06.19	05:13:35.370		0.61373			4
2024.06.19	05:13:36.484		0.61374			4
2024.06.19	05:13:36.918		0.61373			4
2024.06.19	05:13:37.481	0.61372				2
2024.06.19	05:13:37.864		0.61375			4
2024.06.19	05:13:38.261	0.61370	0.61373			6
2024.06.19	05:13:41.800	0.61371				2
2024.06.19	05:13:43.047	0.61370				2
2024.06.19	05:13:45.227		0.61372			4
2024.06.19	05:13:46.324	0.61369	0.61370			6
2024.06.19	05:13:46.642	0.61368				2
2024.06.19	05:13:49.436		0.61369			4
2024.06.19	05:13:50.149		0.61370			4
2024.06.19	05:13:51.347		0.61369			4
2024.06.19	05:13:51.751		0.61370			4
2024.06.19	05:13:52.489	0.61367				2
2024.06.19	05:13:54.587	0.61368				2
2024.06.19	05:13:55.552	0.61367				2
2024.06.19	05:13:59.967	0.61366	0.61368			6
2024.06.19	05:14:01.007	0.61365				2
2024.06.19	05:14:01.593	0.61366				2
2024.06.19	05:14:05.263	0.61365				2
2024.06.19	05:14:05.936	0.61366				2
2024.06.19	05:14:07.944	0.61364	0.61367			6
2024.06.19	05:14:08.259	0.61365				2
2024.06.19	05:14:08.630	0.61364				2
2024.06.19	05:14:11.260		0.61366			4
2024.06.19	05:14:15.436		0.61367			4
2024.06.19	05:14:15.766		0.61366			4
2024.06.19	05:14:16.305		0.61367			4
2024.06.19	05:14:27.564	0.61362	0.61365			6
2024.06.19	05:14:29.286		0.61364			4
2024.06.19	05:14:29.588		0.61365			4
2024.06.19	05:14:30.393	0.61364	0.61367			6
2024.06.19	05:14:31.020		0.61366			4
2024.06.19	05:14:33.448	0.61362	0.61365			6
2024.06.19	05:14:35.656		0.61366			4
2024.06.19	05:14:36.374	0.61363				2
2024.06.19	05:14:37.127	0.61362				2
2024.06.19	05:14:38.747	0.61364	0.61367			6
2024.06.19	05:14:44.787	0.61366	0.61369			6
2024.06.19	05:14:46.395	0.61367	0.61370			6
2024.06.19	05:14:49.843		0.61369			4
2024.06.19	05:14:52.461	0.61370	0.61373			6
2024.06.19	05:14:52.765		0.61372			4
2024.06.19	05:14:53.629	0.61369				2
2024.06.19	05:14:54.845	0.61370				2
2024.06.19	05:14:55.318	0.61369				2
2024.06.19	05:15:00.601	0.61370				2
2024.06.19	05:15:00.961	0.61371	0.61373			6
2024.06.19	05:15:01.264	0.61370	0.61375			6
2024.06.19	05:15:01.592	0.61371				2
2024.06.19	05:15:02.370	0.61370	0.61374			6
2024.06.19	05:15:02.837		0.61373			4
2024.06.19	05:15:03.891		0.61374			4
2024.06.19	05:15:04.492		0.61373			4
2024.06.19	05:15:05.822	0.61367	0.61370			6
2024.06.19	05:15:12.731	0.61368				2
2024.06.19	05:15:13.046	0.61370	0.61372			6
2024.06.19	05:15:13.669	0.61369	0.61371			6
2024.06.19	05:15:14.106	0.61370				2
2024.06.19	05:15:14.698	0.61369				2
2024.06.19	05:15:15.078	0.61368	0.61370			6
2024.06.19	05:15:16.472	0.61370	0.61372			6
2024.06.19	05:15:19.613	0.61369	0.61371			6
2024.06.19	05:15:20.061	0.61367	0.61370			6
2024.06.19	05:15:20.362	0.61366	0.61369			6
2024.06.19	05:15:20.666		0.61367			4
2024.06.19	05:15:21.000	0.61364				2
2024.06.19	05:15:25.042		0.61366			4
2024.06.19	05:15:25.713	0.61365	0.61367			6
2024.06.19	05:15:30.885	0.61366	0.61368			6
2024.06.19	05:15:31.202	0.61367	0.61370			6
2024.06.19	05:15:34.393	0.61368				2
2024.06.19	05:15:34.795	0.61367				2
2024.06.19	05:15:37.131	0.61370	0.61372			6
2024.06.19	05:15:38.941	0.61371	0.61373			6
2024.06.19	05:15:40.598	0.61372	0.61374			6
2024.06.19	05:15:40.902		0.61375			4
2024.06.19	05:15:42.949	0.61371	0.61373			6
2024.06.19	05:15:43.591	0.61372				2
2024.06.19	05:15:43.900		0.61374			4
2024.06.19	05:15:44.345		0.61375			4
2024.06.19	05:15:45.846	0.61373				2
2024.06.19	05:15:52.789	0.61376	0.61377			6
2024.06.19	05:15:53.100		0.61378			4
2024.06.19	05:15:53.438	0.61377	0.61379			6
2024.06.19	05:15:53.815	0.61378	0.61380			6
2024.06.19	05:15:54.158		0.61381			4
2024.06.19	05:15:54.566		0.61380			4
2024.06.19	05:15:55.405	0.61379				2
2024.06.19	05:15:55.724	0.61382	0.61384			6
2024.06.19	05:15:57.562	0.61383	0.61385			6
2024.06.19	05:16:00.435	0.61383	0.61384			6
2024.06.19	05:16:01.434		0.61385			4
2024.06.19	05:16:01.958	0.61381				2
2024.06.19	05:16:02.484	0.61382				2
2024.06.19	05:16:02.819	0.61381	0.61384			6
2024.06.19	05:16:05.094	0.61376	0.61379			6
2024.06.19	05:16:05.873		0.61378			4
2024.06.19	05:16:10.372		0.61379			4
2024.06.19	05:16:11.308	0.61377				2
2024.06.19	05:16:11.967	0.61376				2
2024.06.19	05:16:14.543		0.61378			4
2024.06.19	05:16:20.777	0.61375				2
2024.06.19	05:16:21.426	0.61377	0.61379			6
2024.06.19	05:16:21.737	0.61376				2
2024.06.19	05:16:22.808		0.61378			4
2024.06.19	05:16:24.063		0.61379			4
2024.06.19	05:16:26.352	0.61378	0.61380			6
2024.06.19	05:16:26.664		0.61382			4
2024.06.19	05:16:26.983	0.61380				2
2024.06.19	05:16:27.284		0.61384			4
2024.06.19	05:16:27.686	0.61379	0.61382			6
2024.06.19	05:16:29.816		0.61381			4
2024.06.19	05:16:31.037	0.61377	0.61380			6
2024.06.19	05:16:33.535		0.61379			4
2024.06.19	05:16:45.461	0.61375	0.61378			6
2024.06.19	05:16:47.339	0.61377	0.61379			6
2024.06.19	05:16:48.767	0.61380	0.61381			6
2024.06.19	05:16:49.087		0.61382			4
2024.06.19	05:16:53.314		0.61383			4
2024.06.19	05:16:53.777		0.61382			4
2024.06.19	05:16:57.428	0.61378	0.61380			6
2024.06.19	05:17:00.612	0.61378	0.61381			6
2024.06.19	05:17:04.924	0.61379				2
2024.06.19	05:17:05.228		0.61382			4
2024.06.19	05:17:06.332	0.61380				2
2024.06.19	05:17:07.058	0.61379				2
2024.06.19	05:17:08.350	0.61381	0.61383			6
2024.06.19	05:17:13.405	0.61382	0.61384			6
2024.06.19	05:17:15.958		0.61383			4
2024.06.19	05:17:16.441	0.61383	0.61384			6
2024.06.19	05:17:16.742		0.61385			4
2024.06.19	05:17:20.674	0.61382				2
2024.06.19	05:17:22.128		0.61383			4
2024.06.19	05:17:22.432		0.61385			4
2024.06.19	05:17:29.213	0.61383				2
2024.06.19	05:17:38.891	0.61382				2
2024.06.19	05:17:40.967	0.61384				2
2024.06.19	05:17:42.084	0.61382				2
2024.06.19	05:17:43.252	0.61384				2
2024.06.19	05:17:43.944	0.61382				2
2024.06.19	05:17:45.444		0.61384			4
2024.06.19	05:17:46.682	0.61383				2
2024.06.19	05:17:47.027	0.61382				2
2024.06.19	05:17:47.359	0.61383				2
2024.06.19	05:17:50.925		0.61385			4
2024.06.19	05:17:53.908	0.61385	0.61386			6
2024.06.19	05:17:54.679	0.61383	0.61384			6
2024.06.19	05:17:55.672	0.61382				2
2024.06.19	05:17:57.501	0.61383	0.61385			6
2024.06.19	05:17:58.183	0.61382				2
2024.06.19	05:17:58.516	0.61383				2
2024.06.19	05:18:00.179	0.61383				2
2024.06.19	05:18:17.389		0.61384			4
2024.06.19	05:18:17.994	0.61380	0.61382			6
2024.06.19	05:18:18.609	0.61378	0.61380			6
2024.06.19	05:18:22.321		0.61381			4
2024.06.19	05:18:24.296		0.61380			4
2024.06.19	05:18:30.417	0.61379				2
2024.06.19	05:18:32.905	0.61378				2
2024.06.19	05:18:35.014	0.61380	0.61381			6
2024.06.19	05:18:36.871		0.61382			4
2024.06.19	05:18:37.392	0.61381	0.61383			6
2024.06.19	05:18:44.442		0.61382			4
2024.06.19	05:18:51.641	0.61380				2
2024.06.19	05:19:00.999	0.61380				2
2024.06.19	05:19:03.872		0.61381			4
2024.06.19	05:19:04.185		0.61382			4
2024.06.19	05:19:06.321	0.61379	0.61381			6
2024.06.19	05:19:06.621	0.61380	0.61382			6
2024.06.19	05:19:07.877	0.61379	0.61381			6
2024.06.19	05:19:10.327	0.61378				2
2024.06.19	05:19:11.093		0.61380			4
2024.06.19	05:19:11.450	0.61380	0.61382			6
2024.06.19	05:19:11.962	0.61381				2
2024.06.19	05:19:12.926	0.61380				2
2024.06.19	05:19:13.630	0.61379	0.61381			6
2024.06.19	05:19:14.195		0.61382			4
2024.06.19	05:19:14.542	0.61380				2
2024.06.19	05:19:16.105		0.61381			4
2024.06.19	05:19:30.511	0.61381	0.61383			6
2024.06.19	05:19:32.030	0.61380	0.61382			6
2024.06.19	05:19:38.693	0.61379	0.61381			6
2024.06.19	05:19:39.009	0.61378	0.61380			6
2024.06.19	05:19:48.380	0.61377	0.61378			6
2024.06.19	05:19:53.432		0.61379			4
2024.06.19	05:20:00.384	0.61372	0.61373			6
2024.06.19	05:20:00.686	0.61371				2
2024.06.19	05:20:01.369		0.61374			4
2024.06.19	05:20:04.218	0.61372	0.61375			6
2024.06.19	05:20:05.223	0.61373				2
2024.06.19	05:20:06.735	0.61375	0.61377			6
2024.06.19	05:20:08.347	0.61373	0.61375			6
2024.06.19	05:20:13.437		0.61376			4
2024.06.19	05:20:14.557		0.61375			4
2024.06.19	05:20:19.012	0.61374	0.61376			6
2024.06.19	05:20:19.349	0.61373				2
2024.06.19	05:20:21.860		0.61374			4
2024.06.19	05:20:22.438		0.61376			4
2024.06.19	05:20:26.979		0.61375			4
2024.06.19	05:20:27.432		0.61376			4
2024.06.19	05:20:29.556		0.61375			4
2024.06.19	05:20:29.870		0.61376			4
2024.06.19	05:20:32.881		0.61375			4
2024.06.19	05:20:35.313	0.61374	0.61377			6
2024.06.19	05:20:39.806		0.61376			4
2024.06.19	05:20:40.155		0.61377			4
2024.06.19	05:20:47.335		0.61375			4
2024.06.19	05:20:47.636		0.61377			4
2024.06.19	05:20:48.923	0.61375	0.61378			6
2024.06.19	05:20:50.773		0.61377			4
2024.06.19	05:21:00.355	0.61375				2
2024.06.19	05:21:02.876	0.61374				2
2024.06.19	05:21:08.711	0.61372	0.61373			6
2024.06.19	05:21:11.497	0.61371				2
2024.06.19	05:21:18.764	0.61373	0.61376			6
2024.06.19	05:21:19.135	0.61372	0.61375			6
2024.06.19	05:21:38.074		0.61374			4
2024.06.19	05:21:39.643		0.61375			4
2024.06.19	05:22:00.983	0.61373	0.61376			6
2024.06.19	05:22:03.817	0.61372	0.61375			6
2024.06.19	05:22:08.256		0.61376			4
2024.06.19	05:22:09.031	0.61373				2
2024.06.19	05:22:17.344		0.61375			4
2024.06.19	05:22:17.649	0.61372	0.61376			6
2024.06.19	05:22:18.773		0.61374			4
2024.06.19	05:22:19.478		0.61376			4
2024.06.19	05:22:22.032		0.61375			4
2024.06.19	05:22:22.704		0.61376			4
2024.06.19	05:22:33.520		0.61374			4
2024.06.19	05:22:33.930		0.61376			4
2024.06.19	05:22:35.768		0.61375			4
2024.06.19	05:22:36.944	0.61371				2
2024.06.19	05:22:37.942	0.61372				2
2024.06.19	05:22:53.509	0.61374	0.61377			6
2024.06.19	05:22:54.631		0.61378			4
2024.06.19	05:22:56.259	0.61375				2
2024.06.19	05:22:58.047	0.61374	0.61377			6
2024.06.19	05:22:59.555	0.61375	0.61378			6
2024.06.19	05:23:00.377	0.61375				2
2024.06.19	05:23:00.731	0.61374	0.61377			6
2024.06.19	05:23:01.081		0.61376			4
2024.06.19	05:23:01.384		0.61377			4
2024.06.19	05:23:09.269		0.61376			4
2024.06.19	05:23:10.300	0.61373				2
2024.06.19	05:23:10.661		0.61375			4
2024.06.19	05:23:10.961	0.61372				2
2024.06.19	05:23:14.927		0.61374			4
2024.06.19	05:23:15.229		0.61375			4
2024.06.19	05:23:36.308	0.61369	0.61372			6
2024.06.19	05:23:41.334	0.61370				2
2024.06.19	05:23:46.485	0.61369				2
2024.06.19	05:23:56.588		0.61371			4
2024.06.19	05:23:59.968	0.61368	0.61369			6
2024.06.19	05:24:00.270	0.61367	0.61368			6
2024.06.19	05:24:00.943	0.61362	0.61364			6
2024.06.19	05:24:01.761	0.61361	0.61363			6
2024.06.19	05:24:02.062	0.61360	0.61362			6
2024.06.19	05:24:03.151	0.61362	0.61364			6
2024.06.19	05:24:03.472		0.61363			4
2024.06.19	05:24:03.807		0.61364			4
2024.06.19	05:24:11.909	0.61358	0.61361			6
2024.06.19	05:24:15.849	0.61359	0.61362			6
2024.06.19	05:24:18.344	0.61361				2
2024.06.19	05:24:18.661	0.61362	0.61364			6
2024.06.19	05:24:49.488		0.61363			4
2024.06.19	05:24:53.243	0.61361	0.61364			6
2024.06.19	05:24:54.167		0.61365			4
2024.06.19	05:24:54.471		0.61364			4
2024.06.19	05:24:56.361	0.61362	0.61365			6
2024.06.19	05:25:00.383	0.61362				2
2024.06.19	05:25:00.774		0.61364			4
2024.06.19	05:25:01.169		0.61365			4
2024.06.19	05:25:01.493		0.61366			4
2024.06.19	05:25:13.341		0.61365			4
2024.06.19	05:25:14.390		0.61366			4
2024.06.19	05:25:14.820	0.61364	0.61368			6
2024.06.19	05:25:15.132	0.61367	0.61370			6
2024.06.19	05:25:15.852	0.61366				2
2024.06.19	05:25:16.269	0.61367				2
2024.06.19	05:25:23.524	0.61366				2
2024.06.19	05:25:29.234	0.61368	0.61371			6
2024.06.19	05:25:32.469	0.61369				2
2024.06.19	05:25:35.384	0.61370	0.61373			6
2024.06.19	05:25:36.052	0.61369	0.61372			6
2024.06.19	05:25:36.752		0.61371			4
2024.06.19	05:25:38.261		0.61372			4
2024.06.19	05:25:41.130	0.61370				2
2024.06.19	05:25:58.562	0.61369				2
2024.06.19	05:26:00.694	0.61369				2
2024.06.19	05:26:01.002	0.61370				2
2024.06.19	05:26:02.999	0.61369	0.61371			6
2024.06.19	05:26:03.306	0.61368				2
2024.06.19	05:26:03.627		0.61370			4
2024.06.19	05:26:04.001	0.61367				2
2024.06.19	05:26:05.337		0.61371			4
2024.06.19	05:26:05.737	0.61368				2
2024.06.19	05:26:06.043	0.61369				2
2024.06.19	05:26:08.904	0.61367	0.61370			6
2024.06.19	05:26:11.849		0.61369			4
2024.06.19	05:26:12.487		0.61370			4
2024.06.19	05:26:17.548		0.61369			4
2024.06.19	05:26:17.849		0.61370			4
2024.06.19	05:26:27.328		0.61369			4
2024.06.19	05:26:33.355		0.61370			4
2024.06.19	05:26:41.208		0.61369			4
2024.06.19	05:26:44.647		0.61370			4
2024.06.19	05:26:54.972	0.61368				2
2024.06.19	05:26:56.766		0.61371			4
2024.06.19	05:26:59.098		0.61370			4
2024.06.19	05:27:00.030	0.61368	0.61371			6
2024.06.19	05:27:00.939		0.61370			4
2024.06.19	05:27:02.272	0.61369	0.61371			6
2024.06.19	05:27:02.885		0.61370			4
2024.06.19	05:27:03.203	0.61367				2
2024.06.19	05:27:03.638		0.61371			4
2024.06.19	05:27:16.816		0.61370			4
2024.06.19	05:27:34.368	0.61369	0.61372			6
2024.06.19	05:27:34.783	0.61370	0.61373			6
2024.06.19	05:27:38.014	0.61375	0.61377			6
2024.06.19	05:27:38.323		0.61378			4
2024.06.19	05:27:39.482		0.61379			4
2024.06.19	05:27:41.775		0.61378			4
2024.06.19	05:27:42.276		0.61377			4
2024.06.19	05:27:42.581	0.61377	0.61379			6
2024.06.19	05:27:42.883	0.61376				2
2024.06.19	05:27:45.641	0.61378	0.61380			6
2024.06.19	05:27:47.940	0.61380	0.61383			6
2024.06.19	05:27:48.256	0.61381	0.61384			6
2024.06.19	05:27:50.653	0.61378	0.61381			6
2024.06.19	05:28:00.094	0.61378				2
2024.06.19	05:28:02.572	0.61379				2
2024.06.19	05:28:04.534	0.61377	0.61380			6
2024.06.19	05:28:09.516		0.61379			4
2024.06.19	05:28:10.437	0.61374	0.61376			6
2024.06.19	05:28:14.687	0.61373				2
2024.06.19	05:28:14.997	0.61372	0.61375			6
2024.06.19	05:28:15.450		0.61374			4
2024.06.19	05:28:16.045		0.61375			4
2024.06.19	05:28:26.752		0.61376			4
2024.06.19	05:28:28.016	0.61374				2
2024.06.19	05:28:28.429	0.61372				2
2024.06.19	05:28:30.803	0.61373				2
2024.06.19	05:28:33.507	0.61376	0.61377			6
2024.06.19	05:28:33.808	0.61373	0.61376			6
2024.06.19	05:28:36.937		0.61375			4
2024.06.19	05:28:39.610	0.61372				2
2024.06.19	05:28:39.940	0.61373				2
2024.06.19	05:28:44.030		0.61376			4
2024.06.19	05:28:44.400	0.61372				2
2024.06.19	05:28:45.475	0.61373				2
2024.06.19	05:28:50.341		0.61375			4
2024.06.19	05:28:52.994		0.61376			4
2024.06.19	05:28:55.571	0.61374				2
2024.06.19	05:29:00.382	0.61374				2
2024.06.19	05:29:06.965	0.61375	0.61377			6
2024.06.19	05:29:07.455	0.61374				2
2024.06.19	05:29:08.897	0.61373	0.61376			6
2024.06.19	05:29:18.225	0.61375	0.61377			6
2024.06.19	05:29:25.272	0.61374				2
2024.06.19	05:29:25.789		0.61376			4
2024.06.19	05:29:28.411	0.61373				2
2024.06.19	05:29:28.731		0.61375			4
2024.06.19	05:29:30.392		0.61376			4
2024.06.19	05:29:30.695		0.61375			4
2024.06.19	05:29:31.051		0.61376			4
2024.06.19	05:29:31.354		0.61375			4
2024.06.19	05:29:31.688		0.61376			4
2024.06.19	05:29:32.516		0.61375			4
2024.06.19	05:29:33.279		0.61376			4
2024.06.19	05:29:34.389		0.61375			4
2024.06.19	05:29:34.941		0.61376			4
2024.06.19	05:29:35.249		0.61375			4
2024.06.19	05:29:35.565		0.61376			4
2024.06.19	05:29:35.907		0.61375			4
2024.06.19	05:29:36.210		0.61376			4
2024.06.19	05:29:40.017	0.61375				2
2024.06.19	05:29:40.323	0.61374	0.61377			6
2024.06.19	05:29:40.703		0.61376			4
2024.06.19	05:29:41.874	0.61373				2
2024.06.19	05:29:42.597		0.61375			4
2024.06.19	05:29:44.000		0.61376			4
2024.06.19	05:29:44.316	0.61372	0.61375			6
2024.06.19	05:29:44.754		0.61374			4
2024.06.19	05:29:45.597	0.61370	0.61372			6
2024.06.19	05:29:52.273	0.61369	0.61371			6
2024.06.19	05:29:53.181		0.61372			4
2024.06.19	05:29:54.206	0.61371				2
2024.06.19	05:29:57.707	0.61373	0.61375			6
2024.06.19	05:29:58.796		0.61376			4
2024.06.19	05:29:59.721	0.61374				2
2024.06.19	05:30:00.229	0.61374				2
2024.06.19	05:30:00.952	0.61375				2
2024.06.19	05:30:01.266	0.61374				2
2024.06.19	05:30:01.672	0.61375				2
2024.06.19	05:30:09.241	0.61373				2
2024.06.19	05:30:10.464	0.61375				2
2024.06.19	05:30:11.636	0.61376	0.61378			6
2024.06.19	05:30:12.281	0.61375				2
2024.06.19	05:30:12.651	0.61376				2
2024.06.19	05:30:13.937	0.61377				2
2024.06.19	05:30:14.256	0.61379	0.61380			6
2024.06.19	05:30:14.617	0.61380	0.61381			6
2024.06.19	05:30:26.550	0.61379	0.61380			6
2024.06.19	05:30:27.723	0.61380	0.61381			6
2024.06.19	05:30:31.356	0.61381	0.61382			6
2024.06.19	05:30:31.979	0.61380	0.61381			6
2024.06.19	05:30:39.038	0.61379				2
2024.06.19	05:30:39.342	0.61380				2
2024.06.19	05:30:41.714	0.61379				2
2024.06.19	05:30:42.268	0.61380				2
2024.06.19	05:30:48.986	0.61379				2
2024.06.19	05:30:51.681	0.61380				2
2024.06.19	05:30:58.794	0.61382	0.61384			6
2024.06.19	05:30:59.102	0.61383	0.61385			6
2024.06.19	05:31:00.353	0.61383				2
2024.06.19	05:31:02.428		0.61386			4
2024.06.19	05:31:03.467	0.61384				2
2024.06.19	05:31:10.189	0.61385	0.61387			6
2024.06.19	05:31:26.709	0.61386				2
2024.06.19	05:31:27.026	0.61385	0.61386			6
2024.06.19	05:31:30.873		0.61387			4
2024.06.19	05:31:31.741		0.61386			4
2024.06.19	05:31:32.048		0.61387			4
2024.06.19	05:31:34.574	0.61386	0.61389			6
2024.06.19	05:31:35.296		0.61388			4
2024.06.19	05:31:36.118	0.61387	0.61389			6
2024.06.19	05:31:36.435	0.61388				2
2024.06.19	05:31:36.753	0.61387				2
2024.06.19	05:31:41.770	0.61386				2
2024.06.19	05:31:49.728	0.61388				2
2024.06.19	05:31:51.988	0.61387				2
2024.06.19	05:31:54.017	0.61386				2
2024.06.19	05:32:00.546	0.61386				2
2024.06.19	05:32:06.973	0.61385				2
2024.06.19	05:32:07.721	0.61386				2
2024.06.19	05:32:08.055	0.61385				2
2024.06.19	05:32:08.689		0.61388			4
2024.06.19	05:32:18.309	0.61386				2
2024.06.19	05:32:22.496	0.61387				2
2024.06.19	05:32:25.926	0.61384	0.61387			6
2024.06.19	05:32:29.327	0.61383	0.61386			6
2024.06.19	05:32:30.426	0.61384				2
2024.06.19	05:32:31.275		0.61387			4
2024.06.19	05:32:31.584	0.61385				2
2024.06.19	05:32:41.594	0.61386				2
2024.06.19	05:32:43.253	0.61384				2
2024.06.19	05:32:47.930	0.61385				2
2024.06.19	05:32:49.667	0.61386	0.61388			6
2024.06.19	05:32:50.324	0.61387				2
2024.06.19	05:32:55.766	0.61386				2
2024.06.19	05:32:59.312	0.61387				2
2024.06.19	05:33:00.821	0.61387				2
2024.06.19	05:33:03.818	0.61388	0.61389			6
2024.06.19	05:33:17.062	0.61387				2
2024.06.19	05:33:22.635	0.61386				2
2024.06.19	05:33:22.934	0.61385				2
2024.06.19	05:33:25.594	0.61386				2
2024.06.19	05:33:34.912	0.61385	0.61388			6
2024.06.19	05:33:35.764	0.61387				2
2024.06.19	05:33:38.368	0.61385	0.61389			6
2024.06.19	05:33:38.681	0.61383	0.61387			6
2024.06.19	05:33:39.423	0.61384				2
2024.06.19	05:33:42.341	0.61385				2
2024.06.19	05:33:45.011	0.61384	0.61386			6
2024.06.19	05:34:00.391	0.61384				2
2024.06.19	05:34:01.351	0.61383				2
2024.06.19	05:34:01.869	0.61384				2
2024.06.19	05:34:02.942	0.61383				2
2024.06.19	05:34:03.301	0.61384				2
2024.06.19	05:34:03.991	0.61383				2
2024.06.19	05:34:04.991	0.61384				2
2024.06.19	05:34:13.183	0.61385	0.61387			6
2024.06.19	05:34:13.725		0.61386			4
2024.06.19	05:34:14.028		0.61387			4
2024.06.19	05:34:18.402		0.61386			4
2024.06.19	05:34:19.360		0.61387			4
2024.06.19	05:34:35.644	0.61386				2
2024.06.19	05:34:36.113	0.61385				2
2024.06.19	05:34:45.092	0.61386				2
2024.06.19	05:34:45.759	0.61387	0.61388			6
2024.06.19	05:34:46.063	0.61388	0.61389			6
2024.06.19	05:34:50.200		0.61390			4
2024.06.19	05:34:50.808	0.61387	0.61389			6
2024.06.19	05:34:54.342	0.61388				2
2024.06.19	05:34:54.645	0.61387				2
2024.06.19	05:35:00.987	0.61387				2
2024.06.19	05:35:18.838	0.61388				2
2024.06.19	05:35:34.786	0.61387				2
2024.06.19	05:35:51.065		0.61389			4
2024.06.19	05:36:00.814	0.61387				2
2024.06.19	05:36:11.242	0.61386				2
2024.06.19	05:36:12.785	0.61388				2
2024.06.19	05:36:15.388	0.61387				2
2024.06.19	05:36:20.509	0.61385	0.61387			6
2024.06.19	05:36:23.625	0.61384				2
2024.06.19	05:36:25.465	0.61385				2
2024.06.19	05:36:26.285		0.61386			4
2024.06.19	05:36:45.171	0.61388	0.61389			6
2024.06.19	05:36:45.828	0.61387	0.61388			6
2024.06.19	05:36:55.363	0.61388	0.61389			6
2024.06.19	05:36:59.417		0.61390			4
2024.06.19	05:36:59.727	0.61389				2
2024.06.19	05:37:00.220	0.61389				2
2024.06.19	05:37:00.602	0.61388				2
2024.06.19	05:37:05.517	0.61387				2
2024.06.19	05:37:10.876	0.61388				2
2024.06.19	05:37:13.020	0.61387				2
2024.06.19	05:37:13.685		0.61389			4
2024.06.19	05:37:16.145		0.61390			4
2024.06.19	05:37:16.987	0.61386	0.61389			6
2024.06.19	05:37:17.571	0.61387				2
2024.06.19	05:37:24.932		0.61390			4
2024.06.19	05:37:28.349		0.61389			4
2024.06.19	05:37:31.228	0.61384	0.61386			6
2024.06.19	05:37:32.343	0.61387	0.61388			6
2024.06.19	05:37:41.887	0.61386				2
2024.06.19	05:37:42.191	0.61387				2
2024.06.19	05:37:42.917	0.61385	0.61386			6
2024.06.19	05:37:43.231	0.61386	0.61387			6
2024.06.19	05:37:47.150	0.61385	0.61386			6
2024.06.19	05:37:50.600	0.61388	0.61389			6
2024.06.19	05:37:55.218	0.61389	0.61390			6
2024.06.19	05:38:00.404	0.61389				2
2024.06.19	05:38:02.875	0.61386	0.61387			6
2024.06.19	05:38:03.306	0.61387	0.61388			6
2024.06.19	05:38:04.557	0.61388	0.61389			6
2024.06.19	05:38:16.382	0.61387	0.61388			6
2024.06.19	05:38:17.947	0.61388	0.61389			6
2024.06.19	05:38:24.191	0.61387	0.61388			6
2024.06.19	05:38:25.187	0.61385	0.61387			6
2024.06.19	05:38:27.875		0.61388			4
2024.06.19	05:38:29.030		0.61386			4
2024.06.19	05:38:29.364	0.61384	0.61385			6
2024.06.19	05:38:32.427	0.61385	0.61387			6
2024.06.19	05:38:34.020	0.61386	0.61388			6
2024.06.19	05:38:37.506	0.61385	0.61387			6
2024.06.19	05:38:40.058		0.61386			4
2024.06.19	05:38:41.801		0.61387			4
2024.06.19	05:38:45.110		0.61388			4
2024.06.19	05:38:45.444	0.61386				2
2024.06.19	05:38:48.770		0.61387			4
2024.06.19	05:38:53.819	0.61385				2
2024.06.19	05:38:54.468	0.61386				2
2024.06.19	05:38:55.396	0.61385				2
2024.06.19	05:38:57.639		0.61386			4
2024.06.19	05:38:59.399		0.61387			4
2024.06.19	05:39:00.199	0.61386				2
2024.06.19	05:39:03.147	0.61385				2
2024.06.19	05:39:07.351		0.61386			4
2024.06.19	05:39:15.331	0.61384				2
2024.06.19	05:39:18.458	0.61385	0.61387			6
2024.06.19	05:39:20.523		0.61386			4
2024.06.19	05:39:21.955	0.61384				2
2024.06.19	05:39:26.969	0.61385	0.61387			6
2024.06.19	05:39:29.965		0.61386			4
2024.06.19	05:39:39.035	0.61386	0.61388			6
2024.06.19	05:39:39.399		0.61387			4
2024.06.19	05:39:42.995	0.61384	0.61386			6
2024.06.19	05:39:44.273	0.61385				2
2024.06.19	05:39:52.256	0.61386	0.61387			6
2024.06.19	05:39:57.402	0.61385				2
2024.06.19	05:40:00.505	0.61385				2
2024.06.19	05:40:01.443	0.61384				2
2024.06.19	05:40:02.866	0.61385				2
2024.06.19	05:40:03.248	0.61386	0.61388			6
2024.06.19	05:40:05.517	0.61385	0.61387			6
2024.06.19	05:40:11.585	0.61386	0.61388			6
2024.06.19	05:40:14.978	0.61388	0.61389			6
2024.06.19	05:40:19.061	0.61387	0.61388			6
2024.06.19	05:40:21.728	0.61388	0.61389			6
2024.06.19	05:40:24.894	0.61387	0.61388			6
2024.06.19	05:40:27.311	0.61388	0.61389			6
2024.06.19	05:40:30.645	0.61386	0.61387			6
2024.06.19	05:40:31.068	0.61387	0.61388			6
2024.06.19	05:40:31.829		0.61389			4
2024.06.19	05:40:35.850	0.61386				2
2024.06.19	05:40:37.481		0.61388			4
2024.06.19	05:40:40.733		0.61389			4
2024.06.19	05:40:42.060	0.61387				2
2024.06.19	05:40:46.932	0.61386				2
2024.06.19	05:40:47.687	0.61387				2
2024.06.19	05:40:56.917	0.61388				2
2024.06.19	05:40:57.225	0.61387				2
2024.06.19	05:41:00.001	0.61387				2
2024.06.19	05:41:00.388	0.61386				2
2024.06.19	05:41:00.738	0.61387				2
2024.06.19	05:41:06.586	0.61386	0.61388			6
2024.06.19	05:41:06.903	0.61385				2
2024.06.19	05:41:07.275	0.61386				2
2024.06.19	05:41:08.021	0.61385				2
2024.06.19	05:41:08.375		0.61387			4
2024.06.19	05:41:13.752	0.61386	0.61388			6
2024.06.19	05:41:14.858	0.61387				2
2024.06.19	05:41:15.220	0.61386				2
2024.06.19	05:41:19.035		0.61387			4
2024.06.19	05:41:19.885		0.61388			4
2024.06.19	05:41:24.182	0.61387				2
2024.06.19	05:41:24.658	0.61388	0.61389			6
2024.06.19	05:41:30.241	0.61386	0.61387			6
2024.06.19	05:41:30.545	0.61385				2
2024.06.19	05:41:38.950	0.61384	0.61386			6
2024.06.19	05:41:44.878	0.61386	0.61387			6
2024.06.19	05:41:49.217	0.61385				2
2024.06.19	05:41:54.378	0.61384				2
2024.06.19	05:41:57.041		0.61386			4
2024.06.19	05:42:00.482	0.61384				2
2024.06.19	05:42:02.599	0.61385	0.61387			6
2024.06.19	05:42:04.920	0.61383	0.61385			6
2024.06.19	05:42:06.951	0.61384				2
2024.06.19	05:42:07.325	0.61385	0.61386			6
2024.06.19	05:42:15.287	0.61384	0.61385			6
2024.06.19	05:42:20.706	0.61387	0.61388			6
2024.06.19	05:42:21.381	0.61386				2
2024.06.19	05:42:23.893	0.61385	0.61387			6
2024.06.19	05:42:24.198	0.61384	0.61386			6
2024.06.19	05:42:32.488	0.61386	0.61388			6
2024.06.19	05:42:35.267		0.61387			4
2024.06.19	05:42:47.383	0.61385	0.61386			6
2024.06.19	05:43:02.151	0.61385				2
2024.06.19	05:43:02.937	0.61383	0.61385			6
2024.06.19	05:43:07.916		0.61386			4
2024.06.19	05:43:11.796	0.61384				2
2024.06.19	05:43:20.949	0.61383				2
2024.06.19	05:43:21.347	0.61385				2
2024.06.19	05:43:23.464	0.61387	0.61388			6
2024.06.19	05:43:23.766	0.61389	0.61390			6
2024.06.19	05:43:32.405	0.61387	0.61388			6
2024.06.19	05:43:37.299	0.61386				2
2024.06.19	05:43:44.360	0.61387				2
2024.06.19	05:43:47.327	0.61386				2
2024.06.19	05:43:53.455	0.61387				2
2024.06.19	05:44:00.450	0.61387				2
2024.06.19	05:44:29.365	0.61388	0.61389			6
2024.06.19	05:44:34.287	0.61387	0.61388			6
2024.06.19	05:44:35.636	0.61388	0.61389			6
2024.06.19	05:44:39.283	0.61387	0.61388			6
2024.06.19	05:44:40.540	0.61388	0.61389			6
2024.06.19	05:44:42.086	0.61387	0.61388			6
2024.06.19	05:44:43.319	0.61388	0.61389			6
2024.06.19	05:44:44.064	0.61387	0.61388			6
2024.06.19	05:44:44.444	0.61388	0.61389			6
2024.06.19	05:44:48.077	0.61387	0.61388			6
2024.06.19	05:45:00.265	0.61387				2
2024.06.19	05:45:01.023	0.61385	0.61386			6
2024.06.19	05:45:01.364	0.61384	0.61385			6
2024.06.19	05:45:24.100	0.61382	0.61384			6
2024.06.19	05:45:24.436	0.61383				2
2024.06.19	05:45:36.298		0.61386			4
2024.06.19	05:45:40.040		0.61385			4
2024.06.19	05:45:45.371	0.61381	0.61384			6
2024.06.19	05:45:45.680	0.61383				2
2024.06.19	05:45:51.671	0.61384	0.61386			6
2024.06.19	05:46:00.788	0.61384				2
2024.06.19	05:46:01.859	0.61386	0.61387			6
2024.06.19	05:46:02.159	0.61384	0.61386			6
2024.06.19	05:46:07.326	0.61383				2
2024.06.19	05:46:08.037		0.61385			4
2024.06.19	05:46:09.471		0.61386			4
2024.06.19	05:46:15.178	0.61384				2
2024.06.19	05:46:20.930		0.61385			4
2024.06.19	05:46:21.233		0.61386			4
2024.06.19	05:46:32.281	0.61383				2
2024.06.19	05:46:34.782	0.61384				2
2024.06.19	05:46:42.557	0.61385				2
2024.06.19	05:46:42.860	0.61384				2
2024.06.19	05:46:50.644	0.61383				2
2024.06.19	05:46:55.643	0.61384				2
2024.06.19	05:46:56.376	0.61383				2
2024.06.19	05:47:00.651	0.61383				2
2024.06.19	05:47:03.479	0.61384				2
2024.06.19	05:47:11.366	0.61385				2
2024.06.19	05:47:14.464	0.61386	0.61387			6
2024.06.19	05:47:15.548	0.61385	0.61386			6
2024.06.19	05:47:15.865	0.61386	0.61387			6
2024.06.19	05:47:16.589	0.61385	0.61386			6
2024.06.19	05:47:19.419	0.61384				2
2024.06.19	05:47:26.921	0.61387	0.61389			6
2024.06.19	05:47:27.231	0.61386				2
2024.06.19	05:47:36.708	0.61382	0.61385			6
2024.06.19	05:48:00.162	0.61382				2
2024.06.19	05:48:02.373	0.61383				2
2024.06.19	05:48:02.899	0.61382				2
2024.06.19	05:48:03.215	0.61383				2
2024.06.19	05:48:06.850	0.61384	0.61386			6
2024.06.19	05:48:25.668	0.61385				2
2024.06.19	05:48:38.404	0.61387	0.61388			6
2024.06.19	05:48:47.953	0.61386				2
2024.06.19	05:48:51.446	0.61385	0.61387			6
2024.06.19	05:48:53.009	0.61382	0.61385			6
2024.06.19	05:49:01.852	0.61382				2
2024.06.19	05:49:09.045	0.61383				2
2024.06.19	05:49:17.445	0.61384	0.61386			6
2024.06.19	05:49:24.549		0.61385			4
2024.06.19	05:49:24.854		0.61386			4
2024.06.19	05:49:30.320	0.61383				2
2024.06.19	05:49:34.291	0.61384				2
2024.06.19	05:49:42.549		0.61387			4
2024.06.19	05:49:45.719	0.61382	0.61385			6
2024.06.19	05:49:50.816		0.61384			4
2024.06.19	05:49:53.852		0.61385			4
2024.06.19	05:50:00.851	0.61382				2
2024.06.19	05:50:02.116	0.61379	0.61382			6
2024.06.19	05:50:02.417	0.61380				2
2024.06.19	05:50:12.960	0.61376	0.61377			6
2024.06.19	05:50:13.676	0.61375				2
2024.06.19	05:50:17.875	0.61379	0.61381			6
2024.06.19	05:50:21.175	0.61378	0.61379			6
2024.06.19	05:50:21.499	0.61377				2
2024.06.19	05:50:23.572		0.61378			4
2024.06.19	05:50:23.881	0.61376	0.61377			6
2024.06.19	05:50:24.259	0.61375	0.61378			6
2024.06.19	05:50:24.561		0.61377			4
2024.06.19	05:50:24.906	0.61374				2
2024.06.19	05:50:25.254	0.61372	0.61374			6
2024.06.19	05:50:25.921	0.61370	0.61372			6
2024.06.19	05:50:26.771		0.61373			4
2024.06.19	05:50:27.388		0.61372			4
2024.06.19	05:50:28.505		0.61373			4
2024.06.19	05:50:28.844		0.61372			4
2024.06.19	05:50:30.288	0.61369				2
2024.06.19	05:50:31.709	0.61370				2
2024.06.19	05:50:34.435	0.61372	0.61374			6
2024.06.19	05:50:34.812	0.61371				2
2024.06.19	05:50:35.202	0.61373	0.61375			6
2024.06.19	05:50:35.511	0.61372				2
2024.06.19	05:50:40.558	0.61370	0.61373			6
2024.06.19	05:50:41.851		0.61372			4
2024.06.19	05:50:44.941	0.61369	0.61371			6
2024.06.19	05:50:45.367		0.61372			4
2024.06.19	05:50:46.925		0.61371			4
2024.06.19	05:50:47.341		0.61372			4
2024.06.19	05:50:49.101	0.61366	0.61368			6
2024.06.19	05:50:49.409	0.61365				2
2024.06.19	05:50:50.121		0.61366			4
2024.06.19	05:50:50.659	0.61361	0.61363			6
2024.06.19	05:50:52.392		0.61365			4
2024.06.19	05:50:58.917	0.61363	0.61366			6
2024.06.19	05:50:59.241		0.61365			4
2024.06.19	05:51:00.545	0.61363				2
2024.06.19	05:51:00.894	0.61362				2
2024.06.19	05:51:06.747	0.61364	0.61367			6
2024.06.19	05:51:10.274	0.61360	0.61363			6
2024.06.19	05:51:16.344	0.61362	0.61364			6
2024.06.19	05:51:17.222	0.61360	0.61363			6
2024.06.19	05:51:18.094		0.61362			4
2024.06.19	05:51:18.504	0.61357	0.61359			6
2024.06.19	05:51:21.167		0.61360			4
2024.06.19	05:51:25.163	0.61355	0.61357			6
2024.06.19	05:51:25.480		0.61356			4
2024.06.19	05:51:25.782	0.61354				2
2024.06.19	05:51:27.642	0.61355	0.61358			6
2024.06.19	05:51:27.950	0.61356	0.61359			6
2024.06.19	05:51:30.414	0.61358	0.61360			6
2024.06.19	05:51:34.521	0.61359				2
2024.06.19	05:51:35.339	0.61358				2
2024.06.19	05:51:44.893	0.61359				2
2024.06.19	05:51:45.203	0.61360	0.61361			6
2024.06.19	05:51:47.287	0.61362	0.61364			6
2024.06.19	05:51:47.921	0.61361	0.61363			6
2024.06.19	05:51:49.164		0.61364			4
2024.06.19	05:51:52.261		0.61363			4
2024.06.19	05:51:53.761	0.61360	0.61362			6
2024.06.19	05:51:56.647	0.61361				2
2024.06.19	05:51:57.610	0.61362	0.61365			6
2024.06.19	05:51:58.247	0.61363				2
2024.06.19	05:52:00.144	0.61363				2
2024.06.19	05:52:00.482	0.61362	0.61364			6
2024.06.19	05:52:02.932	0.61361				2
2024.06.19	05:52:03.311		0.61363			4
2024.06.19	05:52:03.622	0.61360	0.61362			6
2024.06.19	05:52:05.884	0.61366	0.61367			6
2024.06.19	05:52:08.607	0.61365				2
2024.06.19	05:52:08.976	0.61366	0.61368			6
2024.06.19	05:52:09.278	0.61365	0.61367			6
2024.06.19	05:52:17.039	0.61366	0.61368			6
2024.06.19	05:52:17.341	0.61365	0.61367			6
2024.06.19	05:52:18.499	0.61363	0.61365			6
2024.06.19	05:52:27.867	0.61365	0.61366			6
2024.06.19	05:52:40.717	0.61366	0.61367			6
2024.06.19	05:52:45.437	0.61364	0.61366			6
2024.06.19	05:52:57.458	0.61365				2
2024.06.19	05:53:00.478	0.61365				2
2024.06.19	05:53:04.368	0.61366	0.61367			6
2024.06.19	05:53:04.781	0.61369	0.61370			6
2024.06.19	05:53:05.391	0.61368				2
2024.06.19	05:53:05.882	0.61369				2
2024.06.19	05:53:06.374	0.61368				2
2024.06.19	05:53:17.965	0.61367	0.61368			6
2024.06.19	05:53:18.277		0.61369			4
2024.06.19	05:53:18.581	0.61369	0.61370			6
2024.06.19	05:53:21.671		0.61371			4
2024.06.19	05:53:28.586		0.61370			4
2024.06.19	05:53:32.420	0.61370	0.61371			6
2024.06.19	05:53:35.878	0.61371	0.61372			6
2024.06.19	05:53:36.196	0.61370				2
2024.06.19	05:53:54.373		0.61371			4
2024.06.19	05:53:58.402	0.61371	0.61372			6
2024.06.19	05:54:02.119	0.61371				2
2024.06.19	05:54:06.170	0.61370	0.61371			6
2024.06.19	05:54:23.633	0.61369				2
2024.06.19	05:54:24.677	0.61370				2
2024.06.19	05:54:40.559	0.61369				2
2024.06.19	05:54:40.876	0.61371	0.61373			6
2024.06.19	05:54:41.230		0.61372			4
2024.06.19	05:54:49.762		0.61374			4
2024.06.19	05:54:50.120	0.61373	0.61375			6
2024.06.19	05:55:00.281	0.61373				2
2024.06.19	05:55:01.673	0.61372				2
2024.06.19	05:55:03.441	0.61373				2
2024.06.19	05:55:04.752	0.61372				2
2024.06.19	05:55:05.227	0.61370	0.61372			6
2024.06.19	05:55:22.476	0.61372	0.61375			6
2024.06.19	05:55:25.918	0.61370	0.61371			6
2024.06.19	05:55:39.794	0.61367	0.61370			6
2024.06.19	05:55:42.687	0.61368				2
2024.06.19	05:55:48.474	0.61367				2
2024.06.19	05:56:00.452	0.61368				2
2024.06.19	05:56:04.474	0.61369				2
2024.06.19	05:56:11.154	0.61368				2
2024.06.19	05:56:13.819	0.61369				2
2024.06.19	05:56:23.261	0.61368				2
2024.06.19	05:56:33.906	0.61367				2
2024.06.19	05:56:38.350		0.61369			4
2024.06.19	05:56:42.060	0.61368	0.61370			6
2024.06.19	05:56:45.463	0.61369				2
2024.06.19	05:56:51.668	0.61367				2
2024.06.19	05:56:56.017	0.61365	0.61368			6
2024.06.19	05:56:59.957	0.61366				2
2024.06.19	05:57:00.678	0.61366	0.61367			6
2024.06.19	05:57:04.446	0.61365				2
2024.06.19	05:57:05.915	0.61366				2
2024.06.19	05:57:06.222	0.61367	0.61369			6
2024.06.19	05:57:07.021	0.61368				2
2024.06.19	05:57:12.956	0.61365	0.61368			6
2024.06.19	05:57:19.249	0.61366				2
2024.06.19	05:57:26.246	0.61365	0.61367			6
2024.06.19	05:57:30.180	0.61364				2
2024.06.19	05:57:37.008	0.61363	0.61365			6
2024.06.19	05:57:52.644		0.61366			4
2024.06.19	05:58:00.419	0.61363				2
2024.06.19	05:58:03.349		0.61365			4
2024.06.19	05:58:29.385	0.61362				2
2024.06.19	05:58:33.501		0.61364			4
2024.06.19	05:58:34.345	0.61360	0.61362			6
2024.06.19	05:58:34.661	0.61359				2
2024.06.19	05:58:37.153	0.61361				2
2024.06.19	05:58:37.815	0.61360				2
2024.06.19	05:58:38.510	0.61361	0.61363			6
2024.06.19	05:58:39.143	0.61360				2
2024.06.19	05:58:39.660		0.61362			4
2024.06.19	05:58:43.657	0.61363	0.61365			6
2024.06.19	05:58:46.110	0.61362				2
2024.06.19	05:58:47.104	0.61363				2
2024.06.19	05:58:49.855		0.61364			4
2024.06.19	05:58:51.050	0.61362				2
2024.06.19	05:59:03.859	0.61362				2
2024.06.19	05:59:07.761	0.61363				2
2024.06.19	05:59:08.065	0.61362				2
2024.06.19	05:59:11.702	0.61359	0.61361			6
2024.06.19	05:59:14.184	0.61360				2
2024.06.19	05:59:16.204	0.61362	0.61364			6
2024.06.19	05:59:21.816	0.61361	0.61363			6
2024.06.19	05:59:22.777	0.61360	0.61362			6
2024.06.19	05:59:26.266	0.61359	0.61361			6
2024.06.19	05:59:29.784	0.61358				2
2024.06.19	05:59:33.961	0.61359				2
2024.06.19	05:59:35.010	0.61358	0.61360			6
2024.06.19	05:59:37.680	0.61359	0.61361			6
2024.06.19	05:59:39.428	0.61358				2
2024.06.19	05:59:39.742	0.61359				2
2024.06.19	05:59:43.650	0.61358	0.61360			6
2024.06.19	05:59:44.551	0.61359	0.61361			6
2024.06.19	05:59:56.753		0.61360			4
2024.06.19	05:59:57.097		0.61361			4
2024.06.19	06:00:00.308	0.61359				2
2024.06.19	06:00:00.628		0.61362			4
2024.06.19	06:00:00.944	0.61357	0.61359			6
2024.06.19	06:00:03.041		0.61360			4
2024.06.19	06:00:03.880		0.61359			4
2024.06.19	06:00:04.614	0.61358				2
2024.06.19	06:00:05.528	0.61357				2
2024.06.19	06:00:08.621	0.61358				2
2024.06.19	06:00:09.021		0.61360			4
2024.06.19	06:00:21.503	0.61357				2
2024.06.19	06:00:26.856	0.61359				2
2024.06.19	06:00:27.231	0.61357				2
2024.06.19	06:00:29.051	0.61360	0.61362			6
2024.06.19	06:00:35.462	0.61359	0.61361			6
2024.06.19	06:00:37.230	0.61356	0.61358			6
2024.06.19	06:00:37.688		0.61359			4
2024.06.19	06:00:38.452	0.61357	0.61360			6
2024.06.19	06:00:41.672		0.61359			4
2024.06.19	06:00:42.794	0.61358	0.61360			6
2024.06.19	06:00:44.691	0.61357	0.61359			6
2024.06.19	06:00:45.732	0.61358	0.61360			6
2024.06.19	06:01:01.216	0.61357				2
2024.06.19	06:01:02.709	0.61358				2
2024.06.19	06:01:23.601	0.61359	0.61361			6
2024.06.19	06:01:23.941	0.61358				2
2024.06.19	06:01:25.441	0.61360	0.61362			6
2024.06.19	06:01:28.749	0.61361	0.61365			6
2024.06.19	06:01:29.370		0.61363			4
2024.06.19	06:01:30.830	0.61360				2
2024.06.19	06:01:44.582		0.61362			4
2024.06.19	06:01:44.913		0.61363			4
2024.06.19	06:01:54.393	0.61359	0.61362			6
2024.06.19	06:02:00.609	0.61359				2
2024.06.19	06:02:03.872	0.61358	0.61361			6
2024.06.19	06:02:04.656	0.61357				2
2024.06.19	06:02:06.234	0.61358				2
2024.06.19	06:02:08.920		0.61360			4
2024.06.19	06:02:15.665		0.61361			4
2024.06.19	06:02:22.245	0.61357	0.61360			6
2024.06.19	06:02:22.556	0.61358				2
2024.06.19	06:02:24.031	0.61357				2
2024.06.19	06:02:25.710		0.61359			4
2024.06.19	06:02:26.181		0.61360			4
2024.06.19	06:02:29.920		0.61359			4
2024.06.19	06:02:30.536	0.61355	0.61358			6
2024.06.19	06:02:31.198	0.61356	0.61359			6
2024.06.19	06:02:32.080	0.61358	0.61360			6
2024.06.19	06:02:32.393	0.61357				2
2024.06.19	06:02:59.654	0.61359	0.61362			6
2024.06.19	06:03:00.709	0.61360				2
2024.06.19	06:03:01.594	0.61359				2
2024.06.19	06:03:05.682	0.61360				2
2024.06.19	06:03:06.112	0.61359				2
2024.06.19	06:03:07.846	0.61358	0.61361			6
2024.06.19	06:03:08.159	0.61359	0.61362			6
2024.06.19	06:03:32.247	0.61360				2
2024.06.19	06:03:34.086	0.61359				2
2024.06.19	06:03:36.543	0.61357	0.61360			6
2024.06.19	06:03:40.929	0.61358				2
2024.06.19	06:03:41.364		0.61361			4
2024.06.19	06:03:46.781		0.61360			4
2024.06.19	06:04:06.550	0.61358				2
2024.06.19	06:04:09.190		0.61361			4
2024.06.19	06:04:11.031	0.61359				2
2024.06.19	06:04:11.626	0.61360	0.61362			6
2024.06.19	06:04:18.242	0.61362	0.61365			6
2024.06.19	06:04:18.598	0.61363				2
2024.06.19	06:04:18.989	0.61362	0.61363			6
2024.06.19	06:04:25.188		0.61364			4
2024.06.19	06:04:32.019		0.61365			4
2024.06.19	06:04:32.361		0.61364			4
2024.06.19	06:04:32.767		0.61365			4
2024.06.19	06:04:34.212		0.61364			4
2024.06.19	06:04:34.564		0.61365			4
2024.06.19	06:04:34.869		0.61364			4
2024.06.19	06:04:49.789	0.61361	0.61363			6
2024.06.19	06:04:50.626	0.61362	0.61364			6
2024.06.19	06:04:51.157	0.61361	0.61363			6
2024.06.19	06:04:58.157	0.61362				2
2024.06.19	06:05:00.386	0.61362	0.61364			6
2024.06.19	06:05:10.272	0.61361				2
2024.06.19	06:05:29.290	0.61362				2
2024.06.19	06:05:29.980	0.61361	0.61363			6
2024.06.19	06:05:32.803	0.61362				2
2024.06.19	06:05:33.220	0.61361				2
2024.06.19	06:05:38.327		0.61364			4
2024.06.19	06:05:58.422	0.61363				2
2024.06.19	06:05:58.724	0.61361				2
2024.06.19	06:06:00.943	0.61361				2
2024.06.19	06:06:01.979	0.61362				2
2024.06.19	06:06:03.066	0.61363				2
2024.06.19	06:06:03.371		0.61365			4
2024.06.19	06:06:03.682	0.61365	0.61366			6
2024.06.19	06:06:16.890	0.61371	0.61372			6
2024.06.19	06:06:17.735		0.61374			4
2024.06.19	06:06:18.181	0.61372				2
2024.06.19	06:06:21.979	0.61371				2
2024.06.19	06:06:27.768	0.61372				2
2024.06.19	06:06:31.881	0.61371				2
2024.06.19	06:06:42.017	0.61372				2
2024.06.19	06:06:47.607	0.61371				2
2024.06.19	06:06:52.255	0.61372				2
2024.06.19	06:06:57.721	0.61371	0.61373			6
2024.06.19	06:06:58.082		0.61372			4
2024.06.19	06:06:58.894		0.61373			4
2024.06.19	06:07:00.251	0.61371				2
2024.06.19	06:07:01.523	0.61369	0.61372			6
2024.06.19	06:07:01.850		0.61371			4
2024.06.19	06:07:03.732	0.61372	0.61374			6
2024.06.19	06:07:04.053	0.61371				2
2024.06.19	06:07:05.200		0.61373			4
2024.06.19	06:07:05.541		0.61374			4
2024.06.19	06:07:07.500	0.61372				2
2024.06.19	06:07:12.065		0.61375			4
2024.06.19	06:07:12.635	0.61371				2
2024.06.19	06:07:17.187		0.61374			4
2024.06.19	06:07:22.032		0.61375			4
2024.06.19	06:07:25.209		0.61374			4
2024.06.19	06:07:27.837		0.61375			4
2024.06.19	06:07:28.392		0.61374			4
2024.06.19	06:07:28.744		0.61375			4
2024.06.19	06:07:29.669	0.61372				2
2024.06.19	06:07:30.402	0.61371				2
2024.06.19	06:07:31.890	0.61372				2
2024.06.19	06:07:32.230	0.61371				2
2024.06.19	06:07:34.875	0.61374	0.61376			6
2024.06.19	06:07:35.846	0.61372	0.61374			6
2024.06.19	06:07:38.978	0.61374	0.61375			6
2024.06.19	06:07:40.006	0.61372				2
2024.06.19	06:07:40.404	0.61373				2
2024.06.19	06:07:41.271	0.61371	0.61374			6
2024.06.19	06:07:41.591	0.61372				2
2024.06.19	06:07:42.141	0.61371				2
2024.06.19	06:07:42.718	0.61372				2
2024.06.19	06:07:43.024	0.61371				2
2024.06.19	06:07:44.827	0.61372				2
2024.06.19	06:07:45.489	0.61371				2
2024.06.19	06:07:48.036	0.61372				2
2024.06.19	06:07:50.456	0.61371				2
2024.06.19	06:07:51.660	0.61372				2
2024.06.19	06:08:00.233	0.61372				2
2024.06.19	06:08:02.681	0.61374	0.61376			6
2024.06.19	06:08:03.541	0.61372	0.61374			6
2024.06.19	06:08:05.246	0.61371				2
2024.06.19	06:08:14.283	0.61372				2
2024.06.19	06:08:14.931	0.61371				2
2024.06.19	06:08:15.280	0.61372				2
2024.06.19	06:08:15.652	0.61371				2
2024.06.19	06:08:17.012	0.61372				2
2024.06.19	06:08:17.997	0.61371				2
2024.06.19	06:08:22.750	0.61372				2
2024.06.19	06:08:23.477	0.61371				2
2024.06.19	06:08:23.907	0.61372				2
2024.06.19	06:08:24.574	0.61371				2
2024.06.19	06:08:44.900	0.61372				2
2024.06.19	06:08:56.506	0.61373				2
2024.06.19	06:08:58.462		0.61375			4
2024.06.19	06:09:00.536	0.61373				2
2024.06.19	06:09:00.853	0.61372				2
2024.06.19	06:09:10.435	0.61371				2
2024.06.19	06:09:11.005	0.61372				2
2024.06.19	06:09:13.859	0.61373				2
2024.06.19	06:09:18.139	0.61371				2
2024.06.19	06:09:19.823	0.61372				2
2024.06.19	06:09:41.340	0.61373				2
2024.06.19	06:09:54.021	0.61371				2
2024.06.19	06:09:55.296	0.61372				2
2024.06.19	06:09:58.676		0.61375			4
2024.06.19	06:10:00.821	0.61371	0.61374			6
2024.06.19	06:10:01.701		0.61375			4
2024.06.19	06:10:02.284	0.61372				2
2024.06.19	06:10:03.460	0.61371				2
2024.06.19	06:10:05.134		0.61374			4
2024.06.19	06:10:11.045	0.61372				2
2024.06.19	06:10:21.394	0.61371				2
2024.06.19	06:10:26.838	0.61372	0.61375			6
2024.06.19	06:10:30.922	0.61373				2
2024.06.19	06:10:34.990	0.61372				2
2024.06.19	06:10:39.817	0.61373				2
2024.06.19	06:10:50.814	0.61371				2
2024.06.19	06:11:00.484	0.61371				2
2024.06.19	06:11:01.886	0.61372				2
2024.06.19	06:11:02.544		0.61376			4
2024.06.19	06:11:02.932	0.61373				2
2024.06.19	06:11:07.101		0.61375			4
2024.06.19	06:11:07.525		0.61376			4
2024.06.19	06:11:09.339	0.61372	0.61375			6
2024.06.19	06:11:12.888		0.61374			4
2024.06.19	06:11:13.216		0.61376			4
2024.06.19	06:11:16.080		0.61375			4
2024.06.19	06:11:16.718		0.61376			4
2024.06.19	06:11:35.428		0.61375			4
2024.06.19	06:11:35.781		0.61376			4
2024.06.19	06:11:42.862		0.61375			4
2024.06.19	06:11:43.564		0.61376			4
2024.06.19	06:11:43.892		0.61375			4
2024.06.19	06:11:48.779	0.61370	0.61372			6
2024.06.19	06:11:54.520		0.61371			4
2024.06.19	06:11:54.825		0.61372			4
2024.06.19	06:11:57.477	0.61371	0.61373			6
2024.06.19	06:11:58.743	0.61370				2
2024.06.19	06:12:00.394	0.61370				2
2024.06.19	06:12:02.703	0.61371				2
2024.06.19	06:12:06.886	0.61370	0.61372			6
2024.06.19	06:12:11.782	0.61371				2
2024.06.19	06:12:17.357	0.61370	0.61371			6
2024.06.19	06:12:19.621		0.61372			4
2024.06.19	06:12:34.571	0.61369				2
2024.06.19	06:12:36.295	0.61370				2
2024.06.19	06:12:39.194	0.61369	0.61371			6
2024.06.19	06:12:40.073		0.61372			4
2024.06.19	06:12:40.394		0.61371			4
2024.06.19	06:12:51.924		0.61370			4
2024.06.19	06:12:52.241		0.61371			4
2024.06.19	06:13:00.377	0.61369				2
2024.06.19	06:13:03.107	0.61370				2
2024.06.19	06:13:18.549	0.61373	0.61376			6
2024.06.19	06:13:18.862		0.61375			4
2024.06.19	06:13:19.187		0.61376			4
2024.06.19	06:13:20.884	0.61375				2
2024.06.19	06:13:21.242	0.61373				2
2024.06.19	06:13:22.287		0.61375			4
2024.06.19	06:13:22.652	0.61372	0.61376			6
2024.06.19	06:13:23.306	0.61373	0.61375			6
2024.06.19	06:13:26.823	0.61372	0.61376			6
2024.06.19	06:13:28.041		0.61375			4
2024.06.19	06:13:29.031	0.61373				2
2024.06.19	06:13:30.850	0.61372	0.61376			6
2024.06.19	06:13:52.231	0.61373	0.61375			6
2024.06.19	06:13:52.606	0.61374	0.61376			6
2024.06.19	06:13:54.307	0.61373				2
2024.06.19	06:13:55.459		0.61375			4
2024.06.19	06:13:58.212	0.61372	0.61376			6
2024.06.19	06:14:02.845	0.61372				2
2024.06.19	06:14:06.290		0.61374			4
2024.06.19	06:14:07.091		0.61375			4
2024.06.19	06:14:11.637		0.61374			4
2024.06.19	06:14:20.930	0.61373	0.61375			6
2024.06.19	06:14:22.117	0.61374				2
2024.06.19	06:14:22.452	0.61373				2
2024.06.19	06:14:25.806	0.61372	0.61374			6
2024.06.19	06:14:31.847		0.61375			4
2024.06.19	06:14:55.921	0.61374				2
2024.06.19	06:14:56.958	0.61376	0.61379			6
2024.06.19	06:14:57.263	0.61378	0.61381			6
2024.06.19	06:14:57.580		0.61380			4
2024.06.19	06:14:59.998	0.61377				2
2024.06.19	06:15:00.552	0.61378				2
2024.06.19	06:15:01.533	0.61377				2
2024.06.19	06:15:06.270	0.61378				2
2024.06.19	06:15:08.206	0.61377	0.61379			6
2024.06.19	06:15:10.947		0.61380			4
2024.06.19	06:15:13.662	0.61378				2
2024.06.19	06:15:20.346	0.61377				2
2024.06.19	06:15:23.313		0.61378			4
2024.06.19	06:15:23.617		0.61380			4
2024.06.19	06:15:39.395	0.61375	0.61376			6
2024.06.19	06:15:39.705	0.61373	0.61375			6
2024.06.19	06:15:40.092	0.61372				2
2024.06.19	06:15:50.516		0.61374			4
2024.06.19	06:15:51.424	0.61371	0.61375			6
2024.06.19	06:15:59.795	0.61372				2
2024.06.19	06:16:00.157	0.61372				2
2024.06.19	06:16:03.667	0.61371	0.61376			6
2024.06.19	06:16:03.987	0.61372				2
2024.06.19	06:16:07.513		0.61375			4
2024.06.19	06:16:09.008	0.61370	0.61373			6
2024.06.19	06:16:10.728	0.61372	0.61376			6
2024.06.19	06:16:16.573	0.61371	0.61375			6
2024.06.19	06:16:17.214	0.61372				2
2024.06.19	06:16:17.536	0.61371	0.61374			6
2024.06.19	06:16:17.852		0.61373			4
2024.06.19	06:16:18.380	0.61370				2
2024.06.19	06:16:22.214		0.61372			4
2024.06.19	06:16:53.543	0.61372	0.61375			6
2024.06.19	06:16:53.948		0.61376			4
2024.06.19	06:16:54.346		0.61375			4
2024.06.19	06:16:54.975		0.61376			4
2024.06.19	06:16:59.006	0.61371	0.61374			6
2024.06.19	06:16:59.324		0.61375			4
2024.06.19	06:17:00.176	0.61371				2
2024.06.19	06:17:01.276		0.61376			4
2024.06.19	06:17:02.395		0.61375			4
2024.06.19	06:17:03.673		0.61376			4
2024.06.19	06:17:04.917		0.61375			4
2024.06.19	06:17:05.223	0.61373	0.61376			6
2024.06.19	06:17:07.859	0.61371	0.61375			6
2024.06.19	06:17:16.680		0.61374			4
2024.06.19	06:17:17.040		0.61375			4
2024.06.19	06:17:17.342		0.61374			4
2024.06.19	06:17:18.207		0.61375			4
2024.06.19	06:17:26.746		0.61374			4
2024.06.19	06:17:27.824	0.61372	0.61375			6
2024.06.19	06:17:28.152	0.61371				2
2024.06.19	06:17:35.876	0.61370	0.61373			6
2024.06.19	06:17:39.191	0.61371	0.61375			6
2024.06.19	06:17:46.660	0.61372	0.61376			6
2024.06.19	06:17:51.728	0.61371				2
2024.06.19	06:17:55.180	0.61373				2
2024.06.19	06:17:55.908	0.61371				2
2024.06.19	06:18:00.517	0.61371				2
2024.06.19	06:18:01.657		0.61375			4
2024.06.19	06:18:02.020		0.61376			4
2024.06.19	06:18:37.272	0.61372				2
2024.06.19	06:18:37.640	0.61371				2
2024.06.19	06:18:40.066		0.61375			4
2024.06.19	06:19:01.294	0.61371				2
2024.06.19	06:19:20.439	0.61372				2
2024.06.19	06:19:22.481	0.61371				2
2024.06.19	06:19:23.870	0.61373				2
2024.06.19	06:19:28.836	0.61372				2
2024.06.19	06:19:33.319	0.61371				2
2024.06.19	06:19:34.109	0.61370	0.61371			6
2024.06.19	06:19:35.459		0.61373			4
2024.06.19	06:19:37.164		0.61371			4
2024.06.19	06:19:39.828		0.61373			4
2024.06.19	06:19:43.179	0.61371				2
2024.06.19	06:19:44.801	0.61370				2
2024.06.19	06:19:48.573		0.61372			4
2024.06.19	06:19:54.201		0.61373			4
2024.06.19	06:19:58.353	0.61371				2
2024.06.19	06:20:00.245	0.61373	0.61375			6
2024.06.19	06:20:01.342	0.61372	0.61374			6
2024.06.19	06:20:01.679		0.61375			4
2024.06.19	06:20:02.441		0.61374			4
2024.06.19	06:20:03.274		0.61375			4
2024.06.19	06:20:05.628	0.61370	0.61372			6
2024.06.19	06:20:06.342	0.61371				2
2024.06.19	06:20:06.804	0.61372	0.61374			6
2024.06.19	06:20:08.578	0.61370	0.61375			6
2024.06.19	06:20:08.879	0.61371				2
2024.06.19	06:20:11.025	0.61372				2
2024.06.19	06:20:20.832	0.61371				2
2024.06.19	06:20:23.624		0.61374			4
2024.06.19	06:20:23.936		0.61375			4
2024.06.19	06:20:28.589		0.61374			4
2024.06.19	06:20:30.633		0.61375			4
2024.06.19	06:20:41.714		0.61374			4
2024.06.19	06:20:43.578	0.61370	0.61375			6
2024.06.19	06:20:43.930	0.61371				2
2024.06.19	06:20:44.335	0.61370				2
2024.06.19	06:20:45.189	0.61371				2
2024.06.19	06:20:47.950		0.61374			4
2024.06.19	06:20:50.104		0.61375			4
2024.06.19	06:20:59.410	0.61370	0.61373			6
2024.06.19	06:21:00.401	0.61369	0.61371			6
2024.06.19	06:21:08.920		0.61370			4
2024.06.19	06:21:09.223	0.61370	0.61373			6
2024.06.19	06:21:09.863	0.61371				2
2024.06.19	06:21:13.133	0.61372	0.61375			6
2024.06.19	06:21:15.514	0.61371				2
2024.06.19	06:21:27.365		0.61374			4
2024.06.19	06:21:27.737		0.61375			4
2024.06.19	06:21:28.404	0.61370				2
2024.06.19	06:21:30.338		0.61374			4
2024.06.19	06:21:31.753	0.61369	0.61373			6
2024.06.19	06:21:36.332		0.61372			4
2024.06.19	06:21:37.033		0.61373			4
2024.06.19	06:21:37.340		0.61372			4
2024.06.19	06:21:38.166		0.61373			4
2024.06.19	06:21:38.504		0.61372			4
2024.06.19	06:21:39.058		0.61373			4
2024.06.19	06:21:40.409		0.61372			4
2024.06.19	06:21:41.198		0.61373			4
2024.06.19	06:21:41.529		0.61372			4
2024.06.19	06:21:42.173		0.61373			4
2024.06.19	06:21:42.901		0.61372			4
2024.06.19	06:21:43.219		0.61373			4
2024.06.19	06:21:43.538		0.61372			4
2024.06.19	06:21:44.261		0.61373			4
2024.06.19	06:21:44.582		0.61372			4
2024.06.19	06:21:46.287		0.61373			4
2024.06.19	06:21:48.019		0.61372			4
2024.06.19	06:21:50.604		0.61371			4
2024.06.19	06:21:58.021	0.61367	0.61370			6
2024.06.19	06:21:58.331		0.61369			4
2024.06.19	06:21:58.656		0.61370			4
2024.06.19	06:22:00.498	0.61367				2
2024.06.19	06:22:00.844	0.61366	0.61368			6
2024.06.19	06:22:01.372		0.61369			4
2024.06.19	06:22:02.917		0.61368			4
2024.06.19	06:22:03.219		0.61369			4
2024.06.19	06:22:06.227	0.61367	0.61370			6
2024.06.19	06:22:11.007		0.61369			4
2024.06.19	06:22:13.326		0.61370			4
2024.06.19	06:22:17.077		0.61371			4
2024.06.19	06:22:17.412		0.61370			4
2024.06.19	06:22:18.865		0.61368			4
2024.06.19	06:22:19.652		0.61369			4
2024.06.19	06:22:21.494		0.61370			4
2024.06.19	06:22:21.813		0.61369			4
2024.06.19	06:22:24.767		0.61370			4
2024.06.19	06:22:25.972	0.61366	0.61368			6
2024.06.19	06:22:26.868	0.61365	0.61367			6
2024.06.19	06:22:27.184	0.61364				2
2024.06.19	06:22:27.490		0.61366			4
2024.06.19	06:22:33.859		0.61365			4
2024.06.19	06:22:34.162		0.61366			4
2024.06.19	06:22:53.450		0.61367			4
2024.06.19	06:22:58.544	0.61365				2
2024.06.19	06:23:01.801	0.61365				2
2024.06.19	06:23:03.512		0.61368			4
2024.06.19	06:23:03.850		0.61367			4
2024.06.19	06:23:07.732	0.61364				2
2024.06.19	06:23:16.301	0.61365				2
2024.06.19	06:23:26.440	0.61366				2
2024.06.19	06:23:29.395	0.61365				2
2024.06.19	06:23:34.220	0.61366				2
2024.06.19	06:23:36.842	0.61365				2
2024.06.19	06:23:37.718	0.61364	0.61366			6
2024.06.19	06:23:47.360		0.61365			4
2024.06.19	06:23:47.666		0.61366			4
2024.06.19	06:23:52.623		0.61367			4
2024.06.19	06:23:53.300	0.61363	0.61364			6
2024.06.19	06:23:53.849	0.61362				2
2024.06.19	06:23:55.158	0.61361				2
2024.06.19	06:23:55.532	0.61360	0.61362			6
2024.06.19	06:23:55.848	0.61361				2
2024.06.19	06:24:00.110	0.61361				2
2024.06.19	06:24:00.994		0.61363			4
2024.06.19	06:24:01.963	0.61362	0.61364			6
2024.06.19	06:24:02.332	0.61363				2
2024.06.19	06:24:06.339		0.61365			4
2024.06.19	06:24:08.993	0.61362	0.61364			6
2024.06.19	06:24:14.326		0.61365			4
2024.06.19	06:24:15.390		0.61363			4
2024.06.19	06:24:15.691	0.61361				2
2024.06.19	06:24:22.464	0.61360				2
2024.06.19	06:24:22.812	0.61361				2
2024.06.19	06:24:24.533	0.61359	0.61361			6
2024.06.19	06:24:27.012	0.61360				2
2024.06.19	06:24:31.673		0.61362			4
2024.06.19	06:24:37.134	0.61359	0.61360			6
2024.06.19	06:24:37.436	0.61357	0.61358			6
2024.06.19	06:24:38.901		0.61359			4
2024.06.19	06:24:44.419	0.61356				2
2024.06.19	06:24:50.680		0.61358			4
2024.06.19	06:24:55.089	0.61357				2
2024.06.19	06:24:56.133	0.61356	0.61357			6
2024.06.19	06:24:58.359	0.61357	0.61359			6
2024.06.19	06:24:59.118	0.61356				2
2024.06.19	06:25:00.074	0.61356				2
2024.06.19	06:25:00.382		0.61358			4
2024.06.19	06:25:00.699	0.61357				2
2024.06.19	06:25:01.074	0.61356				2
2024.06.19	06:25:01.408	0.61357				2
2024.06.19	06:25:03.633	0.61356				2
2024.06.19	06:25:06.262	0.61357	0.61360			6
2024.06.19	06:25:07.348	0.61356	0.61359			6
2024.06.19	06:25:09.961	0.61357				2
2024.06.19	06:25:10.635	0.61356	0.61358			6
2024.06.19	06:25:11.388	0.61355				2
2024.06.19	06:25:13.062	0.61356				2
2024.06.19	06:25:13.706	0.61357				2
2024.06.19	06:25:17.413		0.61360			4
2024.06.19	06:25:24.306	0.61358				2
2024.06.19	06:25:32.525		0.61361			4
2024.06.19	06:25:32.858		0.61360			4
2024.06.19	06:25:33.566	0.61359	0.61361			6
2024.06.19	06:25:37.930	0.61358	0.61360			6
2024.06.19	06:25:40.407	0.61359	0.61361			6
2024.06.19	06:25:46.994		0.61362			4
2024.06.19	06:25:47.984	0.61360				2
2024.06.19	06:25:50.716	0.61359				2
2024.06.19	06:25:56.031	0.61360				2
2024.06.19	06:26:01.182	0.61360				2
2024.06.19	06:26:14.220		0.61361			4
2024.06.19	06:26:28.819	0.61361	0.61363			6
2024.06.19	06:26:29.122	0.61360				2
2024.06.19	06:26:30.659	0.61362				2
2024.06.19	06:26:30.962		0.61364			4
2024.06.19	06:26:31.294		0.61363			4
2024.06.19	06:26:31.797	0.61360	0.61362			6
2024.06.19	06:26:36.930	0.61359				2
2024.06.19	06:26:38.108	0.61360				2
2024.06.19	06:26:38.425		0.61361			4
2024.06.19	06:26:41.354		0.61362			4
2024.06.19	06:26:58.810	0.61361				2
2024.06.19	06:27:00.124	0.61361				2
2024.06.19	06:27:03.301		0.61363			4
2024.06.19	06:27:03.924		0.61364			4
2024.06.19	06:27:04.856	0.61363				2
2024.06.19	06:27:22.277	0.61361	0.61363			6
2024.06.19	06:27:23.547		0.61364			4
2024.06.19	06:27:26.936		0.61363			4
2024.06.19	06:27:27.239		0.61364			4
2024.06.19	06:27:35.249		0.61362			4
2024.06.19	06:27:38.819		0.61363			4
2024.06.19	06:27:46.635	0.61362				2
2024.06.19	06:27:47.223	0.61361	0.61364			6
2024.06.19	06:27:49.399		0.61363			4
2024.06.19	06:28:01.046	0.61361				2
2024.06.19	06:28:02.948	0.61362				2
2024.06.19	06:28:10.952	0.61363	0.61364			6
2024.06.19	06:28:12.232	0.61361	0.61363			6
2024.06.19	06:28:13.954	0.61362				2
2024.06.19	06:28:20.820	0.61361				2
2024.06.19	06:28:21.140		0.61362			4
2024.06.19	06:28:36.431		0.61363			4
2024.06.19	06:28:41.782	0.61362				2
2024.06.19	06:28:44.788	0.61361				2
2024.06.19	06:28:47.700		0.61362			4
2024.06.19	06:28:49.485	0.61359	0.61360			6
2024.06.19	06:28:49.807	0.61360	0.61361			6
2024.06.19	06:28:50.238	0.61359	0.61360			6
2024.06.19	06:28:50.594	0.61360	0.61361			6
2024.06.19	06:28:53.159	0.61359	0.61360			6
2024.06.19	06:28:57.468	0.61361	0.61362			6
2024.06.19	06:29:00.365	0.61360				2
2024.06.19	06:29:04.118		0.61361			4
2024.06.19	06:29:06.998	0.61359	0.61360			6
2024.06.19	06:29:07.433	0.61360	0.61361			6
2024.06.19	06:29:08.451	0.61361	0.61362			6
2024.06.19	06:29:11.711	0.61363	0.61364			6
2024.06.19	06:29:29.330	0.61362				2
2024.06.19	06:29:32.459	0.61363				2
2024.06.19	06:29:54.122	0.61364	0.61365			6
2024.06.19	06:29:54.440	0.61366	0.61367			6
2024.06.19	06:29:55.096	0.61365				2
2024.06.19	06:29:58.442	0.61366				2
2024.06.19	06:30:00.371	0.61366				2
2024.06.19	06:30:03.296	0.61365	0.61366			6
2024.06.19	06:30:05.960	0.61364	0.61365			6
2024.06.19	06:30:14.340	0.61366	0.61367			6
2024.06.19	06:30:18.472	0.61365				2
2024.06.19	06:30:21.245	0.61366				2
2024.06.19	06:30:27.113	0.61367	0.61368			6
2024.06.19	06:30:27.770	0.61366	0.61367			6
2024.06.19	06:30:28.193	0.61365				2
2024.06.19	06:30:43.061		0.61366			4
2024.06.19	06:30:43.384	0.61364				2
2024.06.19	06:30:48.629	0.61363	0.61364			6
2024.06.19	06:30:54.787	0.61362				2
2024.06.19	06:30:55.640	0.61363				2
2024.06.19	06:31:00.330	0.61363				2
2024.06.19	06:31:28.792	0.61362				2
2024.06.19	06:31:30.909	0.61360	0.61363			6
2024.06.19	06:31:31.258		0.61361			4
2024.06.19	06:31:31.689	0.61361	0.61362			6
2024.06.19	06:31:35.724	0.61362	0.61363			6
2024.06.19	06:31:38.897	0.61361				2
2024.06.19	06:31:41.729	0.61362				2
2024.06.19	06:31:42.084	0.61361	0.61362			6
2024.06.19	06:31:43.016		0.61363			4
2024.06.19	06:31:45.752		0.61362			4
2024.06.19	06:31:46.471	0.61360				2
2024.06.19	06:31:49.733		0.61361			4
2024.06.19	06:31:50.368	0.61359				2
2024.06.19	06:32:00.719	0.61359				2
2024.06.19	06:32:03.390	0.61360	0.61362			6
2024.06.19	06:32:04.049	0.61361				2
2024.06.19	06:32:06.495	0.61353	0.61354			6
2024.06.19	06:32:06.803	0.61352	0.61353			6
2024.06.19	06:32:07.126	0.61353	0.61354			6
2024.06.19	06:32:07.460	0.61350	0.61352			6
2024.06.19	06:32:08.645	0.61351				2
2024.06.19	06:32:08.949		0.61353			4
2024.06.19	06:32:09.858		0.61352			4
2024.06.19	06:32:10.222		0.61353			4
2024.06.19	06:32:10.671	0.61350	0.61352			6
2024.06.19	06:32:11.644	0.61352	0.61354			6
2024.06.19	06:32:12.902	0.61353				2
2024.06.19	06:32:17.197	0.61352				2
2024.06.19	06:32:17.736	0.61350	0.61352			6
2024.06.19	06:32:20.677	0.61351	0.61353			6
2024.06.19	06:32:22.605	0.61350				2
2024.06.19	06:32:23.457		0.61352			4
2024.06.19	06:32:24.516		0.61353			4
2024.06.19	06:32:27.439		0.61352			4
2024.06.19	06:32:28.066	0.61351	0.61353			6
2024.06.19	06:32:32.801	0.61350				2
2024.06.19	06:32:33.118	0.61351				2
2024.06.19	06:32:39.191	0.61350				2
2024.06.19	06:32:40.787	0.61353	0.61355			6
2024.06.19	06:32:46.756		0.61354			4
2024.06.19	06:32:51.801	0.61352				2
2024.06.19	06:33:00.815	0.61352				2
2024.06.19	06:33:02.344	0.61353	0.61355			6
2024.06.19	06:33:29.467		0.61354			4
2024.06.19	06:33:29.892		0.61355			4
2024.06.19	06:33:55.424		0.61356			4
2024.06.19	06:33:56.729	0.61355				2
2024.06.19	06:34:00.881	0.61355				2
2024.06.19	06:34:20.062	0.61354				2
2024.06.19	06:34:32.930	0.61355				2
2024.06.19	06:34:51.475	0.61352	0.61354			6
2024.06.19	06:34:55.553	0.61350	0.61351			6
2024.06.19	06:34:58.340		0.61352			4
2024.06.19	06:35:00.221	0.61350	0.61351			6
2024.06.19	06:35:02.095	0.61347	0.61349			6
2024.06.19	06:35:02.448	0.61348				2
2024.06.19	06:35:10.705	0.61346	0.61348			6
2024.06.19	06:35:14.942		0.61347			4
2024.06.19	06:35:16.086	0.61345				2
2024.06.19	06:35:16.403		0.61346			4
2024.06.19	06:35:16.717		0.61347			4
2024.06.19	06:35:18.073	0.61346	0.61348			6
2024.06.19	06:35:18.390		0.61347			4
2024.06.19	06:35:19.084		0.61348			4
2024.06.19	06:35:19.441		0.61347			4
2024.06.19	06:35:29.757		0.61348			4
2024.06.19	06:35:30.890		0.61347			4
2024.06.19	06:35:32.270	0.61347	0.61348			6
2024.06.19	06:35:32.675	0.61346	0.61347			6
2024.06.19	06:35:33.365	0.61345				2
2024.06.19	06:35:35.196	0.61346				2
2024.06.19	06:35:36.797		0.61348			4
2024.06.19	06:35:37.332	0.61347				2
2024.06.19	06:35:37.638	0.61346	0.61347			6
2024.06.19	06:35:37.943	0.61345				2
2024.06.19	06:35:38.709		0.61346			4
2024.06.19	06:35:41.015		0.61347			4
2024.06.19	06:35:49.664	0.61344				2
2024.06.19	06:35:50.611		0.61346			4
2024.06.19	06:35:58.117	0.61345				2
2024.06.19	06:36:02.595	0.61345				2
2024.06.19	06:36:11.732	0.61344				2
2024.06.19	06:36:15.248	0.61338	0.61340			6
2024.06.19	06:36:16.232	0.61336	0.61337			6
2024.06.19	06:36:18.160		0.61338			4
2024.06.19	06:36:19.745	0.61337				2
2024.06.19	06:36:20.061	0.61336	0.61337			6
2024.06.19	06:36:28.056		0.61338			4
2024.06.19	06:36:29.916	0.61335	0.61336			6
2024.06.19	06:36:32.018	0.61336	0.61337			6
2024.06.19	06:36:52.747	0.61337	0.61338			6
2024.06.19	06:36:53.180		0.61339			4
2024.06.19	06:37:00.529	0.61339	0.61340			6
2024.06.19	06:37:10.179	0.61337	0.61338			6
2024.06.19	06:37:11.248		0.61339			4
2024.06.19	06:37:12.258	0.61336	0.61337			6
2024.06.19	06:37:15.710	0.61337	0.61338			6
2024.06.19	06:37:20.712	0.61336				2
2024.06.19	06:37:41.383		0.61339			4
2024.06.19	06:37:42.755	0.61337				2
2024.06.19	06:37:43.134	0.61336	0.61338			6
2024.06.19	06:37:44.016	0.61335	0.61337			6
2024.06.19	06:37:45.969	0.61338	0.61340			6
2024.06.19	06:37:51.040	0.61336	0.61338			6
2024.06.19	06:37:59.166	0.61338	0.61340			6
2024.06.19	06:38:00.053	0.61337	0.61339			6
2024.06.19	06:38:01.390	0.61335	0.61338			6
2024.06.19	06:38:01.784	0.61336				2
2024.06.19	06:38:02.393		0.61339			4
2024.06.19	06:38:07.921	0.61335	0.61338			6
2024.06.19	06:38:09.225	0.61336				2
2024.06.19	06:38:21.012	0.61335				2
2024.06.19	06:38:21.804	0.61336				2
2024.06.19	06:38:22.152		0.61339			4
2024.06.19	06:38:23.674	0.61337				2
2024.06.19	06:38:24.005		0.61340			4
2024.06.19	06:38:27.981	0.61338				2
2024.06.19	06:38:48.798	0.61341	0.61342			6
2024.06.19	06:39:00.827	0.61341				2
2024.06.19	06:39:06.804	0.61342	0.61343			6
2024.06.19	06:39:37.244	0.61346	0.61348			6
2024.06.19	06:39:42.450	0.61349	0.61350			6
2024.06.19	06:39:51.033	0.61348				2
2024.06.19	06:39:52.462	0.61349				2
2024.06.19	06:40:00.464	0.61349				2
2024.06.19	06:40:00.777	0.61348				2
2024.06.19	06:40:01.235	0.61349	0.61351			6
2024.06.19	06:40:06.660	0.61348				2
2024.06.19	06:40:07.410	0.61349				2
2024.06.19	06:40:11.139	0.61351	0.61352			6
2024.06.19	06:40:18.855	0.61350				2
2024.06.19	06:40:19.405	0.61351				2
2024.06.19	06:40:27.777	0.61350				2
2024.06.19	06:40:29.121	0.61351				2
2024.06.19	06:40:29.997	0.61350				2
2024.06.19	06:40:30.892	0.61351				2
2024.06.19	06:41:00.076	0.61351				2
2024.06.19	06:41:06.172		0.61353			4
2024.06.19	06:41:10.989	0.61350				2
2024.06.19	06:41:35.441	0.61351	0.61352			6
2024.06.19	06:41:45.366	0.61350				2
2024.06.19	06:41:47.092	0.61351				2
2024.06.19	06:42:02.642	0.61351				2
2024.06.19	06:42:02.946	0.61349				2
2024.06.19	06:42:03.283		0.61351			4
2024.06.19	06:42:04.211		0.61352			4
2024.06.19	06:42:06.840		0.61351			4
2024.06.19	06:42:07.873		0.61352			4
2024.06.19	06:42:14.801		0.61351			4
2024.06.19	06:42:21.747		0.61352			4
2024.06.19	06:42:26.216		0.61351			4
2024.06.19	06:42:29.434		0.61352			4
2024.06.19	06:42:29.738		0.61351			4
2024.06.19	06:42:47.789	0.61348				2
2024.06.19	06:42:48.103	0.61346	0.61349			6
2024.06.19	06:42:48.743	0.61347				2
2024.06.19	06:42:49.372	0.61346				2
2024.06.19	06:42:50.184	0.61347				2
2024.06.19	06:42:51.538		0.61350			4
2024.06.19	06:43:00.372	0.61347				2
2024.06.19	06:43:06.520		0.61349			4
2024.06.19	06:43:06.853		0.61350			4
2024.06.19	06:43:18.309	0.61348				2
2024.06.19	06:43:26.830		0.61351			4
2024.06.19	06:43:29.556		0.61350			4
2024.06.19	06:43:30.122		0.61351			4
2024.06.19	06:43:36.260		0.61349			4
2024.06.19	06:43:37.118		0.61351			4
2024.06.19	06:43:37.422	0.61347	0.61349			6
2024.06.19	06:43:56.718	0.61350	0.61351			6
2024.06.19	06:43:57.037	0.61349				2
2024.06.19	06:43:57.467		0.61350			4
2024.06.19	06:44:03.374	0.61347	0.61349			6
2024.06.19	06:44:05.541		0.61350			4
2024.06.19	06:44:39.114		0.61349			4
2024.06.19	06:44:43.404		0.61350			4
2024.06.19	06:44:44.286		0.61348			4
2024.06.19	06:44:44.589	0.61346	0.61347			6
2024.06.19	06:44:44.947		0.61348			4
2024.06.19	06:44:50.520	0.61347				2
2024.06.19	06:44:52.245		0.61349			4
2024.06.19	06:44:53.160	0.61350	0.61351			6
2024.06.19	06:44:54.347		0.61352			4
2024.06.19	06:45:00.092	0.61349	0.61351			6
2024.06.19	06:45:00.462	0.61347	0.61349			6
2024.06.19	06:45:04.674		0.61348			4
2024.06.19	06:45:04.982	0.61346				2
2024.06.19	06:45:05.370	0.61347	0.61349			6
2024.06.19	06:45:05.682	0.61346	0.61348			6
2024.06.19	06:45:07.780	0.61347				2
2024.06.19	06:45:08.082	0.61346				2
2024.06.19	06:45:10.124		0.61349			4
2024.06.19	06:45:10.445	0.61347				2
2024.06.19	06:45:12.278	0.61346	0.61348			6
2024.06.19	06:45:21.162		0.61347			4
2024.06.19	06:45:32.623	0.61345				2
2024.06.19	06:45:34.968		0.61348			4
2024.06.19	06:45:48.211		0.61347			4
2024.06.19	06:46:00.265	0.61345				2
2024.06.19	06:46:01.869		0.61348			4
2024.06.19	06:46:10.965	0.61344				2
2024.06.19	06:46:31.105		0.61347			4
2024.06.19	06:46:31.921	0.61343				2
2024.06.19	06:46:32.244		0.61346			4
2024.06.19	06:46:36.986		0.61345			4
2024.06.19	06:47:00.439	0.61343				2
2024.06.19	06:47:02.942	0.61342				2
2024.06.19	06:47:07.900	0.61343				2
2024.06.19	06:47:23.341	0.61341	0.61343			6
2024.06.19	06:47:25.579	0.61338	0.61340			6
2024.06.19	06:47:25.899	0.61337	0.61339			6
2024.06.19	06:47:31.542		0.61338			4
2024.06.19	06:47:33.344	0.61338	0.61341			6
2024.06.19	06:47:34.344		0.61339			4
2024.06.19	06:47:38.016		0.61341			4
2024.06.19	06:47:39.686		0.61339			4
2024.06.19	06:47:45.787	0.61336	0.61338			6
2024.06.19	06:47:52.044	0.61339	0.61340			6
2024.06.19	06:47:52.349	0.61338				2
2024.06.19	06:47:53.761		0.61342			4
2024.06.19	06:47:56.892		0.61341			4
2024.06.19	06:48:00.518	0.61339	0.61342			6
2024.06.19	06:48:04.480		0.61341			4
2024.06.19	06:48:25.230	0.61338	0.61340			6
2024.06.19	06:48:29.341	0.61339				2
2024.06.19	06:48:31.303	0.61338				2
2024.06.19	06:48:32.408	0.61339				2
2024.06.19	06:48:36.357		0.61341			4
2024.06.19	06:48:36.731		0.61340			4
2024.06.19	06:48:37.058		0.61341			4
2024.06.19	06:48:38.156		0.61340			4
2024.06.19	06:48:41.244	0.61338				2
2024.06.19	06:48:44.882		0.61339			4
2024.06.19	06:48:46.448		0.61340			4
2024.06.19	06:48:48.409		0.61339			4
2024.06.19	06:48:48.821		0.61340			4
2024.06.19	06:48:51.999	0.61339				2
2024.06.19	06:48:53.157		0.61341			4
2024.06.19	06:49:00.725	0.61339				2
2024.06.19	06:49:11.112	0.61340	0.61343			6
2024.06.19	06:49:11.760		0.61342			4
2024.06.19	06:49:12.342	0.61339	0.61341			6
2024.06.19	06:49:13.827	0.61338				2
2024.06.19	06:49:26.630		0.61340			4
2024.06.19	06:49:27.962	0.61336	0.61339			6
2024.06.19	06:49:28.645		0.61340			4
2024.06.19	06:49:28.957		0.61339			4
2024.06.19	06:49:29.440		0.61340			4
2024.06.19	06:49:29.851	0.61337	0.61341			6
2024.06.19	06:49:32.195	0.61338				2
2024.06.19	06:49:37.748	0.61337	0.61340			6
2024.06.19	06:49:41.280		0.61339			4
2024.06.19	06:49:47.100		0.61340			4
2024.06.19	06:49:48.444	0.61336				2
2024.06.19	06:49:51.372	0.61337				2
2024.06.19	06:50:00.240	0.61337				2
2024.06.19	06:50:02.033		0.61339			4
2024.06.19	06:50:02.633	0.61336				2
2024.06.19	06:50:05.446	0.61337				2
2024.06.19	06:50:13.998	0.61336				2
2024.06.19	06:50:33.152	0.61335	0.61338			6
2024.06.19	06:50:33.516	0.61336	0.61339			6
2024.06.19	06:50:36.503		0.61338			4
2024.06.19	06:50:36.817		0.61339			4
2024.06.19	06:50:44.900	0.61337				2
2024.06.19	06:51:00.598	0.61337				2
2024.06.19	06:51:13.068	0.61336				2
2024.06.19	06:51:15.391		0.61338			4
2024.06.19	06:51:17.927		0.61339			4
2024.06.19	06:51:24.661	0.61337	0.61340			6
2024.06.19	06:51:25.696	0.61339	0.61341			6
2024.06.19	06:51:26.043	0.61338				2
2024.06.19	06:51:35.309		0.61340			4
2024.06.19	06:51:36.213		0.61341			4
2024.06.19	06:51:40.156		0.61340			4
2024.06.19	06:51:41.031		0.61341			4
2024.06.19	06:51:59.334		0.61340			4
2024.06.19	06:51:59.665		0.61341			4
2024.06.19	06:52:01.470	0.61338				2
2024.06.19	06:52:15.544		0.61340			4
2024.06.19	06:52:15.860	0.61337				2
2024.06.19	06:52:16.162	0.61338	0.61341			6
2024.06.19	06:52:31.714		0.61339			4
2024.06.19	06:52:32.019		0.61341			4
2024.06.19	06:52:49.465		0.61340			4
2024.06.19	06:52:50.025		0.61341			4
2024.06.19	06:52:55.335		0.61340			4
2024.06.19	06:52:58.058		0.61341			4
2024.06.19	06:52:59.467		0.61340			4
2024.06.19	06:53:00.036	0.61338				2
2024.06.19	06:53:14.781	0.61337				2
2024.06.19	06:53:25.749	0.61338				2
2024.06.19	06:53:44.104	0.61337				2
2024.06.19	06:53:46.771	0.61338				2
2024.06.19	06:53:59.990		0.61340			4
2024.06.19	06:54:01.175	0.61338				2
2024.06.19	06:54:03.497	0.61337				2
2024.06.19	06:54:08.734		0.61339			4
2024.06.19	06:54:09.038		0.61340			4
2024.06.19	06:54:09.780	0.61338				2
2024.06.19	06:54:10.770		0.61341			4
2024.06.19	06:54:11.770		0.61340			4
2024.06.19	06:54:12.234		0.61341			4
2024.06.19	06:54:12.580		0.61339			4
2024.06.19	06:54:14.153	0.61334	0.61336			6
2024.06.19	06:54:14.473	0.61333				2
2024.06.19	06:54:19.192	0.61335	0.61337			6
2024.06.19	06:54:40.016	0.61336	0.61338			6
2024.06.19	06:54:40.356	0.61335				2
2024.06.19	06:54:42.228		0.61337			4
2024.06.19	06:54:46.981	0.61336	0.61338			6
2024.06.19	06:54:47.337	0.61335	0.61337			6
2024.06.19	06:54:48.327	0.61334	0.61336			6
2024.06.19	06:54:49.392		0.61337			4
2024.06.19	06:54:49.783	0.61335	0.61338			6
2024.06.19	06:54:50.102		0.61337			4
2024.06.19	06:54:52.032		0.61338			4
2024.06.19	06:55:00.368	0.61335				2
2024.06.19	06:55:01.107	0.61338	0.61341			6
2024.06.19	06:55:01.782		0.61340			4
2024.06.19	06:55:03.200	0.61337				2
2024.06.19	06:55:05.980	0.61338				2
2024.06.19	06:55:07.648		0.61341			4
2024.06.19	06:55:09.910		0.61340			4
2024.06.19	06:55:16.410	0.61337				2
2024.06.19	06:55:17.438	0.61338				2
2024.06.19	06:55:22.039	0.61337	0.61339			6
2024.06.19	06:55:24.121	0.61338	0.61341			6
2024.06.19	06:55:28.635	0.61339				2
2024.06.19	06:55:29.764		0.61342			4
2024.06.19	06:55:30.532		0.61341			4
2024.06.19	06:55:31.873	0.61338				2
2024.06.19	06:55:32.181		0.61342			4
2024.06.19	06:55:32.983	0.61339				2
2024.06.19	06:55:37.990		0.61341			4
2024.06.19	06:55:38.418		0.61342			4
2024.06.19	06:55:38.776	0.61337	0.61341			6
2024.06.19	06:55:39.083		0.61339			4
2024.06.19	06:55:40.580	0.61336				2
2024.06.19	06:55:40.892	0.61335				2
2024.06.19	06:55:43.013	0.61337	0.61341			6
2024.06.19	06:55:43.917		0.61340			4
2024.06.19	06:55:44.778		0.61341			4
2024.06.19	06:55:45.544		0.61340			4
2024.06.19	06:55:47.713		0.61341			4
2024.06.19	06:55:50.588		0.61340			4
2024.06.19	06:55:51.393		0.61341			4
2024.06.19	06:55:51.760		0.61340			4
2024.06.19	06:55:56.470		0.61339			4
2024.06.19	06:55:56.774		0.61340			4
2024.06.19	06:56:02.478	0.61337	0.61341			6
2024.06.19	06:56:02.799		0.61340			4
2024.06.19	06:56:03.615		0.61339			4
2024.06.19	06:56:07.063	0.61336				2
2024.06.19	06:56:07.461	0.61337				2
2024.06.19	06:56:07.850		0.61340			4
2024.06.19	06:56:11.436		0.61339			4
2024.06.19	06:56:12.762		0.61340			4
2024.06.19	06:56:13.094	0.61338	0.61341			6
2024.06.19	06:56:16.515	0.61337				2
2024.06.19	06:56:16.847		0.61339			4
2024.06.19	06:56:17.163	0.61336	0.61340			6
2024.06.19	06:56:17.507		0.61339			4
2024.06.19	06:56:18.369		0.61340			4
2024.06.19	06:56:18.976		0.61339			4
2024.06.19	06:56:19.985	0.61337	0.61340			6
2024.06.19	06:56:20.437		0.61341			4
2024.06.19	06:56:20.744		0.61339			4
2024.06.19	06:56:22.645	0.61339	0.61341			6
2024.06.19	06:56:33.078	0.61338				2
2024.06.19	06:57:00.386	0.61338				2
2024.06.19	06:57:18.550	0.61337	0.61340			6
2024.06.19	06:57:19.843		0.61341			4
2024.06.19	06:57:20.190	0.61338				2
2024.06.19	06:57:38.653		0.61340			4
2024.06.19	06:57:43.778		0.61341			4
2024.06.19	06:57:44.346		0.61340			4
2024.06.19	06:57:56.636	0.61336	0.61339			6
2024.06.19	06:58:00.385	0.61336				2
2024.06.19	06:58:01.094	0.61334	0.61338			6
2024.06.19	06:58:02.261		0.61337			4
2024.06.19	06:58:06.123	0.61335	0.61338			6
2024.06.19	06:58:13.802	0.61336				2
2024.06.19	06:58:14.126	0.61335				2
2024.06.19	06:58:16.539		0.61337			4
2024.06.19	06:58:23.456	0.61337	0.61339			6
2024.06.19	06:58:25.122	0.61336				2
2024.06.19	06:58:25.435	0.61335	0.61338			6
2024.06.19	06:58:32.282		0.61337			4
2024.06.19	06:58:47.365	0.61336	0.61338			6
2024.06.19	06:58:49.726	0.61337				2
2024.06.19	06:58:50.032	0.61336				2
2024.06.19	06:58:57.770	0.61335				2
2024.06.19	06:59:00.905	0.61335				2
2024.06.19	06:59:05.500	0.61336	0.61339			6
2024.06.19	06:59:06.229	0.61335	0.61338			6
2024.06.19	06:59:07.381		0.61337			4
2024.06.19	06:59:17.699		0.61338			4
2024.06.19	06:59:51.147		0.61337			4
2024.06.19	07:00:00.116	0.61335				2
2024.06.19	07:00:00.482	0.61333	0.61335			6
2024.06.19	07:00:00.801	0.61332				2
2024.06.19	07:00:01.161		0.61333			4
2024.06.19	07:00:01.473		0.61334			4
2024.06.19	07:00:02.763	0.61331				2
2024.06.19	07:00:03.707		0.61335			4
2024.06.19	07:00:06.799	0.61330	0.61332			6
2024.06.19	07:00:11.503		0.61331			4
2024.06.19	07:00:25.779	0.61329				2
2024.06.19	07:00:37.532	0.61328				2
2024.06.19	07:00:38.671	0.61329				2
2024.06.19	07:00:53.482		0.61332			4
2024.06.19	07:00:57.102	0.61330				2
2024.06.19	07:00:57.499	0.61332	0.61335			6
2024.06.19	07:01:00.421	0.61332				2
2024.06.19	07:01:01.418	0.61330	0.61334			6
2024.06.19	07:01:02.112	0.61331				2
2024.06.19	07:01:05.906		0.61332			4
2024.06.19	07:01:06.228		0.61334			4
2024.06.19	07:01:06.950		0.61332			4
2024.06.19	07:01:07.997		0.61334			4
2024.06.19	07:01:11.964	0.61330				2
2024.06.19	07:01:13.375	0.61331				2
2024.06.19	07:01:16.961	0.61330	0.61332			6
2024.06.19	07:01:17.685	0.61328	0.61331			6
2024.06.19	07:01:27.021	0.61327				2
2024.06.19	07:01:30.060		0.61330			4
2024.06.19	07:01:35.335	0.61328				2
2024.06.19	07:01:35.643	0.61327				2
2024.06.19	07:01:43.360	0.61325	0.61326			6
2024.06.19	07:01:43.814	0.61324	0.61327			6
2024.06.19	07:02:00.737	0.61324				2
2024.06.19	07:02:07.147	0.61325				2
2024.06.19	07:02:19.202	0.61323	0.61325			6
2024.06.19	07:02:21.514	0.61324				2
2024.06.19	07:02:27.249	0.61323				2
2024.06.19	07:02:29.100	0.61326	0.61329			6
2024.06.19	07:02:34.538	0.61327				2
2024.06.19	07:02:39.812		0.61330			4
2024.06.19	07:02:40.122	0.61326	0.61329			6
2024.06.19	07:02:41.906	0.61324	0.61326			6
2024.06.19	07:02:42.353	0.61325				2
2024.06.19	07:02:49.459	0.61326	0.61327			6
2024.06.19	07:02:53.371		0.61328			4
2024.06.19	07:02:58.421	0.61325				2
2024.06.19	07:02:59.825	0.61326				2
2024.06.19	07:03:00.259	0.61326				2
2024.06.19	07:03:00.884	0.61325				2
2024.06.19	07:03:04.782		0.61327			4
2024.06.19	07:03:07.661		0.61328			4
2024.06.19	07:03:08.378		0.61327			4
2024.06.19	07:03:15.856	0.61326	0.61328			6
2024.06.19	07:03:16.185		0.61327			4
2024.06.19	07:03:21.076	0.61325				2
2024.06.19	07:03:21.695		0.61328			4
2024.06.19	07:03:37.599		0.61327			4
2024.06.19	07:03:38.343	0.61326	0.61329			6
2024.06.19	07:03:38.652	0.61325	0.61328			6
2024.06.19	07:03:39.118		0.61327			4
2024.06.19	07:04:01.030	0.61325				2
2024.06.19	07:04:39.357		0.61327			4
2024.06.19	07:04:51.463	0.61326	0.61328			6
2024.06.19	07:05:00.033	0.61326				2
2024.06.19	07:05:05.559	0.61325	0.61327			6
2024.06.19	07:05:12.381	0.61328	0.61330			6
2024.06.19	07:05:12.718	0.61327				2
2024.06.19	07:05:13.947	0.61328				2
2024.06.19	07:05:18.073	0.61327				2
2024.06.19	07:05:20.452	0.61328				2
2024.06.19	07:05:21.199	0.61327				2
2024.06.19	07:05:21.868		0.61329			4
2024.06.19	07:05:22.174	0.61326				2
2024.06.19	07:05:34.332	0.61327				2
2024.06.19	07:05:38.049	0.61326				2
2024.06.19	07:05:54.835		0.61328			4
2024.06.19	07:06:00.184	0.61326				2
2024.06.19	07:06:01.101	0.61328	0.61331			6
2024.06.19	07:06:03.408	0.61326	0.61329			6
2024.06.19	07:06:08.149	0.61325	0.61326			6
2024.06.19	07:06:08.871	0.61324	0.61327			6
2024.06.19	07:06:13.174	0.61325				2
2024.06.19	07:06:13.944	0.61326				2
2024.06.19	07:06:19.903	0.61325				2
2024.06.19	07:06:47.882	0.61327	0.61329			6
2024.06.19	07:06:49.056		0.61330			4
2024.06.19	07:06:51.092		0.61329			4
2024.06.19	07:06:51.940	0.61328	0.61331			6
2024.06.19	07:06:52.878		0.61330			4
2024.06.19	07:06:53.672	0.61329	0.61331			6
2024.06.19	07:06:56.323	0.61328	0.61330			6
2024.06.19	07:06:58.406	0.61327	0.61329			6
2024.06.19	07:07:00.003	0.61327				2
2024.06.19	07:07:02.030	0.61325	0.61326			6
2024.06.19	07:07:03.426	0.61326	0.61328			6
2024.06.19	07:07:03.728		0.61327			4
2024.06.19	07:07:11.092	0.61325				2
2024.06.19	07:07:11.994	0.61323	0.61326			6
2024.06.19	07:07:15.138	0.61322	0.61325			6
2024.06.19	07:07:19.401	0.61323				2
2024.06.19	07:07:20.162	0.61322	0.61324			6
2024.06.19	07:07:21.058	0.61320	0.61322			6
2024.06.19	07:07:26.105	0.61321				2
2024.06.19	07:07:28.917		0.61324			4
2024.06.19	07:07:31.958	0.61322				2
2024.06.19	07:07:34.342	0.61323	0.61325			6
2024.06.19	07:07:34.659	0.61322	0.61324			6
2024.06.19	07:07:36.702		0.61325			4
2024.06.19	07:07:41.060	0.61323	0.61326			6
2024.06.19	07:07:42.292	0.61320	0.61323			6
2024.06.19	07:07:50.620	0.61318	0.61322			6
2024.06.19	07:07:52.155	0.61319				2
2024.06.19	07:07:52.468	0.61318				2
2024.06.19	07:07:56.924		0.61321			4
2024.06.19	07:07:57.227		0.61322			4
2024.06.19	07:08:00.550	0.61318				2
2024.06.19	07:08:02.426		0.61321			4
2024.06.19	07:08:03.497		0.61322			4
2024.06.19	07:08:05.040	0.61320				2
2024.06.19	07:08:06.083	0.61319				2
2024.06.19	07:08:24.221	0.61321				2
2024.06.19	07:08:25.161	0.61322	0.61323			6
2024.06.19	07:08:25.479	0.61320				2
2024.06.19	07:08:26.340	0.61321	0.61324			6
2024.06.19	07:08:27.429	0.61320	0.61322			6
2024.06.19	07:08:28.197	0.61319				2
2024.06.19	07:08:41.849		0.61321			4
2024.06.19	07:08:52.321	0.61318				2
2024.06.19	07:09:05.358	0.61318	0.61320			6
2024.06.19	07:09:05.660		0.61321			4
2024.06.19	07:09:08.896	0.61319				2
2024.06.19	07:09:13.583		0.61322			4
2024.06.19	07:09:29.280	0.61318				2
2024.06.19	07:09:29.618	0.61319				2
2024.06.19	07:09:36.870		0.61321			4
2024.06.19	07:09:46.500		0.61322			4
2024.06.19	07:09:47.850	0.61318				2
2024.06.19	07:09:55.380	0.61319				2
2024.06.19	07:09:55.687	0.61318	0.61321			6
2024.06.19	07:09:56.006		0.61322			4
2024.06.19	07:09:58.105	0.61319				2
2024.06.19	07:09:58.406	0.61320	0.61323			6
2024.06.19	07:10:00.357	0.61320				2
2024.06.19	07:10:02.741	0.61317	0.61319			6
2024.06.19	07:10:03.490		0.61320			4
2024.06.19	07:10:35.975	0.61318				2
2024.06.19	07:10:46.564	0.61316				2
2024.06.19	07:10:47.511		0.61319			4
2024.06.19	07:10:48.942	0.61317				2
2024.06.19	07:10:58.151		0.61320			4
2024.06.19	07:11:00.378	0.61317	0.61319			6
2024.06.19	07:11:01.129	0.61315	0.61316			6
2024.06.19	07:11:01.433		0.61318			4
2024.06.19	07:11:12.178		0.61317			4
2024.06.19	07:11:12.911		0.61318			4
2024.06.19	07:11:16.923		0.61319			4
2024.06.19	07:11:21.976		0.61318			4
2024.06.19	07:11:35.941		0.61319			4
2024.06.19	07:11:36.243		0.61318			4
2024.06.19	07:11:44.280		0.61317			4
2024.06.19	07:11:47.368	0.61314				2
2024.06.19	07:11:50.247	0.61315				2
2024.06.19	07:12:00.408	0.61315				2
2024.06.19	07:12:01.862	0.61317	0.61320			6
2024.06.19	07:12:02.251		0.61319			4
2024.06.19	07:12:03.413	0.61316				2
2024.06.19	07:12:10.692	0.61321	0.61322			6
2024.06.19	07:12:11.245	0.61320	0.61323			6
2024.06.19	07:12:11.727	0.61321	0.61324			6
2024.06.19	07:12:15.751	0.61322				2
2024.06.19	07:12:19.739	0.61323				2
2024.06.19	07:12:20.043	0.61322				2
2024.06.19	07:12:20.822	0.61323	0.61325			6
2024.06.19	07:12:22.081	0.61322				2
2024.06.19	07:12:23.261	0.61323				2
2024.06.19	07:12:25.627	0.61322	0.61324			6
2024.06.19	07:12:25.956		0.61325			4
2024.06.19	07:12:28.230	0.61324	0.61327			6
2024.06.19	07:12:33.078	0.61325	0.61328			6
2024.06.19	07:12:33.381		0.61327			4
2024.06.19	07:12:34.302		0.61328			4
2024.06.19	07:12:34.927		0.61327			4
2024.06.19	07:12:44.561		0.61328			4
2024.06.19	07:12:45.617	0.61324	0.61326			6
2024.06.19	07:12:46.247	0.61323				2
2024.06.19	07:12:46.815	0.61324				2
2024.06.19	07:12:53.689	0.61323				2
2024.06.19	07:12:54.701	0.61324				2
2024.06.19	07:13:00.338	0.61324				2
2024.06.19	07:13:04.828	0.61323				2
2024.06.19	07:13:10.461	0.61324				2
2024.06.19	07:13:13.862	0.61323				2
2024.06.19	07:13:14.986	0.61324				2
2024.06.19	07:13:16.117	0.61323				2
2024.06.19	07:13:17.242	0.61324				2
2024.06.19	07:13:31.407	0.61325	0.61328			6
2024.06.19	07:13:31.875	0.61326				2
2024.06.19	07:13:35.342	0.61328	0.61329			6
2024.06.19	07:13:35.646	0.61326	0.61328			6
2024.06.19	07:13:36.743	0.61325	0.61327			6
2024.06.19	07:13:41.837		0.61328			4
2024.06.19	07:13:43.920	0.61326				2
2024.06.19	07:13:44.249	0.61325				2
2024.06.19	07:13:46.056	0.61326				2
2024.06.19	07:13:55.581	0.61325				2
2024.06.19	07:13:56.300	0.61326				2
2024.06.19	07:13:56.606	0.61325				2
2024.06.19	07:13:58.960		0.61327			4
2024.06.19	07:13:59.643		0.61328			4
2024.06.19	07:14:00.578	0.61325				2
2024.06.19	07:14:02.390		0.61327			4
2024.06.19	07:14:03.459		0.61328			4
2024.06.19	07:14:04.114	0.61326				2
2024.06.19	07:14:05.932	0.61325				2
2024.06.19	07:14:07.303		0.61327			4
2024.06.19	07:14:09.240		0.61328			4
2024.06.19	07:14:11.296	0.61326	0.61329			6
2024.06.19	07:14:11.602	0.61327				2
2024.06.19	07:14:11.949	0.61326	0.61328			6
2024.06.19	07:14:12.259	0.61327	0.61329			6
2024.06.19	07:14:14.032	0.61326				2
2024.06.19	07:14:30.737		0.61328			4
2024.06.19	07:14:32.579	0.61327	0.61329			6
2024.06.19	07:14:40.643		0.61330			4
2024.06.19	07:14:45.824		0.61331			4
2024.06.19	07:14:47.794		0.61330			4
2024.06.19	07:14:49.002		0.61329			4
2024.06.19	07:14:52.475		0.61330			4
2024.06.19	07:14:53.597	0.61328				2
2024.06.19	07:14:55.620	0.61331	0.61333			6
2024.06.19	07:14:58.439	0.61330				2
2024.06.19	07:14:59.981	0.61332	0.61335			6
2024.06.19	07:15:00.285	0.61332				2
2024.06.19	07:15:05.383	0.61333				2
2024.06.19	07:15:12.063	0.61336	0.61338			6
2024.06.19	07:15:12.375	0.61337				2
2024.06.19	07:15:12.732		0.61339			4
2024.06.19	07:15:13.042		0.61338			4
2024.06.19	07:15:19.733	0.61338	0.61339			6
2024.06.19	07:15:20.036	0.61337	0.61338			6
2024.06.19	07:15:21.963	0.61336	0.61337			6
2024.06.19	07:15:22.343	0.61335				2
2024.06.19	07:15:22.647	0.61336				2
2024.06.19	07:15:25.443	0.61335				2
2024.06.19	07:15:26.874	0.61336				2
2024.06.19	07:15:28.914	0.61335				2
2024.06.19	07:15:29.372	0.61336				2
2024.06.19	07:15:31.643		0.61339			4
2024.06.19	07:15:32.101	0.61337				2
2024.06.19	07:15:34.122		0.61338			4
2024.06.19	07:15:38.623	0.61336				2
2024.06.19	07:15:40.345	0.61335	0.61337			6
2024.06.19	07:15:44.986	0.61334				2
2024.06.19	07:15:46.795	0.61335				2
2024.06.19	07:15:47.351	0.61337	0.61340			6
2024.06.19	07:15:49.463		0.61339			4
2024.06.19	07:15:51.667	0.61335	0.61338			6
2024.06.19	07:15:53.046	0.61336				2
2024.06.19	07:16:00.453	0.61334	0.61336			6
2024.06.19	07:16:00.896	0.61331	0.61334			6
2024.06.19	07:16:13.295		0.61332			4
2024.06.19	07:16:13.599		0.61333			4
2024.06.19	07:16:21.341	0.61328	0.61329			6
2024.06.19	07:16:21.644		0.61330			4
2024.06.19	07:16:32.662	0.61329	0.61332			6
2024.06.19	07:16:33.425	0.61327	0.61330			6
2024.06.19	07:16:40.405		0.61329			4
2024.06.19	07:16:40.836		0.61330			4
2024.06.19	07:16:44.414	0.61328				2
2024.06.19	07:16:48.827	0.61327				2
2024.06.19	07:16:49.383	0.61328				2
2024.06.19	07:16:52.406	0.61327	0.61331			6
2024.06.19	07:16:54.618	0.61331	0.61334			6
2024.06.19	07:16:55.755		0.61335			4
2024.06.19	07:17:00.511	0.61331				2
2024.06.19	07:17:10.699	0.61330	0.61333			6
2024.06.19	07:17:16.273	0.61335	0.61338			6
2024.06.19	07:17:16.584		0.61337			4
2024.06.19	07:17:16.909	0.61336				2
2024.06.19	07:17:23.406	0.61334	0.61336			6
2024.06.19	07:17:23.712	0.61332	0.61334			6
2024.06.19	07:17:28.919	0.61331				2
2024.06.19	07:17:41.822	0.61333				2
2024.06.19	07:17:43.056	0.61331				2
2024.06.19	07:17:54.933	0.61332				2
2024.06.19	07:17:55.733	0.61331				2
2024.06.19	07:18:00.674	0.61331				2
2024.06.19	07:18:10.880	0.61332				2
2024.06.19	07:18:14.781	0.61334	0.61337			6
2024.06.19	07:18:15.082		0.61336			4
2024.06.19	07:18:15.384	0.61333	0.61335			6
2024.06.19	07:18:16.325		0.61336			4
2024.06.19	07:18:19.548		0.61335			4
2024.06.19	07:18:21.846	0.61331	0.61334			6
2024.06.19	07:18:29.796	0.61332	0.61335			6
2024.06.19	07:18:30.589	0.61331	0.61334			6
2024.06.19	07:18:32.080	0.61332	0.61335			6
2024.06.19	07:18:32.686	0.61333				2
2024.06.19	07:18:46.653	0.61332	0.61334			6
2024.06.19	07:18:51.305	0.61333	0.61335			6
2024.06.19	07:18:58.136	0.61332				2
2024.06.19	07:19:00.228	0.61331	0.61334			6
2024.06.19	07:19:00.552		0.61333			4
2024.06.19	07:19:08.497	0.61330				2
2024.06.19	07:19:09.646		0.61332			4
2024.06.19	07:19:09.967	0.61329				2
2024.06.19	07:19:13.547	0.61331				2
2024.06.19	07:19:14.051	0.61329				2
2024.06.19	07:19:18.887		0.61331			4
2024.06.19	07:19:20.016		0.61332			4
2024.06.19	07:19:22.299	0.61331	0.61333			6
2024.06.19	07:19:22.612		0.61332			4
2024.06.19	07:19:22.940	0.61330				2
2024.06.19	07:19:24.693	0.61329				2
2024.06.19	07:19:27.690	0.61330				2
2024.06.19	07:19:28.011	0.61329				2
2024.06.19	07:19:33.324	0.61330				2
2024.06.19	07:19:33.650	0.61329				2
2024.06.19	07:19:34.667	0.61330				2
2024.06.19	07:19:35.793	0.61329				2
2024.06.19	07:19:41.426	0.61330				2
2024.06.19	07:19:41.746	0.61329				2
2024.06.19	07:19:42.135	0.61331	0.61334			6
2024.06.19	07:19:44.065	0.61330	0.61332			6
2024.06.19	07:19:44.407	0.61329	0.61331			6
2024.06.19	07:19:47.159		0.61332			4
2024.06.19	07:19:51.874		0.61331			4
2024.06.19	07:19:52.985		0.61332			4
2024.06.19	07:19:55.116		0.61331			4
2024.06.19	07:19:56.292		0.61332			4
2024.06.19	07:19:59.254		0.61331			4
2024.06.19	07:19:59.597		0.61332			4
2024.06.19	07:20:00.539	0.61329				2
2024.06.19	07:20:01.026		0.61331			4
2024.06.19	07:20:02.847	0.61328	0.61330			6
2024.06.19	07:20:10.137		0.61329			4
2024.06.19	07:20:40.582		0.61330			4
2024.06.19	07:20:42.340		0.61331			4
2024.06.19	07:20:46.607		0.61329			4
2024.06.19	07:20:47.727	0.61326	0.61328			6
2024.06.19	07:20:52.256	0.61325				2
2024.06.19	07:20:52.630		0.61327			4
2024.06.19	07:20:53.131		0.61326			4
2024.06.19	07:20:53.433		0.61327			4
2024.06.19	07:20:54.658	0.61324				2
2024.06.19	07:20:56.345		0.61326			4
2024.06.19	07:20:58.335		0.61327			4
2024.06.19	07:21:00.452	0.61324	0.61325			6
2024.06.19	07:21:06.031		0.61326			4
2024.06.19	07:21:08.239		0.61325			4
2024.06.19	07:21:11.111	0.61323	0.61324			6
2024.06.19	07:21:55.848	0.61320	0.61322			6
2024.06.19	07:21:56.528	0.61321				2
2024.06.19	07:21:56.902		0.61323			4
2024.06.19	07:21:58.084	0.61323	0.61324			6
2024.06.19	07:22:00.142	0.61323				2
2024.06.19	07:22:01.897		0.61325			4
2024.06.19	07:22:02.914		0.61324			4
2024.06.19	07:22:31.220		0.61325			4
2024.06.19	07:22:31.688		0.61324			4
2024.06.19	07:22:39.966		0.61325			4
2024.06.19	07:22:45.168	0.61324	0.61327			6
2024.06.19	07:23:00.456	0.61324				2
2024.06.19	07:23:00.844		0.61326			4
2024.06.19	07:23:02.862		0.61325			4
2024.06.19	07:23:03.753		0.61326			4
2024.06.19	07:23:34.172		0.61327			4
