<DATE>	<TIME>	<BID>	<ASK>	<LAST>	<VOLUME>	<FLAGS>
2024.11.11	00:00:00.414	0.59600	0.59800			6
2024.11.11	00:00:31.210		0.59784			4
2024.11.11	00:01:03.480	0.59597				2
2024.11.11	00:01:10.505	0.59596				2
2024.11.11	00:01:17.633		0.59779			4
2024.11.11	00:01:26.020	0.59624	0.59739			6
2024.11.11	00:01:32.191	0.59596	0.59779			6
2024.11.11	00:02:11.128	0.59596				2
2024.11.11	00:02:33.507		0.59779			4
2024.11.11	00:02:38.818	0.59594	0.59674			6
2024.11.11	00:03:01.104	0.59594				2
2024.11.11	00:03:20.674	0.59569				2
2024.11.11	00:03:29.961	0.59540				2
2024.11.11	00:03:40.818	0.59542	0.59664			6
2024.11.11	00:03:41.779	0.59423	0.59623			6
2024.11.11	00:03:42.445	0.59434	0.59634			6
2024.11.11	00:03:52.920	0.59437	0.59637			6
2024.11.11	00:03:54.027	0.59436	0.59636			6
2024.11.11	00:04:09.839	0.59426	0.59626			6
2024.11.11	00:04:25.876	0.59493	0.59644			6
2024.11.11	00:04:29.709	0.59496	0.59634			6
2024.11.11	00:04:38.699	0.59464				2
2024.11.11	00:04:41.175	0.59467	0.59644			6
2024.11.11	00:05:02.295	0.59467				2
2024.11.11	00:05:03.539	0.59470				2
2024.11.11	00:05:10.938	0.59467				2
2024.11.11	00:05:16.870	0.59469				2
2024.11.11	00:05:33.698	0.59472				2
2024.11.11	00:05:42.735		0.59644			4
2024.11.11	00:05:47.740	0.59460				2
2024.11.11	00:05:48.561	0.59463				2
2024.11.11	00:05:52.637	0.59560				2
2024.11.11	00:06:00.180	0.59556	0.59634			6
2024.11.11	00:06:01.156	0.59560	0.59644			6
2024.11.11	00:06:01.726	0.59559				2
2024.11.11	00:06:02.558	0.59560				2
2024.11.11	00:06:09.164	0.59559				2
2024.11.11	00:06:09.487	0.59560				2
2024.11.11	00:06:11.921	0.59559				2
2024.11.11	00:06:12.444		0.59642			4
2024.11.11	00:06:13.066	0.59560				2
2024.11.11	00:06:19.633	0.59559				2
2024.11.11	00:06:20.416	0.59560				2
2024.11.11	00:06:22.499	0.59558	0.59635			6
2024.11.11	00:06:25.517	0.59555	0.59640			6
2024.11.11	00:06:29.642	0.59554				2
2024.11.11	00:06:30.232	0.59556				2
2024.11.11	00:06:30.718	0.59555	0.59644			6
2024.11.11	00:06:33.122	0.59554				2
2024.11.11	00:06:33.442	0.59555				2
2024.11.11	00:06:37.989	0.59554				2
2024.11.11	00:06:39.402	0.59555				2
2024.11.11	00:06:41.318	0.59556				2
2024.11.11	00:06:45.465	0.59555				2
2024.11.11	00:06:45.917	0.59556				2
2024.11.11	00:06:51.950	0.59555				2
2024.11.11	00:06:56.062	0.59570				2
2024.11.11	00:07:00.519	0.59570				2
2024.11.11	00:07:00.928	0.59573				2
2024.11.11	00:07:10.925	0.59609	0.59675			6
2024.11.11	00:07:11.257	0.59614				2
2024.11.11	00:07:11.571		0.59682			4
2024.11.11	00:07:12.262		0.59678			4
2024.11.11	00:07:14.495		0.59677			4
2024.11.11	00:07:14.819		0.59678			4
2024.11.11	00:07:18.488		0.59676			4
2024.11.11	00:07:18.825		0.59677			4
2024.11.11	00:07:24.295	0.59622	0.59674			6
2024.11.11	00:07:24.868		0.59673			4
2024.11.11	00:07:25.961		0.59675			4
2024.11.11	00:07:35.329		0.59673			4
2024.11.11	00:07:43.814		0.59672			4
2024.11.11	00:07:48.019		0.59673			4
2024.11.11	00:07:54.330		0.59672			4
2024.11.11	00:08:00.314	0.59598				2
2024.11.11	00:08:00.619		0.59673			4
2024.11.11	00:08:01.572		0.59674			4
2024.11.11	00:08:02.455		0.59683			4
2024.11.11	00:08:06.440		0.59684			4
2024.11.11	00:08:36.337		0.59683			4
2024.11.11	00:08:59.420		0.59682			4
2024.11.11	00:09:01.065	0.59598				2
2024.11.11	00:09:27.251		0.59681			4
2024.11.11	00:09:53.068		0.59682			4
2024.11.11	00:09:56.079		0.59683			4
2024.11.11	00:10:00.317	0.59598				2
2024.11.11	00:10:03.615		0.59682			4
2024.11.11	00:10:06.318		0.59683			4
2024.11.11	00:10:08.922		0.59684			4
2024.11.11	00:10:09.963		0.59683			4
2024.11.11	00:10:13.343		0.59682			4
2024.11.11	00:10:53.533		0.59681			4
2024.11.11	00:10:57.027		0.59682			4
2024.11.11	00:11:00.335	0.59598				2
2024.11.11	00:11:04.520		0.59681			4
2024.11.11	00:11:05.741		0.59682			4
2024.11.11	00:11:16.520		0.59681			4
2024.11.11	00:11:28.917	0.59599				2
2024.11.11	00:11:30.180	0.59598				2
2024.11.11	00:11:47.992		0.59679			4
2024.11.11	00:11:56.514		0.59680			4
2024.11.11	00:11:57.727		0.59681			4
2024.11.11	00:12:00.631	0.59598				2
2024.11.11	00:12:01.871		0.59680			4
2024.11.11	00:12:03.025		0.59681			4
2024.11.11	00:12:06.616		0.59680			4
2024.11.11	00:12:07.843		0.59681			4
2024.11.11	00:12:09.919		0.59680			4
2024.11.11	00:12:13.837		0.59679			4
2024.11.11	00:12:15.777		0.59680			4
2024.11.11	00:12:16.527		0.59679			4
2024.11.11	00:12:19.353		0.59680			4
2024.11.11	00:12:34.780		0.59691			4
2024.11.11	00:12:36.334		0.59690			4
2024.11.11	00:12:39.946		0.59691			4
2024.11.11	00:12:44.901		0.59693			4
2024.11.11	00:12:45.299		0.59694			4
2024.11.11	00:12:46.364		0.59695			4
2024.11.11	00:12:47.586		0.59704			4
2024.11.11	00:12:48.464		0.59706			4
2024.11.11	00:12:48.775		0.59709			4
2024.11.11	00:12:49.584		0.59705			4
2024.11.11	00:12:54.929	0.59600				2
2024.11.11	00:13:00.360	0.59600	0.59704			6
2024.11.11	00:13:01.216		0.59703			4
2024.11.11	00:13:05.333	0.59598	0.59698			6
2024.11.11	00:13:05.669	0.59600				2
2024.11.11	00:13:09.919		0.59697			4
2024.11.11	00:13:12.132		0.59698			4
2024.11.11	00:13:15.356		0.59699			4
2024.11.11	00:13:25.580	0.59598	0.59695			6
2024.11.11	00:13:26.113		0.59692			4
2024.11.11	00:13:26.493		0.59693			4
2024.11.11	00:13:28.436		0.59696			4
2024.11.11	00:13:35.669		0.59695			4
2024.11.11	00:13:36.325		0.59692			4
2024.11.11	00:13:37.821		0.59693			4
2024.11.11	00:13:39.051		0.59695			4
2024.11.11	00:13:40.388		0.59694			4
2024.11.11	00:13:41.972		0.59695			4
2024.11.11	00:13:43.652		0.59699			4
2024.11.11	00:13:44.298		0.59695			4
2024.11.11	00:14:01.533	0.59598				2
2024.11.11	00:14:08.122		0.59694			4
2024.11.11	00:14:33.221	0.59618	0.59693			6
2024.11.11	00:14:33.529		0.59697			4
2024.11.11	00:14:36.218		0.59698			4
2024.11.11	00:14:37.854		0.59699			4
2024.11.11	00:15:00.522	0.59618				2
2024.11.11	00:15:00.907		0.59700			4
2024.11.11	00:15:02.528		0.59701			4
2024.11.11	00:15:18.182	0.59603	0.59705			6
2024.11.11	00:15:18.679		0.59709			4
2024.11.11	00:15:19.682		0.59710			4
2024.11.11	00:15:24.535	0.59618				2
2024.11.11	00:15:30.031		0.59711			4
2024.11.11	00:15:31.146		0.59710			4
2024.11.11	00:15:37.708		0.59711			4
2024.11.11	00:15:39.802		0.59712			4
2024.11.11	00:15:40.694		0.59708			4
2024.11.11	00:15:42.089		0.59707			4
2024.11.11	00:15:44.310		0.59708			4
2024.11.11	00:15:46.516		0.59707			4
2024.11.11	00:15:48.027	0.59615	0.59714			6
2024.11.11	00:15:57.750		0.59716			4
2024.11.11	00:15:58.234	0.59618	0.59719			6
2024.11.11	00:16:00.331	0.59618				2
2024.11.11	00:16:58.360		0.59719			4
2024.11.11	00:17:02.701	0.59618				2
2024.11.11	00:18:01.070	0.59618	0.59719			6
2024.11.11	00:18:36.442		0.59720			4
2024.11.11	00:18:36.911	0.59616	0.59715			6
2024.11.11	00:18:37.312	0.59620	0.59730			6
2024.11.11	00:18:37.914	0.59617	0.59717			6
2024.11.11	00:18:38.413	0.59620	0.59725			6
2024.11.11	00:18:38.848	0.59617	0.59719			6
2024.11.11	00:18:40.585	0.59616	0.59711			6
2024.11.11	00:18:41.087	0.59620	0.59723			6
2024.11.11	00:18:41.553	0.59617	0.59717			6
2024.11.11	00:18:45.972	0.59622	0.59728			6
2024.11.11	00:18:46.379	0.59620	0.59727			6
2024.11.11	00:18:46.838		0.59725			4
2024.11.11	00:18:50.773	0.59617	0.59722			6
2024.11.11	00:19:00.982	0.59617	0.59726			6
2024.11.11	00:19:02.952		0.59725			4
2024.11.11	00:19:11.191	0.59625	0.59727			6
2024.11.11	00:19:11.733	0.59627	0.59725			6
2024.11.11	00:19:14.214	0.59628	0.59723			6
2024.11.11	00:19:21.411		0.59722			4
2024.11.11	00:19:23.724		0.59723			4
2024.11.11	00:19:38.860	0.59635	0.59714			6
2024.11.11	00:19:41.812		0.59715			4
2024.11.11	00:19:42.755		0.59722			4
2024.11.11	00:19:48.620		0.59721			4
2024.11.11	00:19:51.940	0.59634				2
2024.11.11	00:19:56.322		0.59722			4
2024.11.11	00:20:00.412	0.59634				2
2024.11.11	00:20:00.926	0.59635	0.59724			6
2024.11.11	00:20:02.620		0.59723			4
2024.11.11	00:20:05.038	0.59636	0.59725			6
2024.11.11	00:20:10.721	0.59637				2
2024.11.11	00:20:12.016		0.59726			4
2024.11.11	00:20:12.425	0.59636				2
2024.11.11	00:20:12.879		0.59725			4
2024.11.11	00:20:15.162	0.59644	0.59727			6
2024.11.11	00:20:18.432		0.59728			4
2024.11.11	00:20:20.354	0.59641				2
2024.11.11	00:20:20.669	0.59640				2
2024.11.11	00:20:22.632	0.59636				2
2024.11.11	00:20:40.812	0.59641	0.59726			6
2024.11.11	00:20:44.430		0.59727			4
2024.11.11	00:20:53.254	0.59640	0.59725			6
2024.11.11	00:20:53.692		0.59726			4
2024.11.11	00:20:54.824		0.59727			4
2024.11.11	00:20:55.514	0.59636	0.59728			6
2024.11.11	00:20:56.324		0.59730			4
2024.11.11	00:21:00.028	0.59636				2
2024.11.11	00:21:00.421		0.59727			4
2024.11.11	00:21:03.459		0.59725			4
2024.11.11	00:21:05.128		0.59724			4
2024.11.11	00:21:05.957		0.59722			4
2024.11.11	00:21:13.018		0.59724			4
2024.11.11	00:21:14.688		0.59727			4
2024.11.11	00:21:15.156		0.59728			4
2024.11.11	00:21:18.033	0.59635				2
2024.11.11	00:21:18.702	0.59636				2
2024.11.11	00:21:20.895		0.59729			4
2024.11.11	00:21:23.780	0.59637				2
2024.11.11	00:21:24.311	0.59636	0.59728			6
2024.11.11	00:21:28.367	0.59637	0.59729			6
2024.11.11	00:21:29.837	0.59638				2
2024.11.11	00:21:32.269	0.59641	0.59733			6
2024.11.11	00:21:42.584	0.59639	0.59732			6
2024.11.11	00:21:46.462	0.59631	0.59722			6
2024.11.11	00:21:58.816		0.59721			4
2024.11.11	00:22:00.626	0.59631				2
2024.11.11	00:22:02.283	0.59632	0.59722			6
2024.11.11	00:22:03.733		0.59723			4
2024.11.11	00:22:05.490	0.59629	0.59719			6
2024.11.11	00:22:06.046	0.59628				2
2024.11.11	00:22:10.830	0.59629				2
2024.11.11	00:22:14.421		0.59718			4
2024.11.11	00:22:42.847	0.59617	0.59707			6
2024.11.11	00:22:43.765	0.59620				2
2024.11.11	00:22:45.061		0.59709			4
2024.11.11	00:22:46.828		0.59708			4
2024.11.11	00:22:49.972	0.59618	0.59706			6
2024.11.11	00:22:57.003	0.59617				2
2024.11.11	00:22:59.252	0.59616	0.59703			6
2024.11.11	00:23:00.428	0.59616				2
2024.11.11	00:23:08.423	0.59617				2
2024.11.11	00:23:15.489	0.59612	0.59698			6
2024.11.11	00:23:23.720	0.59613				2
2024.11.11	00:23:37.048	0.59612	0.59696			6
2024.11.11	00:23:39.234	0.59611				2
2024.11.11	00:23:40.827	0.59612				2
2024.11.11	00:23:58.536		0.59695			4
2024.11.11	00:24:00.942	0.59612				2
2024.11.11	00:24:13.610	0.59607	0.59676			6
2024.11.11	00:24:15.730	0.59606				2
2024.11.11	00:24:17.116	0.59607				2
2024.11.11	00:24:18.918	0.59606				2
2024.11.11	00:24:30.733	0.59609				2
2024.11.11	00:24:43.432	0.59556				2
2024.11.11	00:24:44.724	0.59558				2
2024.11.11	00:24:45.319	0.59561				2
2024.11.11	00:24:45.919	0.59564				2
2024.11.11	00:24:46.524	0.59566				2
2024.11.11	00:24:47.121	0.59569				2
2024.11.11	00:24:47.720	0.59571				2
2024.11.11	00:24:48.323	0.59573				2
2024.11.11	00:24:48.914	0.59576				2
2024.11.11	00:24:49.523	0.59577				2
2024.11.11	00:24:50.143	0.59578				2
2024.11.11	00:24:50.717	0.59580				2
2024.11.11	00:24:51.942	0.59581				2
2024.11.11	00:24:52.819	0.59590	0.59692			6
2024.11.11	00:24:53.164	0.59591				2
2024.11.11	00:24:54.018	0.59592				2
2024.11.11	00:24:54.915	0.59593				2
2024.11.11	00:24:57.616	0.59594				2
2024.11.11	00:24:59.118	0.59595				2
2024.11.11	00:25:00.317	0.59595				2
2024.11.11	00:25:01.516	0.59596				2
2024.11.11	00:25:02.533	0.59597	0.59694			6
2024.11.11	00:25:04.225	0.59598				2
2024.11.11	00:25:09.916	0.59599				2
2024.11.11	00:25:44.415	0.59536	0.59705			6
2024.11.11	00:25:44.725	0.59538				2
2024.11.11	00:25:45.047	0.59539				2
2024.11.11	00:25:45.619	0.59541	0.59709			6
2024.11.11	00:25:46.036	0.59543				2
2024.11.11	00:25:46.492	0.59545				2
2024.11.11	00:25:46.824	0.59547				2
2024.11.11	00:25:47.141	0.59549				2
2024.11.11	00:25:47.831	0.59550				2
2024.11.11	00:25:48.326	0.59552	0.59664			6
2024.11.11	00:25:48.628	0.59546				2
2024.11.11	00:25:49.028	0.59547				2
2024.11.11	00:25:49.331	0.59550				2
2024.11.11	00:25:49.836	0.59553				2
2024.11.11	00:25:50.531	0.59556				2
2024.11.11	00:25:51.135	0.59559				2
2024.11.11	00:25:51.730	0.59561				2
2024.11.11	00:25:52.329	0.59564				2
2024.11.11	00:25:53.140	0.59566				2
2024.11.11	00:25:53.722	0.59567				2
2024.11.11	00:25:54.032	0.59568				2
2024.11.11	00:25:54.621	0.59570				2
2024.11.11	00:25:55.824	0.59572				2
2024.11.11	00:25:56.424	0.59573				2
2024.11.11	00:25:57.319	0.59575				2
2024.11.11	00:25:58.521	0.59576				2
2024.11.11	00:25:59.714	0.59578				2
2024.11.11	00:26:00.041	0.59579				2
2024.11.11	00:26:01.222	0.59580				2
2024.11.11	00:26:02.119	0.59591	0.59698			6
2024.11.11	00:26:04.215	0.59592				2
2024.11.11	00:26:06.131		0.59694			4
2024.11.11	00:26:07.936	0.59590	0.59693			6
2024.11.11	00:26:09.049		0.59689			4
2024.11.11	00:26:11.234	0.59591				2
2024.11.11	00:26:12.620	0.59592				2
2024.11.11	00:27:00.340	0.59592				2
2024.11.11	00:27:09.201		0.59689			4
2024.11.11	00:27:54.628		0.59690			4
2024.11.11	00:27:59.112	0.59593	0.59682			6
2024.11.11	00:28:00.928	0.59593				2
2024.11.11	00:28:01.576	0.59592				2
2024.11.11	00:28:02.212	0.59593				2
2024.11.11	00:28:11.919	0.59592				2
2024.11.11	00:28:32.235	0.59593				2
2024.11.11	00:28:56.424	0.59594				2
2024.11.11	00:28:59.404	0.59593	0.59682			6
2024.11.11	00:29:00.959	0.59593				2
2024.11.11	00:29:01.872	0.59594				2
2024.11.11	00:29:04.383	0.59591	0.59674			6
2024.11.11	00:29:10.518	0.59590				2
2024.11.11	00:29:17.538	0.59592				2
2024.11.11	00:29:33.841	0.59590				2
2024.11.11	00:29:41.422	0.59591				2
2024.11.11	00:29:53.729	0.59590				2
2024.11.11	00:30:00.380	0.59593	0.59636			6
2024.11.11	00:30:02.052		0.59657			4
2024.11.11	00:30:03.050		0.59664			4
2024.11.11	00:30:04.051	0.59594	0.59663			6
2024.11.11	00:30:04.924	0.59593	0.59674			6
2024.11.11	00:30:06.244		0.59662			4
2024.11.11	00:30:07.402		0.59666			4
2024.11.11	00:30:08.527	0.59594				2
2024.11.11	00:30:08.904		0.59670			4
2024.11.11	00:30:09.626		0.59673			4
2024.11.11	00:30:10.735	0.59595	0.59674			6
2024.11.11	00:30:11.113	0.59594				2
2024.11.11	00:30:11.978		0.59669			4
2024.11.11	00:30:12.980		0.59672			4
2024.11.11	00:30:13.993		0.59670			4
2024.11.11	00:30:15.021		0.59674			4
2024.11.11	00:30:16.216	0.59593				2
2024.11.11	00:30:17.428	0.59594				2
2024.11.11	00:30:29.310	0.59595				2
2024.11.11	00:30:33.915	0.59606				2
2024.11.11	00:30:34.237	0.59599				2
2024.11.11	00:30:35.659	0.59586				2
2024.11.11	00:30:37.385	0.59585				2
2024.11.11	00:30:37.832	0.59584				2
2024.11.11	00:30:39.204	0.59583				2
2024.11.11	00:30:40.218	0.59582				2
2024.11.11	00:30:42.018	0.59581				2
2024.11.11	00:30:45.021	0.59587				2
2024.11.11	00:30:46.353	0.59591				2
2024.11.11	00:30:48.197	0.59587	0.59672			6
2024.11.11	00:30:49.122	0.59590	0.59674			6
2024.11.11	00:30:52.441	0.59585				2
2024.11.11	00:30:54.468	0.59591				2
2024.11.11	00:30:56.636	0.59589	0.59666			6
2024.11.11	00:30:59.442		0.59674			4
2024.11.11	00:30:59.853	0.59579	0.59659			6
2024.11.11	00:31:00.660	0.59578				2
2024.11.11	00:31:01.077	0.59598	0.59658			6
2024.11.11	00:31:01.417	0.59593				2
2024.11.11	00:31:02.145	0.59588				2
2024.11.11	00:31:03.147	0.59578				2
2024.11.11	00:31:04.391		0.59644			4
2024.11.11	00:31:05.241	0.59594				2
2024.11.11	00:31:06.523	0.59593				2
2024.11.11	00:31:07.821	0.59594				2
2024.11.11	00:31:09.441	0.59586	0.59654			6
2024.11.11	00:31:11.242	0.59590	0.59661			6
2024.11.11	00:31:13.525	0.59589				2
2024.11.11	00:31:15.553		0.59654			4
2024.11.11	00:31:20.349	0.59591				2
2024.11.11	00:31:27.800	0.59588				2
2024.11.11	00:31:28.799	0.59573				2
2024.11.11	00:31:29.393	0.59572				2
2024.11.11	00:31:30.205	0.59571				2
2024.11.11	00:31:31.814	0.59570				2
2024.11.11	00:31:32.422	0.59571				2
2024.11.11	00:31:33.485	0.59570				2
2024.11.11	00:31:36.617	0.59571				2
2024.11.11	00:31:38.730	0.59579	0.59653			6
2024.11.11	00:31:39.649	0.59571	0.59644			6
2024.11.11	00:31:40.743		0.59653			4
2024.11.11	00:31:41.730	0.59572				2
2024.11.11	00:31:42.941	0.59574				2
2024.11.11	00:31:43.931	0.59575				2
2024.11.11	00:31:46.666	0.59587	0.59654			6
2024.11.11	00:31:48.770		0.59646			4
2024.11.11	00:31:54.247	0.59568	0.59644			6
2024.11.11	00:31:55.423	0.59571				2
2024.11.11	00:31:58.926	0.59587				2
2024.11.11	00:32:00.436	0.59587				2
2024.11.11	00:32:04.218	0.59588				2
2024.11.11	00:32:06.825	0.59589				2
2024.11.11	00:32:08.894	0.59586				2
2024.11.11	00:32:09.407	0.59589				2
2024.11.11	00:32:10.097	0.59590				2
2024.11.11	00:32:10.550	0.59595				2
2024.11.11	00:32:12.418	0.59591				2
2024.11.11	00:32:14.726	0.59592				2
2024.11.11	00:32:15.048	0.59594				2
2024.11.11	00:32:16.150	0.59593				2
2024.11.11	00:32:19.277		0.59654			4
2024.11.11	00:32:21.056	0.59592				2
2024.11.11	00:32:22.419	0.59593				2
2024.11.11	00:32:24.276	0.59595				2
2024.11.11	00:32:25.322	0.59594				2
2024.11.11	00:32:26.360	0.59589				2
2024.11.11	00:32:30.991	0.59590				2
2024.11.11	00:32:33.302	0.59587	0.59646			6
2024.11.11	00:32:34.664	0.59586				2
2024.11.11	00:32:35.674	0.59594				2
2024.11.11	00:32:41.061		0.59654			4
2024.11.11	00:32:42.822	0.59595				2
2024.11.11	00:32:45.830	0.59581	0.59651			6
2024.11.11	00:32:50.131	0.59595	0.59654			6
2024.11.11	00:32:51.697	0.59596				2
2024.11.11	00:32:54.808		0.59648			4
2024.11.11	00:32:56.118	0.59597				2
2024.11.11	00:32:58.706	0.59588	0.59644			6
2024.11.11	00:32:59.011		0.59648			4
2024.11.11	00:33:00.262	0.59588	0.59654			6
2024.11.11	00:33:01.065	0.59589				2
2024.11.11	00:33:01.380	0.59592	0.59648			6
2024.11.11	00:33:02.043		0.59647			4
2024.11.11	00:33:02.529	0.59593				2
2024.11.11	00:33:06.022	0.59592				2
2024.11.11	00:33:06.900	0.59589				2
2024.11.11	00:33:07.244	0.59598	0.59654			6
2024.11.11	00:33:10.592	0.59600				2
2024.11.11	00:33:19.673	0.59599				2
2024.11.11	00:33:23.675	0.59600				2
2024.11.11	00:33:25.668	0.59601				2
2024.11.11	00:33:27.666	0.59599	0.59658			6
2024.11.11	00:33:29.554	0.59605	0.59657			6
2024.11.11	00:33:31.572	0.59607				2
2024.11.11	00:33:32.673	0.59608				2
2024.11.11	00:33:36.678	0.59615	0.59654			6
2024.11.11	00:33:39.343	0.59614				2
2024.11.11	00:33:40.364	0.59617				2
2024.11.11	00:33:40.712	0.59612				2
2024.11.11	00:33:46.546	0.59613				2
2024.11.11	00:33:47.728	0.59617				2
2024.11.11	00:33:54.035	0.59612				2
2024.11.11	00:33:56.351	0.59614				2
2024.11.11	00:34:00.367	0.59614				2
2024.11.11	00:34:07.813	0.59617				2
2024.11.11	00:34:08.828	0.59618				2
2024.11.11	00:34:25.669	0.59617				2
2024.11.11	00:34:37.842		0.59654			4
2024.11.11	00:34:39.682	0.59618				2
2024.11.11	00:34:42.672	0.59617				2
2024.11.11	00:35:01.741	0.59617				2
2024.11.11	00:35:29.312	0.59608				2
2024.11.11	00:35:39.509	0.59619	0.59654			6
2024.11.11	00:35:40.714	0.59609				2
2024.11.11	00:36:01.833	0.59609				2
2024.11.11	00:36:22.501	0.59617				2
2024.11.11	00:36:23.634	0.59616				2
2024.11.11	00:36:25.678	0.59615				2
2024.11.11	00:36:33.686	0.59614				2
2024.11.11	00:36:40.825		0.59654			4
2024.11.11	00:36:58.681	0.59615				2
2024.11.11	00:36:59.395	0.59616				2
2024.11.11	00:37:00.034	0.59616				2
2024.11.11	00:37:02.680	0.59617				2
2024.11.11	00:37:03.902	0.59601				2
2024.11.11	00:37:05.117	0.59602				2
2024.11.11	00:37:23.317	0.59603				2
2024.11.11	00:37:24.341	0.59604				2
2024.11.11	00:37:31.524	0.59605				2
2024.11.11	00:37:35.436	0.59603				2
2024.11.11	00:37:36.619	0.59604				2
2024.11.11	00:37:42.401		0.59654			4
2024.11.11	00:38:00.327	0.59604				2
2024.11.11	00:38:23.438	0.59605				2
2024.11.11	00:38:31.908	0.59606				2
2024.11.11	00:38:32.982	0.59605				2
2024.11.11	00:38:42.447		0.59654			4
2024.11.11	00:38:54.031		0.59656			4
2024.11.11	00:38:54.333	0.59601	0.59674			6
2024.11.11	00:38:54.649	0.59597	0.59686			6
2024.11.11	00:38:54.960	0.59598	0.59698			6
2024.11.11	00:38:55.277	0.59597	0.59702			6
2024.11.11	00:38:56.733	0.59601	0.59703			6
2024.11.11	00:38:57.061		0.59709			4
2024.11.11	00:39:00.061	0.59603				2
2024.11.11	00:39:04.217	0.59614				2
2024.11.11	00:39:04.530	0.59616				2
2024.11.11	00:39:04.940	0.59598				2
2024.11.11	00:39:05.247	0.59594				2
2024.11.11	00:39:07.740	0.59595				2
2024.11.11	00:39:09.066		0.59708			4
2024.11.11	00:39:10.219		0.59705			4
2024.11.11	00:39:12.872		0.59702			4
2024.11.11	00:39:14.338		0.59700			4
2024.11.11	00:39:17.009	0.59593	0.59687			6
2024.11.11	00:39:17.604	0.59591	0.59684			6
2024.11.11	00:39:19.529		0.59683			4
2024.11.11	00:39:20.721	0.59596	0.59688			6
2024.11.11	00:39:21.023	0.59597				2
2024.11.11	00:39:22.353		0.59685			4
2024.11.11	00:39:23.178	0.59598				2
2024.11.11	00:39:25.048	0.59599	0.59682			6
2024.11.11	00:39:30.016	0.59600				2
2024.11.11	00:39:31.212	0.59615				2
2024.11.11	00:39:31.526	0.59616				2
2024.11.11	00:39:32.179	0.59613				2
2024.11.11	00:39:32.892	0.59612				2
2024.11.11	00:39:41.330	0.59620	0.59683			6
2024.11.11	00:39:41.654	0.59610	0.59684			6
2024.11.11	00:39:42.716		0.59685			4
2024.11.11	00:39:47.422	0.59618	0.59682			6
2024.11.11	00:39:49.031	0.59620				2
2024.11.11	00:39:49.333	0.59621	0.59685			6
2024.11.11	00:39:49.645		0.59689			4
2024.11.11	00:39:52.538	0.59620				2
2024.11.11	00:39:52.846		0.59690			4
2024.11.11	00:39:53.749		0.59688			4
2024.11.11	00:39:54.167		0.59690			4
2024.11.11	00:39:54.821		0.59688			4
2024.11.11	00:39:55.945		0.59690			4
2024.11.11	00:39:56.281		0.59688			4
2024.11.11	00:39:57.145	0.59619				2
2024.11.11	00:39:57.469	0.59618	0.59689			6
2024.11.11	00:39:57.839	0.59617	0.59688			6
2024.11.11	00:40:00.484	0.59617	0.59687			6
2024.11.11	00:40:04.918	0.59618	0.59690			6
2024.11.11	00:40:06.023		0.59688			4
2024.11.11	00:40:06.690		0.59690			4
2024.11.11	00:40:07.023		0.59688			4
2024.11.11	00:40:07.643		0.59690			4
2024.11.11	00:40:09.022	0.59617	0.59688			6
2024.11.11	00:40:09.700		0.59690			4
2024.11.11	00:40:10.026		0.59688			4
2024.11.11	00:40:10.358		0.59690			4
2024.11.11	00:40:11.028		0.59689			4
2024.11.11	00:40:15.622	0.59618				2
2024.11.11	00:40:19.933	0.59619				2
2024.11.11	00:40:22.821	0.59618				2
2024.11.11	00:40:23.933	0.59619				2
2024.11.11	00:40:25.518	0.59618				2
2024.11.11	00:40:30.214		0.59690			4
2024.11.11	00:40:30.637	0.59621	0.59692			6
2024.11.11	00:40:44.130		0.59693			4
2024.11.11	00:40:44.636	0.59622				2
2024.11.11	00:40:50.363	0.59621	0.59692			6
2024.11.11	00:41:00.459	0.59621				2
2024.11.11	00:41:10.216	0.59622				2
2024.11.11	00:41:30.828	0.59623				2
2024.11.11	00:41:51.068		0.59692			4
2024.11.11	00:41:54.317	0.59624				2
2024.11.11	00:42:01.966	0.59624				2
2024.11.11	00:42:10.377	0.59623				2
2024.11.11	00:42:30.337	0.59624	0.59693			6
2024.11.11	00:42:31.893	0.59623				2
2024.11.11	00:42:37.816	0.59624				2
2024.11.11	00:42:58.521		0.59692			4
2024.11.11	00:43:00.504	0.59624	0.59693			6
2024.11.11	00:43:05.717		0.59692			4
2024.11.11	00:43:08.142	0.59625	0.59693			6
2024.11.11	00:43:09.738	0.59624				2
2024.11.11	00:43:10.935	0.59625				2
2024.11.11	00:43:13.513	0.59624				2
2024.11.11	00:43:15.143	0.59623	0.59692			6
2024.11.11	00:43:18.020	0.59624				2
2024.11.11	00:43:21.233	0.59623	0.59691			6
2024.11.11	00:43:28.264	0.59624	0.59692			6
2024.11.11	00:43:30.093	0.59625				2
2024.11.11	00:43:31.528	0.59624				2
2024.11.11	00:43:33.318	0.59623	0.59691			6
2024.11.11	00:43:38.917	0.59624	0.59692			6
2024.11.11	00:43:44.621	0.59623	0.59691			6
2024.11.11	00:43:47.159	0.59624				2
2024.11.11	00:43:48.430	0.59625	0.59692			6
2024.11.11	00:43:49.340	0.59626	0.59691			6
2024.11.11	00:43:49.645		0.59692			4
2024.11.11	00:43:50.728	0.59625				2
2024.11.11	00:43:51.281		0.59691			4
2024.11.11	00:43:52.541	0.59627				2
2024.11.11	00:43:52.859	0.59625				2
2024.11.11	00:43:53.232		0.59692			4
2024.11.11	00:43:56.721		0.59691			4
2024.11.11	00:43:58.528	0.59624				2
2024.11.11	00:44:02.422	0.59624	0.59690			6
2024.11.11	00:44:08.370	0.59628				2
2024.11.11	00:44:09.992		0.59689			4
2024.11.11	00:44:11.614		0.59690			4
2024.11.11	00:44:16.812		0.59691			4
2024.11.11	00:44:18.644		0.59690			4
2024.11.11	00:44:25.419		0.59689			4
2024.11.11	00:44:30.834		0.59690			4
2024.11.11	00:44:33.460		0.59692			4
2024.11.11	00:44:46.307		0.59689			4
2024.11.11	00:44:48.334	0.59631				2
2024.11.11	00:44:49.815		0.59688			4
2024.11.11	00:45:06.204	0.59631				2
2024.11.11	00:45:07.983	0.59642	0.59679			6
2024.11.11	00:45:24.955	0.59653	0.59681			6
2024.11.11	00:45:26.827		0.59682			4
2024.11.11	00:45:39.018	0.59658	0.59686			6
2024.11.11	00:45:41.829		0.59687			4
2024.11.11	00:45:44.377		0.59689			4
2024.11.11	00:45:48.819		0.59690			4
2024.11.11	00:45:56.632	0.59662	0.59692			6
2024.11.11	00:46:00.033	0.59669				2
2024.11.11	00:46:08.382		0.59688			4
2024.11.11	00:46:32.167		0.59689			4
2024.11.11	00:46:34.362		0.59688			4
2024.11.11	00:46:37.943		0.59689			4
2024.11.11	00:46:38.390		0.59688			4
2024.11.11	00:46:38.720		0.59689			4
2024.11.11	00:46:43.646		0.59690			4
2024.11.11	00:46:54.148		0.59689			4
2024.11.11	00:47:00.317	0.59669				2
2024.11.11	00:47:02.139	0.59645				2
2024.11.11	00:47:04.065	0.59669				2
2024.11.11	00:47:26.573		0.59690			4
2024.11.11	00:47:27.313		0.59691			4
2024.11.11	00:47:33.057		0.59690			4
2024.11.11	00:47:34.272		0.59692			4
2024.11.11	00:48:00.925	0.59669				2
2024.11.11	00:48:34.012	0.59664	0.59696			6
2024.11.11	00:48:34.354		0.59693			4
2024.11.11	00:48:34.670		0.59692			4
2024.11.11	00:48:38.686		0.59691			4
2024.11.11	00:48:42.141		0.59687			4
2024.11.11	00:48:44.237		0.59686			4
2024.11.11	00:48:52.456		0.59688			4
2024.11.11	00:49:00.925	0.59664				2
2024.11.11	00:49:06.445	0.59657	0.59684			6
2024.11.11	00:49:06.961		0.59683			4
2024.11.11	00:49:07.315	0.59663	0.59682			6
2024.11.11	00:49:08.308	0.59658				2
2024.11.11	00:49:16.945		0.59684			4
2024.11.11	00:49:20.516		0.59682			4
2024.11.11	00:49:24.153		0.59685			4
2024.11.11	00:49:25.140		0.59683			4
2024.11.11	00:49:26.368		0.59682			4
2024.11.11	00:49:43.950	0.59650	0.59677			6
2024.11.11	00:49:44.312	0.59656				2
2024.11.11	00:49:46.030		0.59679			4
2024.11.11	00:49:46.335		0.59677			4
2024.11.11	00:49:56.308		0.59678			4
2024.11.11	00:49:57.435		0.59677			4
2024.11.11	00:49:59.545	0.59649	0.59675			6
2024.11.11	00:50:00.360	0.59649				2
2024.11.11	00:50:01.243	0.59653	0.59671			6
2024.11.11	00:50:19.738	0.59651	0.59668			6
2024.11.11	00:50:31.451	0.59646	0.59663			6
2024.11.11	00:51:01.228	0.59646				2
2024.11.11	00:51:31.927		0.59663			4
2024.11.11	00:52:00.924	0.59646				2
2024.11.11	00:52:33.325		0.59663			4
2024.11.11	00:53:00.596	0.59646				2
2024.11.11	00:53:33.632		0.59663			4
2024.11.11	00:53:37.685	0.59643	0.59666			6
2024.11.11	00:54:03.326	0.59643				2
2024.11.11	00:54:10.101	0.59636	0.59669			6
2024.11.11	00:54:25.378		0.59668			4
2024.11.11	00:54:33.907	0.59643	0.59666			6
2024.11.11	00:54:34.356	0.59636	0.59668			6
2024.11.11	00:54:36.690		0.59669			4
2024.11.11	00:54:37.116	0.59618	0.59648			6
2024.11.11	00:55:00.925	0.59618				2
2024.11.11	00:55:01.247	0.59614				2
2024.11.11	00:55:02.313	0.59615				2
2024.11.11	00:55:05.467	0.59614				2
2024.11.11	00:55:07.323	0.59615				2
2024.11.11	00:55:10.900	0.59616				2
2024.11.11	00:55:13.781	0.59615				2
2024.11.11	00:55:15.962	0.59616				2
2024.11.11	00:55:22.283	0.59613				2
2024.11.11	00:55:37.121		0.59648			4
2024.11.11	00:55:41.661	0.59617				2
2024.11.11	00:55:42.679	0.59616				2
2024.11.11	00:55:51.156	0.59617				2
2024.11.11	00:55:53.306	0.59613	0.59643			6
2024.11.11	00:55:57.352	0.59612				2
2024.11.11	00:56:02.454	0.59612				2
2024.11.11	00:56:04.233	0.59613				2
2024.11.11	00:56:06.762	0.59612				2
2024.11.11	00:56:07.840	0.59611				2
2024.11.11	00:56:09.061	0.59612				2
2024.11.11	00:56:12.417	0.59609				2
2024.11.11	00:56:25.659	0.59608				2
2024.11.11	00:56:28.638	0.59609				2
2024.11.11	00:56:33.338	0.59611	0.59642			6
2024.11.11	00:56:33.731		0.59643			4
2024.11.11	00:56:35.580	0.59612				2
2024.11.11	00:57:02.129	0.59611				2
2024.11.11	00:57:03.394	0.59610				2
2024.11.11	00:57:06.422	0.59611				2
2024.11.11	00:57:26.676	0.59610				2
2024.11.11	00:57:36.327		0.59643			4
2024.11.11	00:57:49.406	0.59606	0.59638			6
2024.11.11	00:57:50.322		0.59637			4
2024.11.11	00:57:50.829	0.59607	0.59635			6
2024.11.11	00:57:51.282	0.59599	0.59625			6
2024.11.11	00:58:00.943	0.59599				2
2024.11.11	00:58:05.042	0.59607	0.59636			6
2024.11.11	00:58:05.343		0.59635			4
2024.11.11	00:58:18.565	0.59606	0.59637			6
2024.11.11	00:58:19.556		0.59636			4
2024.11.11	00:58:20.793	0.59607				2
2024.11.11	00:58:24.509	0.59604	0.59638			6
2024.11.11	00:58:25.030		0.59639			4
2024.11.11	00:58:25.966		0.59640			4
2024.11.11	00:58:28.406	0.59599	0.59625			6
2024.11.11	00:58:41.062	0.59595	0.59624			6
2024.11.11	00:58:41.368	0.59599	0.59625			6
2024.11.11	00:59:00.504	0.59599				2
2024.11.11	00:59:03.962	0.59594	0.59615			6
2024.11.11	00:59:04.738	0.59605	0.59633			6
2024.11.11	00:59:05.041		0.59638			4
2024.11.11	00:59:05.381	0.59604	0.59639			6
2024.11.11	00:59:06.966	0.59599	0.59625			6
2024.11.11	00:59:27.747	0.59601				2
2024.11.11	00:59:28.064	0.59603	0.59639			6
2024.11.11	00:59:28.436		0.59640			4
2024.11.11	00:59:28.741		0.59639			4
2024.11.11	00:59:29.406		0.59637			4
2024.11.11	00:59:30.159		0.59638			4
2024.11.11	00:59:33.010	0.59602	0.59639			6
2024.11.11	00:59:37.068	0.59601	0.59638			6
2024.11.11	00:59:37.859		0.59639			4
2024.11.11	00:59:41.016		0.59638			4
2024.11.11	00:59:41.584		0.59637			4
2024.11.11	00:59:43.965		0.59638			4
2024.11.11	00:59:44.301	0.59604				2
2024.11.11	00:59:45.619	0.59599	0.59635			6
2024.11.11	00:59:46.626	0.59600	0.59637			6
2024.11.11	00:59:47.074	0.59605	0.59638			6
2024.11.11	00:59:47.745	0.59606	0.59637			6
2024.11.11	00:59:48.616	0.59603	0.59636			6
2024.11.11	00:59:50.072	0.59605	0.59637			6
2024.11.11	01:00:00.317	0.59618	0.59635			6
2024.11.11	01:00:01.040		0.59636			4
2024.11.11	01:00:01.345		0.59637			4
2024.11.11	01:00:02.716		0.59636			4
2024.11.11	01:00:03.278		0.59638			4
2024.11.11	01:00:04.155		0.59642			4
2024.11.11	01:00:10.394		0.59640			4
2024.11.11	01:00:11.581		0.59639			4
2024.11.11	01:00:11.995		0.59640			4
2024.11.11	01:00:14.391		0.59638			4
2024.11.11	01:00:15.546		0.59637			4
2024.11.11	01:00:16.828		0.59638			4
2024.11.11	01:00:19.716		0.59635			4
2024.11.11	01:00:22.727		0.59636			4
2024.11.11	01:00:23.100		0.59635			4
2024.11.11	01:00:23.857		0.59636			4
2024.11.11	01:00:24.163		0.59635			4
2024.11.11	01:00:24.529		0.59636			4
2024.11.11	01:00:26.709		0.59635			4
2024.11.11	01:00:35.324		0.59637			4
2024.11.11	01:00:35.640		0.59635			4
2024.11.11	01:00:38.199		0.59634			4
2024.11.11	01:00:40.391	0.59620				2
2024.11.11	01:00:44.316	0.59627	0.59640			6
2024.11.11	01:00:44.664	0.59620	0.59632			6
2024.11.11	01:00:45.021		0.59633			4
2024.11.11	01:00:46.515		0.59632			4
2024.11.11	01:00:46.845	0.59618	0.59630			6
2024.11.11	01:00:48.377	0.59620	0.59632			6
2024.11.11	01:00:48.735		0.59633			4
2024.11.11	01:00:50.548	0.59622	0.59632			6
2024.11.11	01:00:50.980		0.59633			4
2024.11.11	01:00:52.232		0.59632			4
2024.11.11	01:00:53.041		0.59633			4
2024.11.11	01:00:58.291		0.59632			4
2024.11.11	01:01:00.304	0.59622	0.59633			6
2024.11.11	01:01:03.200		0.59632			4
2024.11.11	01:01:03.561	0.59618				2
2024.11.11	01:01:04.313	0.59619				2
2024.11.11	01:01:04.841		0.59631			4
2024.11.11	01:01:06.870	0.59620				2
2024.11.11	01:01:08.221		0.59630			4
2024.11.11	01:01:08.576	0.59617				2
2024.11.11	01:01:08.887	0.59624	0.59636			6
2024.11.11	01:01:09.211	0.59625				2
2024.11.11	01:01:11.276	0.59630	0.59641			6
2024.11.11	01:01:12.394	0.59633	0.59644			6
2024.11.11	01:01:12.703	0.59634	0.59646			6
2024.11.11	01:01:13.042		0.59647			4
2024.11.11	01:01:14.182	0.59637	0.59649			6
2024.11.11	01:01:15.438	0.59644	0.59653			6
2024.11.11	01:01:18.266	0.59638	0.59651			6
2024.11.11	01:01:19.041	0.59637	0.59650			6
2024.11.11	01:01:22.033	0.59641	0.59651			6
2024.11.11	01:01:29.724	0.59639				2
2024.11.11	01:01:31.643	0.59638	0.59646			6
2024.11.11	01:01:31.947	0.59637				2
2024.11.11	01:01:33.467	0.59636				2
2024.11.11	01:01:33.838	0.59634				2
2024.11.11	01:01:35.541	0.59635				2
2024.11.11	01:01:37.535		0.59645			4
2024.11.11	01:01:43.832	0.59632	0.59643			6
2024.11.11	01:01:45.036		0.59642			4
2024.11.11	01:01:46.072	0.59633				2
2024.11.11	01:01:49.528		0.59643			4
2024.11.11	01:01:50.237		0.59644			4
2024.11.11	01:01:54.758		0.59646			4
2024.11.11	01:01:58.408	0.59632				2
2024.11.11	01:01:58.710		0.59640			4
2024.11.11	01:01:59.614	0.59634	0.59642			6
2024.11.11	01:01:59.958		0.59641			4
2024.11.11	01:02:00.390	0.59634				2
2024.11.11	01:02:03.888	0.59636				2
2024.11.11	01:02:05.123	0.59635				2
2024.11.11	01:02:11.979	0.59640	0.59644			6
2024.11.11	01:02:17.962		0.59645			4
2024.11.11	01:02:22.225	0.59644	0.59647			6
2024.11.11	01:02:22.557	0.59645	0.59648			6
2024.11.11	01:02:23.381	0.59646	0.59651			6
2024.11.11	01:02:23.694	0.59647	0.59653			6
2024.11.11	01:02:25.563	0.59646				2
2024.11.11	01:02:27.035	0.59641	0.59646			6
2024.11.11	01:02:27.341	0.59637	0.59644			6
2024.11.11	01:02:28.336	0.59636				2
2024.11.11	01:02:28.920	0.59634	0.59642			6
2024.11.11	01:02:29.234	0.59633				2
2024.11.11	01:02:30.216	0.59636	0.59644			6
2024.11.11	01:02:42.727	0.59635	0.59643			6
2024.11.11	01:02:49.454	0.59634				2
2024.11.11	01:02:50.255	0.59635				2
2024.11.11	01:02:50.591	0.59636	0.59644			6
2024.11.11	01:03:00.128	0.59636				2
2024.11.11	01:03:07.673	0.59635				2
2024.11.11	01:03:20.771		0.59643			4
2024.11.11	01:03:31.237	0.59633	0.59639			6
2024.11.11	01:03:33.686		0.59640			4
2024.11.11	01:03:38.319	0.59630	0.59636			6
2024.11.11	01:03:41.181	0.59627	0.59635			6
2024.11.11	01:03:41.496	0.59628				2
2024.11.11	01:03:44.499	0.59630	0.59639			6
2024.11.11	01:03:44.806	0.59634	0.59641			6
2024.11.11	01:03:45.134	0.59632				2
2024.11.11	01:03:51.037		0.59640			4
2024.11.11	01:04:01.298	0.59631	0.59635			6
2024.11.11	01:04:01.603	0.59628	0.59634			6
2024.11.11	01:04:01.982	0.59627				2
2024.11.11	01:04:06.822	0.59630	0.59635			6
2024.11.11	01:04:07.188	0.59629				2
2024.11.11	01:04:07.848	0.59627	0.59634			6
2024.11.11	01:04:08.935		0.59633			4
2024.11.11	01:04:17.966		0.59632			4
2024.11.11	01:04:56.589	0.59626				2
2024.11.11	01:05:00.330	0.59626				2
2024.11.11	01:05:11.791		0.59631			4
2024.11.11	01:05:12.758		0.59632			4
2024.11.11	01:05:15.031	0.59622	0.59629			6
2024.11.11	01:05:16.488		0.59630			4
2024.11.11	01:05:18.622		0.59629			4
2024.11.11	01:05:21.890	0.59617	0.59624			6
2024.11.11	01:06:01.142	0.59617				2
2024.11.11	01:06:03.876	0.59616	0.59623			6
2024.11.11	01:06:09.329		0.59621			4
2024.11.11	01:06:09.647	0.59610	0.59615			6
2024.11.11	01:06:09.981	0.59609	0.59614			6
2024.11.11	01:06:10.288	0.59608				2
2024.11.11	01:06:16.077	0.59607	0.59612			6
2024.11.11	01:06:18.361	0.59606				2
2024.11.11	01:06:19.616	0.59604	0.59609			6
2024.11.11	01:06:21.931	0.59601	0.59607			6
2024.11.11	01:06:23.161	0.59602	0.59608			6
2024.11.11	01:06:23.561		0.59609			4
2024.11.11	01:06:26.749	0.59601	0.59607			6
2024.11.11	01:06:27.906	0.59600				2
2024.11.11	01:06:28.930	0.59597	0.59604			6
2024.11.11	01:06:31.228		0.59603			4
2024.11.11	01:06:31.613		0.59604			4
2024.11.11	01:06:36.657	0.59600	0.59607			6
2024.11.11	01:06:38.161	0.59601				2
2024.11.11	01:06:41.550	0.59600				2
2024.11.11	01:06:42.631	0.59601				2
2024.11.11	01:06:43.109	0.59605	0.59611			6
2024.11.11	01:06:46.555	0.59604	0.59610			6
2024.11.11	01:06:57.210		0.59611			4
2024.11.11	01:07:00.027	0.59604				2
2024.11.11	01:07:02.237	0.59605				2
2024.11.11	01:07:04.116	0.59606				2
2024.11.11	01:07:04.422	0.59612	0.59619			6
2024.11.11	01:07:04.738	0.59613				2
2024.11.11	01:07:07.022	0.59612				2
2024.11.11	01:07:31.949	0.59613				2
2024.11.11	01:07:50.360		0.59618			4
2024.11.11	01:07:52.972	0.59612				2
2024.11.11	01:07:54.338		0.59619			4
2024.11.11	01:07:55.349	0.59613				2
2024.11.11	01:07:57.745	0.59612				2
2024.11.11	01:08:06.731	0.59613				2
2024.11.11	01:08:09.895	0.59618	0.59623			6
2024.11.11	01:08:10.253		0.59624			4
2024.11.11	01:08:10.983	0.59625	0.59629			6
2024.11.11	01:08:11.302		0.59631			4
2024.11.11	01:08:14.279	0.59633	0.59636			6
2024.11.11	01:08:28.366	0.59632	0.59637			6
2024.11.11	01:08:33.685	0.59631	0.59636			6
2024.11.11	01:08:36.797	0.59632	0.59638			6
2024.11.11	01:08:38.742	0.59631	0.59637			6
2024.11.11	01:08:39.049	0.59632				2
2024.11.11	01:08:40.317		0.59638			4
2024.11.11	01:08:42.861	0.59631	0.59636			6
2024.11.11	01:08:45.714		0.59638			4
2024.11.11	01:08:47.846	0.59632				2
2024.11.11	01:08:48.427	0.59631	0.59636			6
2024.11.11	01:08:49.764	0.59632	0.59637			6
2024.11.11	01:08:52.904	0.59638	0.59641			6
2024.11.11	01:08:53.591	0.59637				2
2024.11.11	01:08:59.867	0.59636				2
2024.11.11	01:09:04.843	0.59636				2
2024.11.11	01:09:05.847	0.59633	0.59638			6
2024.11.11	01:09:15.248	0.59631	0.59636			6
2024.11.11	01:09:15.756	0.59630	0.59634			6
2024.11.11	01:09:16.062	0.59629				2
2024.11.11	01:09:34.370	0.59633	0.59638			6
2024.11.11	01:09:34.858	0.59637	0.59640			6
2024.11.11	01:09:35.375	0.59633	0.59638			6
2024.11.11	01:09:37.320	0.59634				2
2024.11.11	01:09:44.521	0.59638	0.59642			6
2024.11.11	01:09:47.945		0.59644			4
2024.11.11	01:09:50.830	0.59639				2
2024.11.11	01:09:54.183	0.59638				2
2024.11.11	01:09:56.486		0.59643			4
2024.11.11	01:10:00.361	0.59638				2
2024.11.11	01:10:11.065	0.59637				2
2024.11.11	01:10:12.073	0.59642	0.59648			6
2024.11.11	01:10:12.387	0.59640	0.59645			6
2024.11.11	01:10:15.437	0.59641				2
2024.11.11	01:10:16.842	0.59637	0.59642			6
2024.11.11	01:10:19.947	0.59638				2
2024.11.11	01:10:22.339		0.59643			4
2024.11.11	01:10:23.769		0.59642			4
2024.11.11	01:10:24.072		0.59643			4
2024.11.11	01:10:24.922	0.59633	0.59638			6
2024.11.11	01:10:26.695	0.59632				2
2024.11.11	01:10:37.802	0.59628	0.59633			6
2024.11.11	01:10:45.197	0.59632	0.59636			6
2024.11.11	01:10:45.516		0.59635			4
2024.11.11	01:10:46.981	0.59637	0.59640			6
2024.11.11	01:10:47.731	0.59638	0.59641			6
2024.11.11	01:10:49.060	0.59639				2
2024.11.11	01:10:51.747	0.59638				2
2024.11.11	01:10:52.361	0.59635	0.59639			6
2024.11.11	01:10:52.811	0.59636	0.59640			6
2024.11.11	01:10:53.567	0.59635				2
2024.11.11	01:10:55.458	0.59634	0.59639			6
2024.11.11	01:10:56.727	0.59635				2
2024.11.11	01:10:58.671	0.59634				2
2024.11.11	01:11:00.802	0.59634				2
2024.11.11	01:11:01.560	0.59635				2
2024.11.11	01:11:04.282	0.59629	0.59634			6
2024.11.11	01:11:05.782		0.59633			4
2024.11.11	01:11:06.636		0.59634			4
2024.11.11	01:11:17.876	0.59630				2
2024.11.11	01:11:18.988	0.59629				2
2024.11.11	01:11:23.905	0.59628	0.59633			6
2024.11.11	01:11:27.650	0.59629	0.59634			6
2024.11.11	01:11:35.208	0.59633	0.59637			6
2024.11.11	01:11:36.760	0.59636	0.59640			6
2024.11.11	01:11:38.544	0.59638	0.59641			6
2024.11.11	01:11:40.826	0.59637				2
2024.11.11	01:11:41.554	0.59638				2
2024.11.11	01:11:42.025		0.59642			4
2024.11.11	01:11:45.528	0.59635	0.59639			6
2024.11.11	01:11:47.163		0.59638			4
2024.11.11	01:11:48.172	0.59640	0.59643			6
2024.11.11	01:11:54.157	0.59636	0.59640			6
2024.11.11	01:11:55.131	0.59640	0.59641			6
2024.11.11	01:11:57.321	0.59643	0.59647			6
2024.11.11	01:11:57.626	0.59644				2
2024.11.11	01:11:59.125	0.59642				2
2024.11.11	01:12:00.509	0.59643				2
2024.11.11	01:12:01.561	0.59642				2
2024.11.11	01:12:03.459	0.59643				2
2024.11.11	01:12:03.813	0.59646				2
2024.11.11	01:12:04.115	0.59645				2
2024.11.11	01:12:06.242	0.59646				2
2024.11.11	01:12:07.998	0.59645				2
2024.11.11	01:12:08.461	0.59644				2
2024.11.11	01:12:09.879	0.59645				2
2024.11.11	01:12:16.250	0.59644				2
2024.11.11	01:12:19.785	0.59643				2
2024.11.11	01:12:30.556	0.59640	0.59644			6
2024.11.11	01:12:33.565		0.59645			4
2024.11.11	01:12:35.305		0.59644			4
2024.11.11	01:12:38.313	0.59643	0.59646			6
2024.11.11	01:12:38.713	0.59644	0.59647			6
2024.11.11	01:12:39.767	0.59645				2
2024.11.11	01:12:40.481		0.59648			4
2024.11.11	01:12:40.824	0.59644				2
2024.11.11	01:12:41.646	0.59645				2
2024.11.11	01:12:45.049	0.59646				2
2024.11.11	01:12:45.516	0.59649	0.59652			6
2024.11.11	01:12:45.825	0.59650	0.59653			6
2024.11.11	01:12:46.187	0.59651				2
2024.11.11	01:12:46.663	0.59650				2
2024.11.11	01:12:48.305	0.59649				2
2024.11.11	01:12:49.092	0.59651				2
2024.11.11	01:12:50.250	0.59652	0.59655			6
2024.11.11	01:12:51.055	0.59651				2
2024.11.11	01:12:53.836	0.59650				2
2024.11.11	01:12:59.720	0.59647	0.59651			6
2024.11.11	01:13:00.025	0.59642	0.59648			6
2024.11.11	01:13:00.873	0.59640	0.59647			6
2024.11.11	01:13:01.455	0.59642				2
2024.11.11	01:13:02.199	0.59643				2
2024.11.11	01:13:03.105	0.59644	0.59648			6
2024.11.11	01:13:04.308	0.59643				2
2024.11.11	01:13:07.910	0.59641	0.59646			6
2024.11.11	01:13:09.024	0.59640	0.59645			6
2024.11.11	01:13:10.722		0.59644			4
2024.11.11	01:13:11.036	0.59639				2
2024.11.11	01:13:11.507		0.59645			4
2024.11.11	01:13:11.812	0.59640				2
2024.11.11	01:13:13.883	0.59638	0.59643			6
2024.11.11	01:13:15.527	0.59640	0.59647			6
2024.11.11	01:13:17.529		0.59645			4
2024.11.11	01:13:21.235	0.59639	0.59644			6
2024.11.11	01:13:21.734	0.59640				2
2024.11.11	01:13:24.268		0.59646			4
2024.11.11	01:13:28.069		0.59645			4
2024.11.11	01:13:31.549	0.59639				2
2024.11.11	01:13:32.318	0.59640				2
2024.11.11	01:13:34.074	0.59639	0.59644			6
2024.11.11	01:13:37.347	0.59640				2
2024.11.11	01:13:46.745	0.59639				2
2024.11.11	01:13:51.062	0.59637	0.59643			6
2024.11.11	01:13:55.755	0.59638				2
2024.11.11	01:13:57.994	0.59637				2
2024.11.11	01:14:00.240	0.59637				2
2024.11.11	01:14:03.442	0.59638				2
2024.11.11	01:14:05.581	0.59637				2
2024.11.11	01:14:15.264	0.59638				2
2024.11.11	01:14:23.081	0.59641	0.59644			6
2024.11.11	01:14:23.448		0.59645			4
2024.11.11	01:14:28.035	0.59640				2
2024.11.11	01:14:28.867	0.59641				2
2024.11.11	01:14:30.873	0.59640				2
2024.11.11	01:14:31.573	0.59639	0.59643			6
2024.11.11	01:14:31.884	0.59636	0.59641			6
2024.11.11	01:14:32.255	0.59637				2
2024.11.11	01:14:36.147		0.59640			4
2024.11.11	01:14:39.646	0.59636				2
2024.11.11	01:14:40.760	0.59635				2
2024.11.11	01:14:44.627	0.59634	0.59639			6
2024.11.11	01:14:46.931	0.59635				2
2024.11.11	01:14:49.012		0.59640			4
2024.11.11	01:15:00.309	0.59635				2
2024.11.11	01:15:00.842	0.59641	0.59645			6
2024.11.11	01:15:01.162		0.59646			4
2024.11.11	01:15:06.396	0.59643	0.59647			6
2024.11.11	01:15:08.544	0.59642				2
2024.11.11	01:15:11.073	0.59640	0.59645			6
2024.11.11	01:15:17.327	0.59638	0.59643			6
2024.11.11	01:15:25.507	0.59637				2
2024.11.11	01:15:26.517	0.59638				2
2024.11.11	01:15:26.916	0.59637				2
2024.11.11	01:15:28.312	0.59638				2
2024.11.11	01:15:28.724	0.59637				2
2024.11.11	01:15:31.091	0.59634	0.59638			6
2024.11.11	01:15:31.401	0.59633				2
2024.11.11	01:15:40.697	0.59632				2
2024.11.11	01:15:41.541	0.59630	0.59634			6
2024.11.11	01:15:41.869	0.59629				2
2024.11.11	01:15:43.885	0.59630				2
2024.11.11	01:15:45.529	0.59629				2
2024.11.11	01:15:46.459	0.59630				2
2024.11.11	01:15:46.949	0.59629				2
2024.11.11	01:15:47.284	0.59630				2
2024.11.11	01:15:47.637	0.59629				2
2024.11.11	01:15:48.971	0.59630	0.59635			6
2024.11.11	01:15:49.965	0.59631				2
2024.11.11	01:15:51.747	0.59634	0.59638			6
2024.11.11	01:15:53.713	0.59633				2
2024.11.11	01:15:55.720		0.59637			4
2024.11.11	01:16:00.366	0.59633	0.59638			6
2024.11.11	01:16:02.583	0.59632	0.59636			6
2024.11.11	01:16:03.486	0.59633	0.59637			6
2024.11.11	01:16:10.304	0.59631	0.59634			6
2024.11.11	01:16:10.834	0.59630				2
2024.11.11	01:16:11.249	0.59625	0.59630			6
2024.11.11	01:16:11.592	0.59627	0.59633			6
2024.11.11	01:16:11.939	0.59628				2
2024.11.11	01:16:13.837	0.59629				2
2024.11.11	01:16:15.019		0.59634			4
2024.11.11	01:16:16.559	0.59630				2
2024.11.11	01:16:18.138	0.59629				2
2024.11.11	01:16:18.443		0.59633			4
2024.11.11	01:16:18.748		0.59634			4
2024.11.11	01:16:20.437	0.59634	0.59638			6
2024.11.11	01:16:20.896	0.59632	0.59635			6
2024.11.11	01:16:21.201	0.59631				2
2024.11.11	01:16:22.921	0.59633	0.59638			6
2024.11.11	01:16:23.981	0.59634				2
2024.11.11	01:16:31.618	0.59632	0.59636			6
2024.11.11	01:16:33.575		0.59637			4
2024.11.11	01:16:35.097	0.59633				2
2024.11.11	01:16:36.006	0.59632				2
2024.11.11	01:16:36.345	0.59633				2
2024.11.11	01:16:36.817	0.59632				2
2024.11.11	01:16:37.154	0.59633				2
2024.11.11	01:16:37.856	0.59632				2
2024.11.11	01:16:38.182	0.59633				2
2024.11.11	01:16:38.939	0.59632				2
2024.11.11	01:16:39.408	0.59633				2
2024.11.11	01:16:43.495	0.59634	0.59638			6
2024.11.11	01:16:43.805	0.59633				2
2024.11.11	01:16:45.120	0.59635				2
2024.11.11	01:16:45.421	0.59638	0.59643			6
2024.11.11	01:16:50.281	0.59634	0.59638			6
2024.11.11	01:16:52.100		0.59639			4
2024.11.11	01:17:00.617	0.59634				2
2024.11.11	01:17:01.435	0.59635				2
2024.11.11	01:17:02.161	0.59634	0.59638			6
2024.11.11	01:17:05.214	0.59636	0.59639			6
2024.11.11	01:17:07.635	0.59635				2
2024.11.11	01:17:13.048	0.59636				2
2024.11.11	01:17:41.507		0.59640			4
2024.11.11	01:17:51.881	0.59639	0.59645			6
2024.11.11	01:17:52.884	0.59640				2
2024.11.11	01:17:55.365	0.59639				2
2024.11.11	01:17:58.834	0.59640				2
2024.11.11	01:18:00.360	0.59640				2
2024.11.11	01:18:01.341	0.59639				2
2024.11.11	01:18:02.661	0.59634	0.59639			6
2024.11.11	01:18:03.041	0.59635				2
2024.11.11	01:18:04.943	0.59636	0.59640			6
2024.11.11	01:18:13.480	0.59638	0.59642			6
2024.11.11	01:18:14.566		0.59641			4
2024.11.11	01:18:14.867	0.59637				2
2024.11.11	01:18:15.884		0.59640			4
2024.11.11	01:18:19.982		0.59641			4
2024.11.11	01:18:21.121	0.59636	0.59640			6
2024.11.11	01:18:23.045	0.59637				2
2024.11.11	01:18:23.346	0.59636				2
2024.11.11	01:18:31.771	0.59634	0.59638			6
2024.11.11	01:18:32.561		0.59639			4
2024.11.11	01:18:33.806	0.59636	0.59640			6
2024.11.11	01:18:35.445	0.59637	0.59642			6
2024.11.11	01:18:38.166	0.59638	0.59643			6
2024.11.11	01:18:38.483		0.59642			4
2024.11.11	01:18:39.305		0.59643			4
2024.11.11	01:18:40.447	0.59640	0.59644			6
2024.11.11	01:18:49.133	0.59635	0.59641			6
2024.11.11	01:18:50.257	0.59637				2
2024.11.11	01:18:53.472	0.59636				2
2024.11.11	01:18:54.876	0.59635				2
2024.11.11	01:19:00.470	0.59635				2
2024.11.11	01:19:03.721	0.59636				2
2024.11.11	01:19:05.461	0.59637				2
2024.11.11	01:19:08.350	0.59635	0.59640			6
2024.11.11	01:19:09.066	0.59636				2
2024.11.11	01:19:15.283	0.59638	0.59642			6
2024.11.11	01:19:22.337	0.59642	0.59646			6
2024.11.11	01:19:23.244	0.59641	0.59645			6
2024.11.11	01:19:24.772	0.59640				2
2024.11.11	01:19:37.193	0.59641				2
2024.11.11	01:19:53.981	0.59640				2
2024.11.11	01:19:54.941	0.59641				2
2024.11.11	01:19:56.522	0.59640				2
2024.11.11	01:19:57.584	0.59641				2
2024.11.11	01:19:58.668	0.59640	0.59646			6
2024.11.11	01:20:00.376	0.59641				2
2024.11.11	01:20:01.050	0.59643	0.59648			6
2024.11.11	01:20:02.148		0.59647			4
2024.11.11	01:20:03.045	0.59642	0.59646			6
2024.11.11	01:20:05.728	0.59643	0.59647			6
2024.11.11	01:20:13.424	0.59645	0.59649			6
2024.11.11	01:20:13.730	0.59647	0.59651			6
2024.11.11	01:20:14.058	0.59648	0.59653			6
2024.11.11	01:20:16.097		0.59652			4
2024.11.11	01:20:17.114	0.59647	0.59650			6
2024.11.11	01:20:21.994	0.59646				2
2024.11.11	01:20:27.535	0.59648	0.59652			6
2024.11.11	01:20:32.924	0.59646	0.59650			6
2024.11.11	01:20:38.265	0.59648	0.59652			6
2024.11.11	01:20:38.691		0.59651			4
2024.11.11	01:20:44.146	0.59647	0.59649			6
2024.11.11	01:20:44.506	0.59646				2
2024.11.11	01:20:53.275	0.59647				2
2024.11.11	01:20:54.547	0.59648	0.59651			6
2024.11.11	01:21:00.449	0.59647				2
2024.11.11	01:21:00.803	0.59648				2
2024.11.11	01:21:03.343	0.59649				2
2024.11.11	01:21:04.043	0.59648				2
2024.11.11	01:21:05.519		0.59650			4
2024.11.11	01:21:08.913	0.59647				2
2024.11.11	01:21:10.348	0.59648				2
2024.11.11	01:21:10.661		0.59651			4
2024.11.11	01:21:11.032		0.59650			4
2024.11.11	01:21:12.142		0.59651			4
2024.11.11	01:21:13.523	0.59649				2
2024.11.11	01:21:13.826	0.59648				2
2024.11.11	01:21:20.541	0.59647				2
2024.11.11	01:21:22.234	0.59648				2
2024.11.11	01:21:22.544		0.59652			4
2024.11.11	01:21:24.837	0.59649				2
2024.11.11	01:21:27.294	0.59648				2
2024.11.11	01:21:30.617		0.59651			4
2024.11.11	01:21:32.026		0.59650			4
2024.11.11	01:21:32.789	0.59649	0.59651			6
2024.11.11	01:21:33.095		0.59652			4
2024.11.11	01:21:39.519	0.59650	0.59654			6
2024.11.11	01:21:40.194	0.59651				2
2024.11.11	01:21:44.633	0.59650				2
2024.11.11	01:21:48.428	0.59652	0.59656			6
2024.11.11	01:21:48.822	0.59653				2
2024.11.11	01:21:52.448	0.59652				2
2024.11.11	01:21:59.457	0.59651	0.59655			6
2024.11.11	01:22:00.662	0.59651				2
2024.11.11	01:22:12.191	0.59653	0.59657			6
2024.11.11	01:22:14.388		0.59658			4
2024.11.11	01:22:15.199		0.59657			4
2024.11.11	01:22:30.367	0.59652	0.59656			6
2024.11.11	01:22:30.685	0.59651	0.59655			6
2024.11.11	01:22:42.777		0.59654			4
2024.11.11	01:22:43.084	0.59650				2
2024.11.11	01:22:44.413	0.59646	0.59648			6
2024.11.11	01:22:47.621	0.59644				2
2024.11.11	01:22:49.585	0.59645	0.59649			6
2024.11.11	01:22:54.719		0.59650			4
2024.11.11	01:23:00.358	0.59645				2
2024.11.11	01:23:04.780	0.59646				2
2024.11.11	01:23:18.016	0.59643	0.59647			6
2024.11.11	01:23:19.404		0.59648			4
2024.11.11	01:23:21.997	0.59646	0.59650			6
2024.11.11	01:23:23.112	0.59645				2
2024.11.11	01:23:30.361	0.59646				2
2024.11.11	01:23:30.668	0.59647	0.59651			6
2024.11.11	01:23:33.334	0.59646	0.59650			6
2024.11.11	01:23:41.210	0.59648	0.59652			6
2024.11.11	01:23:41.522	0.59646	0.59650			6
2024.11.11	01:23:43.063	0.59647				2
2024.11.11	01:23:46.229	0.59649	0.59654			6
2024.11.11	01:23:53.865	0.59650				2
2024.11.11	01:23:58.979	0.59649				2
2024.11.11	01:24:01.105	0.59649				2
2024.11.11	01:24:04.228	0.59648				2
2024.11.11	01:24:04.554		0.59655			4
2024.11.11	01:24:05.930	0.59649				2
2024.11.11	01:24:11.086	0.59652	0.59656			6
2024.11.11	01:24:12.514		0.59657			4
2024.11.11	01:24:12.822	0.59657	0.59662			6
2024.11.11	01:24:18.918	0.59651	0.59655			6
2024.11.11	01:24:21.849	0.59653	0.59657			6
2024.11.11	01:24:22.173		0.59656			4
2024.11.11	01:24:22.738		0.59657			4
2024.11.11	01:24:25.716		0.59656			4
2024.11.11	01:24:26.060		0.59657			4
2024.11.11	01:24:45.221		0.59656			4
2024.11.11	01:24:46.111		0.59657			4
2024.11.11	01:24:46.422		0.59656			4
2024.11.11	01:24:46.866		0.59657			4
2024.11.11	01:24:51.885	0.59652	0.59655			6
2024.11.11	01:24:56.560	0.59651				2
2024.11.11	01:24:57.786	0.59652				2
2024.11.11	01:25:00.207	0.59652				2
2024.11.11	01:25:02.929		0.59656			4
2024.11.11	01:25:04.156		0.59655			4
2024.11.11	01:25:05.414		0.59656			4
2024.11.11	01:25:06.500		0.59655			4
2024.11.11	01:25:09.969	0.59651				2
2024.11.11	01:25:15.123	0.59650				2
2024.11.11	01:25:37.087	0.59651				2
2024.11.11	01:25:41.248	0.59650				2
2024.11.11	01:25:49.141	0.59652	0.59656			6
2024.11.11	01:26:00.700	0.59652				2
2024.11.11	01:26:01.252	0.59655	0.59659			6
2024.11.11	01:26:02.854		0.59660			4
2024.11.11	01:26:07.132	0.59656	0.59661			6
2024.11.11	01:26:10.271	0.59657	0.59662			6
2024.11.11	01:26:22.993	0.59658				2
2024.11.11	01:26:31.600	0.59657				2
2024.11.11	01:26:37.731		0.59661			4
2024.11.11	01:26:38.352		0.59662			4
2024.11.11	01:26:42.202	0.59659	0.59664			6
2024.11.11	01:26:44.349	0.59658				2
2024.11.11	01:26:45.864	0.59660	0.59665			6
2024.11.11	01:26:47.604	0.59661	0.59667			6
2024.11.11	01:26:49.049	0.59664	0.59668			6
2024.11.11	01:27:01.988	0.59664				2
2024.11.11	01:27:17.594		0.59667			4
2024.11.11	01:27:18.481		0.59668			4
2024.11.11	01:27:19.581		0.59667			4
2024.11.11	01:27:19.910		0.59668			4
2024.11.11	01:27:20.779		0.59667			4
2024.11.11	01:27:21.896		0.59668			4
2024.11.11	01:27:25.255		0.59667			4
2024.11.11	01:27:31.576		0.59666			4
2024.11.11	01:27:33.428		0.59667			4
2024.11.11	01:27:36.347		0.59666			4
2024.11.11	01:27:37.481		0.59667			4
2024.11.11	01:27:45.021	0.59668	0.59670			6
2024.11.11	01:27:45.986	0.59669	0.59672			6
2024.11.11	01:27:58.010		0.59673			4
2024.11.11	01:27:59.054	0.59673	0.59677			6
2024.11.11	01:27:59.379		0.59678			4
2024.11.11	01:27:59.687	0.59674				2
2024.11.11	01:28:00.021	0.59674				2
2024.11.11	01:28:00.786		0.59677			4
2024.11.11	01:28:03.329		0.59678			4
2024.11.11	01:28:04.212		0.59677			4
2024.11.11	01:28:12.379	0.59676	0.59681			6
2024.11.11	01:28:30.075	0.59678	0.59682			6
2024.11.11	01:28:30.406		0.59683			4
2024.11.11	01:28:31.371		0.59682			4
2024.11.11	01:28:31.812		0.59683			4
2024.11.11	01:28:32.419		0.59682			4
2024.11.11	01:28:33.141	0.59679	0.59683			6
2024.11.11	01:28:33.556		0.59682			4
2024.11.11	01:28:34.115		0.59683			4
2024.11.11	01:28:36.768	0.59678				2
2024.11.11	01:28:37.438	0.59679				2
2024.11.11	01:28:39.242		0.59682			4
2024.11.11	01:28:42.061	0.59678	0.59681			6
2024.11.11	01:28:42.432	0.59671	0.59674			6
2024.11.11	01:28:51.853		0.59673			4
2024.11.11	01:28:53.093	0.59672	0.59674			6
2024.11.11	01:28:55.681	0.59671				2
2024.11.11	01:28:56.386	0.59676	0.59681			6
2024.11.11	01:28:59.513	0.59677	0.59683			6
2024.11.11	01:29:00.602	0.59677				2
2024.11.11	01:29:01.562		0.59682			4
2024.11.11	01:29:02.211	0.59678				2
2024.11.11	01:29:02.516	0.59676	0.59680			6
2024.11.11	01:29:03.853		0.59682			4
2024.11.11	01:29:04.320		0.59679			4
2024.11.11	01:29:04.725	0.59674				2
2024.11.11	01:29:09.334	0.59675				2
2024.11.11	01:29:10.138		0.59680			4
2024.11.11	01:29:10.466	0.59676				2
2024.11.11	01:29:12.606		0.59682			4
2024.11.11	01:29:14.191		0.59680			4
2024.11.11	01:29:16.763	0.59677				2
2024.11.11	01:29:17.110		0.59681			4
2024.11.11	01:29:18.215	0.59676	0.59680			6
2024.11.11	01:29:19.602	0.59677	0.59683			6
2024.11.11	01:29:19.953		0.59681			4
2024.11.11	01:29:21.454		0.59683			4
2024.11.11	01:29:26.921		0.59682			4
2024.11.11	01:29:30.001		0.59681			4
2024.11.11	01:29:33.744	0.59673	0.59678			6
2024.11.11	01:29:34.068	0.59672	0.59677			6
2024.11.11	01:29:35.018	0.59674	0.59678			6
2024.11.11	01:29:35.381	0.59672				2
2024.11.11	01:29:35.869	0.59674				2
2024.11.11	01:29:43.232	0.59672				2
2024.11.11	01:29:45.290	0.59674				2
2024.11.11	01:29:46.339	0.59672				2
2024.11.11	01:29:47.378	0.59674				2
2024.11.11	01:29:48.561	0.59672				2
2024.11.11	01:29:49.637	0.59674				2
2024.11.11	01:29:50.262	0.59671	0.59674			6
2024.11.11	01:29:52.017	0.59670				2
2024.11.11	01:29:56.533	0.59668	0.59672			6
2024.11.11	01:30:00.308	0.59666	0.59669			6
2024.11.11	01:30:00.611	0.59667				2
2024.11.11	01:30:01.550		0.59668			4
2024.11.11	01:30:02.062	0.59665	0.59671			6
2024.11.11	01:30:04.198	0.59667	0.59668			6
2024.11.11	01:30:07.910	0.59666	0.59669			6
2024.11.11	01:30:09.610	0.59661	0.59664			6
2024.11.11	01:30:11.635		0.59663			4
2024.11.11	01:30:12.162	0.59657	0.59659			6
2024.11.11	01:30:13.113		0.59660			4
2024.11.11	01:30:22.501	0.59658				2
2024.11.11	01:30:27.866		0.59661			4
2024.11.11	01:30:28.519	0.59663	0.59666			6
2024.11.11	01:30:29.550		0.59667			4
2024.11.11	01:30:33.255	0.59670	0.59673			6
2024.11.11	01:30:41.480	0.59668	0.59671			6
2024.11.11	01:30:43.004	0.59669	0.59673			6
2024.11.11	01:30:43.985	0.59670				2
2024.11.11	01:30:44.789	0.59669	0.59672			6
2024.11.11	01:30:55.558		0.59671			4
2024.11.11	01:30:57.255		0.59673			4
2024.11.11	01:31:00.414	0.59668	0.59672			6
2024.11.11	01:31:00.747	0.59667	0.59671			6
2024.11.11	01:31:20.811		0.59670			4
2024.11.11	01:31:22.747	0.59663	0.59666			6
2024.11.11	01:31:23.542		0.59667			4
2024.11.11	01:31:29.078	0.59664				2
2024.11.11	01:31:30.118	0.59663				2
2024.11.11	01:31:37.299	0.59664	0.59668			6
2024.11.11	01:31:38.026	0.59665	0.59669			6
2024.11.11	01:31:42.334		0.59670			4
2024.11.11	01:31:44.162	0.59666				2
2024.11.11	01:31:47.239		0.59669			4
2024.11.11	01:31:48.421		0.59670			4
2024.11.11	01:31:52.377	0.59668	0.59671			6
2024.11.11	01:31:53.365		0.59672			4
2024.11.11	01:31:54.027		0.59671			4
2024.11.11	01:31:54.921	0.59667	0.59670			6
2024.11.11	01:31:55.220		0.59669			4
2024.11.11	01:31:55.529	0.59666				2
2024.11.11	01:32:00.413	0.59666				2
2024.11.11	01:32:01.467	0.59665	0.59668			6
2024.11.11	01:32:05.433	0.59664				2
2024.11.11	01:32:07.555	0.59665				2
2024.11.11	01:32:10.773		0.59669			4
2024.11.11	01:32:33.040	0.59667	0.59671			6
2024.11.11	01:32:33.941	0.59666				2
2024.11.11	01:32:34.274		0.59669			4
2024.11.11	01:32:38.823	0.59665				2
2024.11.11	01:32:40.883	0.59664				2
2024.11.11	01:32:42.702	0.59662	0.59666			6
2024.11.11	01:32:43.367	0.59661	0.59665			6
2024.11.11	01:32:44.763		0.59664			4
2024.11.11	01:32:45.402	0.59662	0.59666			6
2024.11.11	01:32:47.555	0.59663				2
2024.11.11	01:32:47.862	0.59664	0.59667			6
2024.11.11	01:32:48.165	0.59663				2
2024.11.11	01:32:48.472	0.59664				2
2024.11.11	01:32:48.956	0.59663				2
2024.11.11	01:32:49.790	0.59664				2
2024.11.11	01:32:52.641		0.59668			4
2024.11.11	01:33:00.423	0.59663				2
2024.11.11	01:33:01.069		0.59667			4
2024.11.11	01:33:02.949	0.59662	0.59666			6
2024.11.11	01:33:03.637	0.59664	0.59667			6
2024.11.11	01:33:05.077	0.59662				2
2024.11.11	01:33:05.383	0.59664				2
2024.11.11	01:33:06.333	0.59662				2
2024.11.11	01:33:06.766	0.59664				2
2024.11.11	01:33:10.422	0.59667	0.59672			6
2024.11.11	01:33:10.739	0.59666	0.59670			6
2024.11.11	01:33:15.113	0.59664	0.59669			6
2024.11.11	01:33:15.688	0.59665				2
2024.11.11	01:33:43.099	0.59666				2
2024.11.11	01:33:47.316	0.59668	0.59671			6
2024.11.11	01:33:48.435	0.59667	0.59672			6
2024.11.11	01:33:49.122	0.59670	0.59673			6
2024.11.11	01:33:56.580		0.59674			4
2024.11.11	01:34:00.422	0.59669				2
2024.11.11	01:34:01.270	0.59665	0.59668			6
2024.11.11	01:34:11.477	0.59662	0.59666			6
2024.11.11	01:34:12.475	0.59661	0.59665			6
2024.11.11	01:34:12.799	0.59662				2
2024.11.11	01:34:14.988		0.59666			4
2024.11.11	01:34:17.742	0.59663				2
2024.11.11	01:34:20.096		0.59667			4
2024.11.11	01:34:21.355	0.59664				2
2024.11.11	01:34:21.704	0.59663				2
2024.11.11	01:34:22.404	0.59664				2
2024.11.11	01:34:24.588		0.59668			4
2024.11.11	01:34:29.991		0.59667			4
2024.11.11	01:34:31.992	0.59662	0.59666			6
2024.11.11	01:34:32.452	0.59663				2
2024.11.11	01:34:33.463	0.59662				2
2024.11.11	01:34:33.797	0.59663				2
2024.11.11	01:34:35.624	0.59664	0.59668			6
2024.11.11	01:34:37.737	0.59662	0.59665			6
2024.11.11	01:34:40.424		0.59666			4
2024.11.11	01:34:40.776		0.59665			4
2024.11.11	01:34:46.587		0.59666			4
2024.11.11	01:34:48.710	0.59663				2
2024.11.11	01:34:50.118	0.59662	0.59665			6
2024.11.11	01:34:50.926	0.59663				2
2024.11.11	01:34:53.942	0.59661				2
2024.11.11	01:34:54.309	0.59662				2
2024.11.11	01:34:56.260		0.59663			4
2024.11.11	01:34:56.566	0.59658	0.59660			6
2024.11.11	01:34:56.937		0.59661			4
2024.11.11	01:34:59.635		0.59660			4
2024.11.11	01:35:01.480	0.59658				2
2024.11.11	01:35:01.877	0.59659				2
2024.11.11	01:35:02.373	0.59657	0.59658			6
2024.11.11	01:35:11.389	0.59655	0.59657			6
2024.11.11	01:35:12.626	0.59658	0.59659			6
2024.11.11	01:35:12.937	0.59659	0.59662			6
2024.11.11	01:35:14.211		0.59661			4
2024.11.11	01:35:15.636	0.59658				2
2024.11.11	01:35:23.428	0.59657	0.59660			6
2024.11.11	01:35:27.103		0.59658			4
2024.11.11	01:35:27.843	0.59656				2
2024.11.11	01:35:30.242	0.59657	0.59662			6
2024.11.11	01:35:30.721		0.59661			4
2024.11.11	01:35:31.897	0.59656	0.59658			6
2024.11.11	01:35:36.343	0.59655	0.59659			6
2024.11.11	01:35:38.681		0.59658			4
2024.11.11	01:36:00.430	0.59655				2
2024.11.11	01:36:01.126		0.59657			4
2024.11.11	01:36:06.056		0.59658			4
2024.11.11	01:36:09.535		0.59657			4
2024.11.11	01:36:09.995		0.59658			4
2024.11.11	01:36:33.094	0.59654				2
2024.11.11	01:36:35.670	0.59655				2
2024.11.11	01:36:37.885	0.59652	0.59654			6
2024.11.11	01:36:38.303	0.59653	0.59657			6
2024.11.11	01:36:38.605	0.59651	0.59654			6
2024.11.11	01:36:38.916	0.59650	0.59653			6
2024.11.11	01:36:42.687	0.59652	0.59655			6
2024.11.11	01:36:44.380	0.59654	0.59657			6
2024.11.11	01:36:45.861	0.59653	0.59656			6
2024.11.11	01:36:48.680	0.59652				2
2024.11.11	01:36:50.579	0.59653				2
2024.11.11	01:36:51.347	0.59652				2
2024.11.11	01:36:51.709	0.59653				2
2024.11.11	01:36:53.714	0.59654	0.59657			6
2024.11.11	01:36:54.222	0.59652				2
2024.11.11	01:36:55.257	0.59654				2
2024.11.11	01:36:56.302	0.59652				2
2024.11.11	01:36:57.349	0.59654				2
2024.11.11	01:36:58.300	0.59655	0.59658			6
2024.11.11	01:37:00.185	0.59655				2
2024.11.11	01:37:04.593	0.59653	0.59657			6
2024.11.11	01:37:05.737	0.59655				2
2024.11.11	01:37:09.635		0.59658			4
2024.11.11	01:37:17.202	0.59653				2
2024.11.11	01:37:17.738	0.59654	0.59657			6
2024.11.11	01:37:18.373		0.59658			4
2024.11.11	01:37:19.873	0.59655				2
2024.11.11	01:37:22.010	0.59652	0.59655			6
2024.11.11	01:37:22.927	0.59653	0.59656			6
2024.11.11	01:37:24.081		0.59655			4
2024.11.11	01:37:25.649		0.59654			4
2024.11.11	01:37:32.639	0.59652				2
2024.11.11	01:37:37.097		0.59656			4
2024.11.11	01:37:37.740		0.59655			4
2024.11.11	01:37:39.344		0.59654			4
2024.11.11	01:37:44.150	0.59651				2
2024.11.11	01:38:00.431	0.59651				2
2024.11.11	01:38:04.438	0.59652	0.59655			6
2024.11.11	01:38:14.920	0.59651	0.59653			6
2024.11.11	01:38:18.052	0.59652	0.59655			6
2024.11.11	01:38:19.415	0.59650	0.59654			6
2024.11.11	01:38:19.720		0.59653			4
2024.11.11	01:38:20.350	0.59651	0.59654			6
2024.11.11	01:38:22.961	0.59652				2
2024.11.11	01:38:23.278	0.59651	0.59653			6
2024.11.11	01:38:25.400		0.59654			4
2024.11.11	01:38:30.194		0.59656			4
2024.11.11	01:38:30.669	0.59652				2
2024.11.11	01:38:32.382		0.59654			4
2024.11.11	01:38:34.594		0.59655			4
2024.11.11	01:38:35.113		0.59654			4
2024.11.11	01:38:41.221	0.59651				2
2024.11.11	01:38:41.721		0.59653			4
2024.11.11	01:38:56.787	0.59648	0.59649			6
2024.11.11	01:39:00.422	0.59647	0.59648			6
2024.11.11	01:39:02.380	0.59640	0.59641			6
2024.11.11	01:39:02.690	0.59639	0.59642			6
2024.11.11	01:39:03.235	0.59640	0.59643			6
2024.11.11	01:39:08.113		0.59644			4
2024.11.11	01:39:19.566	0.59641	0.59645			6
2024.11.11	01:39:21.187		0.59646			4
2024.11.11	01:39:23.027	0.59640	0.59645			6
2024.11.11	01:39:24.576		0.59643			4
2024.11.11	01:39:35.810	0.59641	0.59645			6
2024.11.11	01:39:36.741	0.59642				2
2024.11.11	01:39:39.528	0.59641	0.59644			6
2024.11.11	01:39:54.900	0.59643	0.59646			6
2024.11.11	01:39:55.488	0.59641	0.59644			6
2024.11.11	01:39:56.457	0.59643	0.59646			6
2024.11.11	01:39:57.369	0.59642	0.59645			6
2024.11.11	01:40:00.445	0.59642				2
2024.11.11	01:40:07.178	0.59641	0.59642			6
2024.11.11	01:40:14.370		0.59643			4
2024.11.11	01:40:28.803	0.59642	0.59644			6
2024.11.11	01:40:32.229	0.59641	0.59643			6
2024.11.11	01:40:33.156	0.59644	0.59645			6
2024.11.11	01:40:33.466	0.59645	0.59646			6
2024.11.11	01:40:35.763	0.59647	0.59649			6
2024.11.11	01:40:36.085	0.59649	0.59651			6
2024.11.11	01:40:36.386		0.59652			4
2024.11.11	01:40:36.702		0.59651			4
2024.11.11	01:40:41.257		0.59650			4
2024.11.11	01:40:41.599	0.59645	0.59646			6
2024.11.11	01:40:41.907	0.59644	0.59645			6
2024.11.11	01:40:44.133	0.59647	0.59649			6
2024.11.11	01:40:44.446	0.59648	0.59650			6
2024.11.11	01:40:45.405	0.59649	0.59652			6
2024.11.11	01:40:46.805		0.59651			4
2024.11.11	01:40:47.792		0.59652			4
2024.11.11	01:41:00.419	0.59647	0.59648			6
2024.11.11	01:41:01.919		0.59649			4
2024.11.11	01:41:02.398	0.59646				2
2024.11.11	01:41:03.098		0.59648			4
2024.11.11	01:41:06.208		0.59647			4
2024.11.11	01:41:07.020		0.59648			4
2024.11.11	01:41:11.184	0.59649	0.59650			6
2024.11.11	01:41:11.486		0.59651			4
2024.11.11	01:41:15.463		0.59650			4
2024.11.11	01:41:28.911		0.59651			4
2024.11.11	01:41:36.229		0.59650			4
2024.11.11	01:41:40.560	0.59646	0.59648			6
2024.11.11	01:41:55.426	0.59644	0.59645			6
2024.11.11	01:41:55.925	0.59645	0.59647			6
2024.11.11	01:41:56.261		0.59646			4
2024.11.11	01:41:57.505		0.59648			4
2024.11.11	01:41:58.090	0.59646	0.59649			6
2024.11.11	01:42:00.427	0.59646				2
2024.11.11	01:42:01.311	0.59645	0.59648			6
2024.11.11	01:42:07.302	0.59646				2
2024.11.11	01:42:14.640	0.59649	0.59651			6
2024.11.11	01:42:14.950		0.59650			4
2024.11.11	01:42:15.699	0.59650	0.59652			6
2024.11.11	01:42:16.051		0.59653			4
2024.11.11	01:42:19.349	0.59652	0.59655			6
2024.11.11	01:42:26.039	0.59654	0.59656			6
2024.11.11	01:42:33.068	0.59653	0.59654			6
2024.11.11	01:42:41.274	0.59651				2
2024.11.11	01:42:44.262	0.59654	0.59655			6
2024.11.11	01:42:44.642		0.59657			4
2024.11.11	01:42:44.942		0.59655			4
2024.11.11	01:42:45.336	0.59655	0.59658			6
2024.11.11	01:42:48.180	0.59654	0.59655			6
2024.11.11	01:42:56.676	0.59655	0.59658			6
2024.11.11	01:42:57.021	0.59656				2
2024.11.11	01:43:00.230	0.59656				2
2024.11.11	01:43:02.117		0.59657			4
2024.11.11	01:43:07.406	0.59653	0.59654			6
2024.11.11	01:43:17.858	0.59652				2
2024.11.11	01:43:22.383		0.59653			4
2024.11.11	01:43:23.663		0.59654			4
2024.11.11	01:43:26.271	0.59653	0.59655			6
2024.11.11	01:43:29.710		0.59656			4
2024.11.11	01:43:36.623		0.59655			4
2024.11.11	01:43:37.767		0.59656			4
2024.11.11	01:43:39.158		0.59654			4
2024.11.11	01:43:39.470		0.59656			4
2024.11.11	01:43:41.520	0.59655	0.59657			6
2024.11.11	01:43:42.059	0.59653	0.59656			6
2024.11.11	01:43:45.209	0.59656	0.59658			6
2024.11.11	01:43:45.544	0.59654	0.59656			6
2024.11.11	01:43:46.777	0.59655	0.59658			6
2024.11.11	01:43:49.339	0.59656	0.59659			6
2024.11.11	01:43:55.772	0.59657	0.59660			6
2024.11.11	01:43:56.720	0.59658				2
2024.11.11	01:43:57.026	0.59659	0.59662			6
2024.11.11	01:44:00.071	0.59659				2
2024.11.11	01:44:00.420		0.59661			4
2024.11.11	01:44:01.835	0.59661	0.59663			6
2024.11.11	01:44:07.279	0.59660	0.59661			6
2024.11.11	01:44:13.113		0.59662			4
2024.11.11	01:44:23.179	0.59661				2
2024.11.11	01:44:23.967		0.59663			4
2024.11.11	01:44:28.346	0.59662				2
2024.11.11	01:44:29.439	0.59661	0.59662			6
2024.11.11	01:44:29.763	0.59660				2
2024.11.11	01:44:30.082	0.59661				2
2024.11.11	01:44:30.407		0.59663			4
2024.11.11	01:44:55.717	0.59662	0.59664			6
2024.11.11	01:44:56.493	0.59659	0.59660			6
2024.11.11	01:45:00.433	0.59659				2
2024.11.11	01:45:02.046	0.59657	0.59658			6
2024.11.11	01:45:05.351	0.59654	0.59655			6
2024.11.11	01:45:06.835	0.59655	0.59657			6
2024.11.11	01:45:07.140		0.59656			4
2024.11.11	01:45:07.847	0.59656	0.59657			6
2024.11.11	01:45:08.292		0.59658			4
2024.11.11	01:45:12.295		0.59659			4
2024.11.11	01:45:26.271		0.59658			4
2024.11.11	01:45:26.886	0.59657	0.59659			6
2024.11.11	01:45:27.230	0.59662	0.59665			6
2024.11.11	01:45:27.548		0.59664			4
2024.11.11	01:45:29.174	0.59666	0.59668			6
2024.11.11	01:45:30.814	0.59667	0.59669			6
2024.11.11	01:45:34.188	0.59669	0.59670			6
2024.11.11	01:45:35.043	0.59670	0.59672			6
2024.11.11	01:45:39.155	0.59671	0.59674			6
2024.11.11	01:45:48.541	0.59672				2
2024.11.11	01:45:48.845		0.59673			4
2024.11.11	01:45:49.741	0.59671				2
2024.11.11	01:45:53.827		0.59674			4
2024.11.11	01:45:57.419	0.59670				2
2024.11.11	01:46:00.324	0.59670				2
2024.11.11	01:46:08.101	0.59668	0.59670			6
2024.11.11	01:46:19.708		0.59671			4
2024.11.11	01:46:21.570	0.59671	0.59674			6
2024.11.11	01:46:22.832		0.59673			4
2024.11.11	01:46:25.541		0.59674			4
2024.11.11	01:46:26.102	0.59672	0.59675			6
2024.11.11	01:46:26.419	0.59671	0.59674			6
2024.11.11	01:46:26.719		0.59673			4
2024.11.11	01:46:28.070		0.59674			4
2024.11.11	01:46:36.863		0.59675			4
2024.11.11	01:46:38.101	0.59672				2
2024.11.11	01:46:38.497	0.59671				2
2024.11.11	01:46:40.324		0.59674			4
2024.11.11	01:46:42.166	0.59672				2
2024.11.11	01:46:42.468	0.59676	0.59680			6
2024.11.11	01:46:42.787	0.59682	0.59683			6
2024.11.11	01:46:43.091	0.59681				2
2024.11.11	01:46:45.365	0.59678	0.59682			6
2024.11.11	01:46:45.668		0.59683			4
2024.11.11	01:46:49.001	0.59677	0.59678			6
2024.11.11	01:46:49.304		0.59679			4
2024.11.11	01:46:55.940	0.59678	0.59680			6
2024.11.11	01:46:58.031	0.59677	0.59679			6
2024.11.11	01:47:00.781	0.59677				2
2024.11.11	01:47:01.268		0.59680			4
2024.11.11	01:47:01.604		0.59678			4
2024.11.11	01:47:02.404	0.59673	0.59676			6
2024.11.11	01:47:02.710		0.59675			4
2024.11.11	01:47:08.914	0.59672	0.59674			6
2024.11.11	01:47:10.198		0.59675			4
2024.11.11	01:47:11.044		0.59674			4
2024.11.11	01:47:14.210	0.59671	0.59673			6
2024.11.11	01:47:14.892		0.59672			4
2024.11.11	01:47:15.632	0.59669	0.59674			6
2024.11.11	01:47:16.515	0.59670				2
2024.11.11	01:47:20.801	0.59669	0.59673			6
2024.11.11	01:47:21.175	0.59667	0.59669			6
2024.11.11	01:47:21.482	0.59664	0.59666			6
2024.11.11	01:47:21.785	0.59663	0.59665			6
2024.11.11	01:47:22.086		0.59666			4
2024.11.11	01:47:22.388	0.59665	0.59668			6
2024.11.11	01:47:22.717	0.59666	0.59669			6
2024.11.11	01:47:26.284		0.59668			4
2024.11.11	01:47:40.281	0.59665				2
2024.11.11	01:47:41.026	0.59664				2
2024.11.11	01:47:41.983	0.59665				2
2024.11.11	01:47:48.182	0.59663	0.59666			6
2024.11.11	01:47:48.736	0.59662	0.59664			6
2024.11.11	01:47:49.846	0.59661	0.59662			6
2024.11.11	01:47:52.851	0.59663	0.59666			6
2024.11.11	01:47:55.340	0.59662				2
2024.11.11	01:47:58.695		0.59665			4
2024.11.11	01:47:59.008	0.59663	0.59666			6
2024.11.11	01:47:59.469	0.59662				2
2024.11.11	01:48:00.363	0.59662				2
2024.11.11	01:48:00.734		0.59665			4
2024.11.11	01:48:04.391	0.59663	0.59666			6
2024.11.11	01:48:04.695	0.59662				2
2024.11.11	01:48:05.176	0.59665	0.59669			6
2024.11.11	01:48:05.719	0.59667				2
2024.11.11	01:48:06.346	0.59666				2
2024.11.11	01:48:14.135	0.59663	0.59667			6
2024.11.11	01:48:14.460	0.59665	0.59668			6
2024.11.11	01:48:16.596		0.59669			4
2024.11.11	01:48:19.670		0.59668			4
2024.11.11	01:48:23.441		0.59669			4
2024.11.11	01:48:24.106	0.59666				2
2024.11.11	01:48:27.963	0.59667				2
2024.11.11	01:48:37.537	0.59666				2
2024.11.11	01:48:53.515		0.59668			4
2024.11.11	01:48:58.627		0.59669			4
2024.11.11	01:49:00.646	0.59666				2
2024.11.11	01:49:01.526	0.59671	0.59674			6
2024.11.11	01:49:06.021	0.59670	0.59673			6
2024.11.11	01:49:06.346	0.59668	0.59670			6
2024.11.11	01:49:06.657		0.59671			4
2024.11.11	01:49:08.305		0.59672			4
2024.11.11	01:49:08.616		0.59670			4
2024.11.11	01:49:12.022		0.59671			4
2024.11.11	01:49:14.080		0.59670			4
2024.11.11	01:49:14.985		0.59671			4
2024.11.11	01:49:18.468		0.59670			4
2024.11.11	01:49:22.691		0.59669			4
2024.11.11	01:49:23.384	0.59665				2
2024.11.11	01:49:24.147		0.59668			4
2024.11.11	01:49:31.818	0.59667	0.59669			6
2024.11.11	01:49:32.149		0.59670			4
2024.11.11	01:49:35.100		0.59669			4
2024.11.11	01:49:45.897	0.59668	0.59671			6
2024.11.11	01:49:46.923	0.59670	0.59672			6
2024.11.11	01:49:47.244	0.59669				2
2024.11.11	01:49:47.571		0.59671			4
2024.11.11	01:49:49.387		0.59673			4
2024.11.11	01:49:50.173	0.59671	0.59674			6
2024.11.11	01:49:50.577	0.59672				2
2024.11.11	01:49:53.140	0.59671				2
2024.11.11	01:49:54.074		0.59675			4
2024.11.11	01:49:55.225	0.59672				2
2024.11.11	01:49:56.262	0.59671	0.59674			6
2024.11.11	01:50:00.229	0.59671	0.59673			6
2024.11.11	01:50:00.644	0.59670				2
2024.11.11	01:50:03.463	0.59669				2
2024.11.11	01:50:03.789	0.59668				2
2024.11.11	01:50:04.512	0.59670				2
2024.11.11	01:50:06.496	0.59665	0.59668			6
2024.11.11	01:50:16.301	0.59664				2
2024.11.11	01:50:18.104		0.59667			4
2024.11.11	01:50:21.713		0.59668			4
2024.11.11	01:50:24.269	0.59665				2
2024.11.11	01:50:26.348	0.59661	0.59666			6
2024.11.11	01:50:26.654		0.59662			4
2024.11.11	01:50:28.822	0.59660				2
2024.11.11	01:50:30.702	0.59658	0.59660			6
2024.11.11	01:50:31.419		0.59661			4
2024.11.11	01:50:31.740	0.59656	0.59659			6
2024.11.11	01:50:33.144	0.59657	0.59660			6
2024.11.11	01:50:34.116		0.59661			4
2024.11.11	01:50:35.212		0.59660			4
2024.11.11	01:50:36.155	0.59656	0.59658			6
2024.11.11	01:50:40.367	0.59657	0.59660			6
2024.11.11	01:50:43.140		0.59658			4
2024.11.11	01:50:50.531	0.59656				2
2024.11.11	01:50:51.287	0.59654	0.59657			6
2024.11.11	01:51:00.283	0.59654				2
2024.11.11	01:51:05.699	0.59653	0.59658			6
2024.11.11	01:51:06.369	0.59651	0.59655			6
2024.11.11	01:51:07.208	0.59650	0.59653			6
2024.11.11	01:51:10.753	0.59648	0.59651			6
2024.11.11	01:51:11.079	0.59649	0.59652			6
2024.11.11	01:51:18.169	0.59650	0.59653			6
2024.11.11	01:51:19.101	0.59649				2
2024.11.11	01:51:21.375	0.59648	0.59651			6
2024.11.11	01:51:22.367	0.59647				2
2024.11.11	01:51:24.357	0.59651	0.59653			6
2024.11.11	01:51:24.664	0.59652	0.59655			6
2024.11.11	01:51:31.178	0.59653	0.59656			6
2024.11.11	01:51:31.930	0.59650	0.59653			6
2024.11.11	01:51:43.194	0.59652	0.59656			6
2024.11.11	01:51:43.496	0.59655	0.59659			6
2024.11.11	01:51:51.877	0.59658	0.59662			6
2024.11.11	01:51:52.175		0.59661			4
2024.11.11	01:51:52.527		0.59662			4
2024.11.11	01:51:54.213	0.59660				2
2024.11.11	01:51:54.526	0.59661	0.59665			6
2024.11.11	01:51:55.075		0.59664			4
2024.11.11	01:51:56.963		0.59665			4
2024.11.11	01:51:57.485	0.59660	0.59664			6
2024.11.11	01:52:01.223	0.59660				2
2024.11.11	01:52:02.058	0.59661				2
2024.11.11	01:52:08.631	0.59660				2
2024.11.11	01:52:17.974	0.59655	0.59658			6
2024.11.11	01:52:20.152	0.59656				2
2024.11.11	01:52:20.660	0.59655				2
2024.11.11	01:52:22.862		0.59659			4
2024.11.11	01:52:24.161	0.59656				2
2024.11.11	01:52:34.566	0.59655	0.59658			6
2024.11.11	01:52:35.999	0.59654				2
2024.11.11	01:52:38.471	0.59655				2
2024.11.11	01:52:52.781		0.59659			4
2024.11.11	01:53:00.240	0.59655				2
2024.11.11	01:53:04.984	0.59657	0.59660			6
2024.11.11	01:53:05.292	0.59656	0.59659			6
2024.11.11	01:53:08.702	0.59657	0.59661			6
2024.11.11	01:53:09.739		0.59660			4
2024.11.11	01:53:14.202	0.59658	0.59661			6
2024.11.11	01:53:15.132	0.59657				2
2024.11.11	01:53:16.019	0.59659	0.59662			6
2024.11.11	01:53:18.002	0.59660	0.59663			6
2024.11.11	01:53:22.368	0.59661	0.59665			6
2024.11.11	01:53:23.568		0.59664			4
2024.11.11	01:53:28.854	0.59660	0.59663			6
2024.11.11	01:53:30.098		0.59664			4
2024.11.11	01:53:31.142	0.59657	0.59660			6
2024.11.11	01:53:31.446	0.59660	0.59663			6
2024.11.11	01:53:31.767	0.59661	0.59664			6
2024.11.11	01:53:33.384	0.59660	0.59663			6
2024.11.11	01:53:33.761	0.59659				2
2024.11.11	01:53:35.801	0.59658	0.59662			6
2024.11.11	01:53:36.306	0.59661	0.59665			6
2024.11.11	01:53:36.626	0.59662				2
2024.11.11	01:53:38.555	0.59661	0.59666			6
2024.11.11	01:53:40.229	0.59663	0.59667			6
2024.11.11	01:53:40.547	0.59662	0.59666			6
2024.11.11	01:53:40.853	0.59663	0.59667			6
2024.11.11	01:53:41.166	0.59665	0.59669			6
2024.11.11	01:53:50.231	0.59666	0.59671			6
2024.11.11	01:53:50.555	0.59669	0.59673			6
2024.11.11	01:53:50.857	0.59667	0.59671			6
2024.11.11	01:53:51.755	0.59666	0.59670			6
2024.11.11	01:53:53.205	0.59670	0.59673			6
2024.11.11	01:53:54.300		0.59674			4
2024.11.11	01:53:54.947	0.59668	0.59672			6
2024.11.11	01:53:55.576	0.59669	0.59673			6
2024.11.11	01:53:55.885		0.59672			4
2024.11.11	01:54:00.680	0.59669				2
2024.11.11	01:54:02.973	0.59666	0.59670			6
2024.11.11	01:54:03.293	0.59664	0.59668			6
2024.11.11	01:54:03.600	0.59662	0.59666			6
2024.11.11	01:54:11.831	0.59665	0.59669			6
2024.11.11	01:54:20.726	0.59662	0.59666			6
2024.11.11	01:54:22.251	0.59661	0.59665			6
2024.11.11	01:54:28.337	0.59662				2
2024.11.11	01:54:30.956	0.59661				2
2024.11.11	01:54:33.020	0.59662				2
2024.11.11	01:54:41.698	0.59661				2
2024.11.11	01:54:42.061	0.59660	0.59664			6
2024.11.11	01:54:49.232	0.59661	0.59665			6
2024.11.11	01:54:52.365	0.59660	0.59664			6
2024.11.11	01:54:52.685	0.59661	0.59665			6
2024.11.11	01:54:58.858	0.59660	0.59664			6
2024.11.11	01:55:00.017	0.59660				2
2024.11.11	01:55:00.388	0.59661				2
2024.11.11	01:55:05.002		0.59665			4
2024.11.11	01:55:21.089		0.59664			4
2024.11.11	01:55:34.513	0.59660	0.59665			6
2024.11.11	01:55:34.866	0.59661				2
2024.11.11	01:55:37.178	0.59660	0.59664			6
2024.11.11	01:55:37.801	0.59661	0.59665			6
2024.11.11	01:55:40.645	0.59662	0.59666			6
2024.11.11	01:55:43.612	0.59663				2
2024.11.11	01:55:46.134	0.59660	0.59663			6
2024.11.11	01:55:46.445	0.59657	0.59661			6
2024.11.11	01:55:47.421	0.59659	0.59662			6
2024.11.11	01:55:49.671	0.59657				2
2024.11.11	01:55:57.634	0.59659	0.59663			6
2024.11.11	01:55:59.149		0.59662			4
2024.11.11	01:56:01.416	0.59658	0.59661			6
2024.11.11	01:56:01.735	0.59656				2
2024.11.11	01:56:02.367		0.59662			4
2024.11.11	01:56:03.030		0.59661			4
2024.11.11	01:56:03.349		0.59660			4
2024.11.11	01:56:03.990	0.59654	0.59658			6
2024.11.11	01:56:05.790		0.59657			4
2024.11.11	01:56:06.281	0.59655	0.59659			6
2024.11.11	01:56:06.583	0.59656				2
2024.11.11	01:56:08.229	0.59654	0.59658			6
2024.11.11	01:56:08.540		0.59657			4
2024.11.11	01:56:08.910	0.59652	0.59655			6
2024.11.11	01:56:11.438		0.59656			4
2024.11.11	01:56:16.426	0.59650	0.59654			6
2024.11.11	01:56:20.659		0.59653			4
2024.11.11	01:56:26.037	0.59649				2
2024.11.11	01:56:29.362	0.59650				2
2024.11.11	01:56:33.181	0.59652	0.59656			6
2024.11.11	01:56:33.506		0.59655			4
2024.11.11	01:56:34.133		0.59656			4
2024.11.11	01:56:35.534		0.59655			4
2024.11.11	01:56:36.153	0.59651				2
2024.11.11	01:56:37.526	0.59652	0.59656			6
2024.11.11	01:56:37.855		0.59655			4
2024.11.11	01:56:39.559	0.59651				2
2024.11.11	01:56:40.653	0.59652				2
2024.11.11	01:56:42.542	0.59651				2
2024.11.11	01:56:42.842	0.59652				2
2024.11.11	01:56:43.920		0.59656			4
2024.11.11	01:56:50.569	0.59654				2
2024.11.11	01:56:50.872	0.59656	0.59659			6
2024.11.11	01:56:53.374	0.59657	0.59660			6
2024.11.11	01:56:54.606		0.59661			4
2024.11.11	01:56:55.024	0.59658	0.59662			6
2024.11.11	01:57:00.321	0.59658				2
2024.11.11	01:57:01.224	0.59659				2
2024.11.11	01:57:09.887	0.59658	0.59661			6
2024.11.11	01:57:10.407		0.59662			4
2024.11.11	01:57:11.579		0.59661			4
2024.11.11	01:57:26.018	0.59654	0.59658			6
2024.11.11	01:57:27.843	0.59655				2
2024.11.11	01:57:51.343		0.59659			4
2024.11.11	01:57:51.821		0.59658			4
2024.11.11	01:58:00.191	0.59655				2
2024.11.11	01:58:02.215	0.59654				2
2024.11.11	01:58:04.760	0.59651	0.59654			6
2024.11.11	01:58:05.685		0.59653			4
2024.11.11	01:58:06.106	0.59650				2
2024.11.11	01:58:34.194		0.59652			4
2024.11.11	01:58:45.383	0.59647	0.59651			6
2024.11.11	01:58:46.143	0.59651	0.59654			6
2024.11.11	01:58:51.600	0.59653	0.59656			6
2024.11.11	01:58:52.003	0.59652	0.59655			6
2024.11.11	01:58:53.830	0.59651	0.59654			6
2024.11.11	01:58:57.191	0.59650				2
2024.11.11	01:58:58.408	0.59651				2
2024.11.11	01:59:00.666	0.59651				2
2024.11.11	01:59:15.720		0.59652			4
2024.11.11	01:59:20.313		0.59653			4
2024.11.11	01:59:21.240	0.59653	0.59655			6
2024.11.11	01:59:21.544	0.59652				2
2024.11.11	01:59:22.020	0.59654				2
2024.11.11	01:59:22.351	0.59652				2
2024.11.11	01:59:22.912	0.59648	0.59649			6
2024.11.11	01:59:24.683	0.59642	0.59645			6
2024.11.11	01:59:24.993	0.59643				2
2024.11.11	01:59:26.886	0.59644				2
2024.11.11	01:59:27.188	0.59641	0.59644			6
2024.11.11	01:59:27.811	0.59644	0.59645			6
2024.11.11	01:59:30.295		0.59646			4
2024.11.11	01:59:31.086	0.59645	0.59647			6
2024.11.11	01:59:31.440	0.59646	0.59648			6
2024.11.11	01:59:46.341	0.59645				2
2024.11.11	01:59:50.472	0.59646				2
2024.11.11	01:59:50.930	0.59645				2
2024.11.11	01:59:58.903	0.59641	0.59644			6
2024.11.11	01:59:59.742	0.59642	0.59645			6
2024.11.11	02:00:00.076	0.59643	0.59646			6
2024.11.11	02:00:00.386	0.59638	0.59639			6
2024.11.11	02:00:00.705	0.59637	0.59640			6
2024.11.11	02:00:01.402	0.59638	0.59641			6
2024.11.11	02:00:01.902	0.59637				2
2024.11.11	02:00:02.863	0.59639	0.59642			6
2024.11.11	02:00:07.218	0.59640	0.59643			6
2024.11.11	02:00:07.525	0.59639	0.59642			6
2024.11.11	02:00:07.840	0.59640				2
2024.11.11	02:00:09.478	0.59637				2
2024.11.11	02:00:09.788	0.59638				2
2024.11.11	02:00:11.811	0.59637				2
2024.11.11	02:00:12.115	0.59638				2
2024.11.11	02:00:16.644	0.59642	0.59644			6
2024.11.11	02:00:18.208		0.59645			4
2024.11.11	02:00:18.885	0.59641	0.59644			6
2024.11.11	02:00:19.541	0.59642	0.59645			6
2024.11.11	02:00:19.843	0.59641	0.59644			6
2024.11.11	02:00:20.163	0.59642	0.59645			6
2024.11.11	02:00:20.526	0.59641	0.59644			6
2024.11.11	02:00:20.827	0.59642	0.59645			6
2024.11.11	02:00:21.189	0.59641	0.59644			6
2024.11.11	02:00:23.774	0.59642	0.59645			6
2024.11.11	02:00:25.055	0.59641	0.59644			6
2024.11.11	02:00:26.149	0.59642	0.59645			6
2024.11.11	02:00:26.479	0.59641	0.59644			6
2024.11.11	02:00:27.420		0.59643			4
2024.11.11	02:00:27.749		0.59644			4
2024.11.11	02:00:28.722	0.59638	0.59641			6
2024.11.11	02:00:30.361	0.59637	0.59639			6
2024.11.11	02:00:30.662		0.59640			4
2024.11.11	02:00:31.611	0.59638				2
2024.11.11	02:00:36.231	0.59637				2
2024.11.11	02:00:36.636	0.59634	0.59636			6
2024.11.11	02:00:44.033	0.59632	0.59635			6
2024.11.11	02:00:44.651	0.59629	0.59631			6
2024.11.11	02:00:45.781	0.59627	0.59630			6
2024.11.11	02:00:48.523	0.59626	0.59629			6
2024.11.11	02:00:49.010	0.59627	0.59630			6
2024.11.11	02:00:49.985	0.59628	0.59631			6
2024.11.11	02:00:50.310	0.59627	0.59630			6
2024.11.11	02:00:53.477	0.59626	0.59629			6
2024.11.11	02:00:53.788	0.59627	0.59630			6
2024.11.11	02:00:54.463		0.59631			4
2024.11.11	02:00:54.843	0.59634	0.59635			6
2024.11.11	02:00:55.154	0.59635	0.59636			6
2024.11.11	02:00:55.460	0.59642	0.59643			6
2024.11.11	02:00:55.766	0.59658	0.59660			6
2024.11.11	02:00:56.085	0.59659				2
2024.11.11	02:00:56.386	0.59656	0.59657			6
2024.11.11	02:00:56.706		0.59658			4
2024.11.11	02:00:57.021	0.59653	0.59654			6
2024.11.11	02:00:57.325	0.59656	0.59657			6
2024.11.11	02:00:57.631	0.59658	0.59660			6
2024.11.11	02:00:58.046	0.59656	0.59658			6
2024.11.11	02:01:00.369	0.59656				2
2024.11.11	02:01:00.681		0.59659			4
2024.11.11	02:01:01.364	0.59659	0.59660			6
2024.11.11	02:01:01.683	0.59664	0.59665			6
2024.11.11	02:01:02.004	0.59663	0.59664			6
2024.11.11	02:01:02.666		0.59666			4
2024.11.11	02:01:03.437		0.59665			4
2024.11.11	02:01:05.622		0.59664			4
2024.11.11	02:01:05.955	0.59662				2
2024.11.11	02:01:06.606	0.59663	0.59665			6
2024.11.11	02:01:07.211	0.59662				2
2024.11.11	02:01:07.655	0.59657	0.59658			6
2024.11.11	02:01:08.393		0.59659			4
2024.11.11	02:01:08.892	0.59658				2
2024.11.11	02:01:09.878	0.59657	0.59658			6
2024.11.11	02:01:10.590	0.59654	0.59655			6
2024.11.11	02:01:11.911	0.59653	0.59654			6
2024.11.11	02:01:12.649	0.59651	0.59653			6
2024.11.11	02:01:12.969	0.59652	0.59654			6
2024.11.11	02:01:15.225	0.59651	0.59653			6
2024.11.11	02:01:15.546	0.59649	0.59651			6
2024.11.11	02:01:18.071	0.59650				2
2024.11.11	02:01:18.425		0.59653			4
2024.11.11	02:01:20.606		0.59652			4
2024.11.11	02:01:23.877	0.59649	0.59651			6
2024.11.11	02:01:24.329	0.59650	0.59652			6
2024.11.11	02:01:24.644	0.59654	0.59656			6
2024.11.11	02:01:24.945	0.59653	0.59654			6
2024.11.11	02:01:28.513	0.59652				2
2024.11.11	02:01:30.340	0.59653				2
2024.11.11	02:01:32.942	0.59652				2
2024.11.11	02:01:34.528	0.59653				2
2024.11.11	02:01:34.835		0.59655			4
2024.11.11	02:01:35.650	0.59655	0.59657			6
2024.11.11	02:01:36.006		0.59656			4
2024.11.11	02:01:36.325		0.59657			4
2024.11.11	02:01:36.638		0.59658			4
2024.11.11	02:01:37.581		0.59656			4
2024.11.11	02:01:38.567	0.59656	0.59657			6
2024.11.11	02:01:38.891		0.59658			4
2024.11.11	02:01:40.102	0.59655	0.59656			6
2024.11.11	02:01:41.664	0.59656	0.59657			6
2024.11.11	02:01:42.026		0.59658			4
2024.11.11	02:01:43.782		0.59659			4
2024.11.11	02:01:44.124	0.59657	0.59660			6
2024.11.11	02:01:45.869	0.59658				2
2024.11.11	02:01:46.741	0.59660	0.59662			6
2024.11.11	02:01:48.910	0.59661	0.59663			6
2024.11.11	02:01:50.358	0.59662				2
2024.11.11	02:01:50.664	0.59661	0.59662			6
2024.11.11	02:01:50.968	0.59660				2
2024.11.11	02:01:54.332	0.59656	0.59658			6
2024.11.11	02:01:55.331	0.59655	0.59656			6
2024.11.11	02:01:59.648	0.59654	0.59655			6
2024.11.11	02:02:00.361	0.59654				2
2024.11.11	02:02:00.667	0.59656	0.59657			6
2024.11.11	02:02:01.009	0.59655				2
2024.11.11	02:02:01.312		0.59656			4
2024.11.11	02:02:03.872		0.59657			4
2024.11.11	02:02:06.873	0.59654	0.59656			6
2024.11.11	02:02:07.306	0.59653	0.59655			6
2024.11.11	02:02:07.920		0.59654			4
2024.11.11	02:02:09.433	0.59652	0.59653			6
2024.11.11	02:02:10.150	0.59650	0.59651			6
2024.11.11	02:02:10.464	0.59649	0.59650			6
2024.11.11	02:02:10.832	0.59648	0.59649			6
2024.11.11	02:02:19.638	0.59645	0.59646			6
2024.11.11	02:02:20.989	0.59643	0.59645			6
2024.11.11	02:02:22.404	0.59644				2
2024.11.11	02:02:24.109	0.59645	0.59647			6
2024.11.11	02:02:27.360		0.59646			4
2024.11.11	02:02:27.739	0.59644	0.59645			6
2024.11.11	02:02:28.050	0.59643	0.59644			6
2024.11.11	02:02:29.168	0.59639	0.59640			6
2024.11.11	02:02:31.296	0.59640	0.59642			6
2024.11.11	02:02:34.066		0.59641			4
2024.11.11	02:02:34.957		0.59642			4
2024.11.11	02:02:38.159	0.59639	0.59640			6
2024.11.11	02:02:38.480		0.59641			4
2024.11.11	02:02:39.216	0.59640	0.59642			6
2024.11.11	02:02:41.393	0.59646	0.59647			6
2024.11.11	02:02:42.350	0.59645	0.59646			6
2024.11.11	02:02:51.436	0.59644				2
2024.11.11	02:02:51.752		0.59645			4
2024.11.11	02:02:52.822		0.59646			4
2024.11.11	02:02:54.548	0.59643	0.59645			6
2024.11.11	02:02:55.761	0.59644				2
2024.11.11	02:02:56.224	0.59643				2
2024.11.11	02:02:58.136	0.59644				2
2024.11.11	02:02:58.443	0.59643				2
2024.11.11	02:03:00.369	0.59643				2
2024.11.11	02:03:01.301	0.59644				2
2024.11.11	02:03:01.606	0.59643				2
2024.11.11	02:03:06.304	0.59642				2
2024.11.11	02:03:07.747	0.59640	0.59643			6
2024.11.11	02:03:11.589	0.59639	0.59641			6
2024.11.11	02:03:11.901	0.59637	0.59640			6
2024.11.11	02:03:12.241		0.59639			4
2024.11.11	02:03:12.579	0.59638	0.59642			6
2024.11.11	02:03:12.888	0.59639	0.59641			6
2024.11.11	02:03:14.272	0.59640	0.59643			6
2024.11.11	02:03:16.677	0.59643	0.59645			6
2024.11.11	02:03:17.508		0.59646			4
2024.11.11	02:03:20.026		0.59645			4
2024.11.11	02:03:20.332	0.59642	0.59644			6
2024.11.11	02:03:20.942	0.59643	0.59645			6
2024.11.11	02:03:23.991	0.59642	0.59644			6
2024.11.11	02:03:24.696	0.59641				2
2024.11.11	02:03:25.142	0.59639	0.59642			6
2024.11.11	02:03:25.565	0.59640				2
2024.11.11	02:03:27.847	0.59641	0.59644			6
2024.11.11	02:03:30.092	0.59640	0.59642			6
2024.11.11	02:03:36.550	0.59643	0.59645			6
2024.11.11	02:03:37.390	0.59641	0.59644			6
2024.11.11	02:03:39.462		0.59643			4
2024.11.11	02:03:40.658	0.59643	0.59646			6
2024.11.11	02:03:41.296	0.59642	0.59644			6
2024.11.11	02:03:42.587		0.59643			4
2024.11.11	02:03:42.919	0.59641				2
2024.11.11	02:03:46.076	0.59640	0.59641			6
2024.11.11	02:03:46.384	0.59639	0.59640			6
2024.11.11	02:03:46.714	0.59636	0.59638			6
2024.11.11	02:03:47.707		0.59637			4
2024.11.11	02:03:48.329	0.59635				2
2024.11.11	02:03:49.920	0.59634	0.59635			6
2024.11.11	02:03:50.944		0.59636			4
2024.11.11	02:03:51.246		0.59637			4
2024.11.11	02:03:51.558		0.59636			4
2024.11.11	02:03:52.394		0.59637			4
2024.11.11	02:03:52.704		0.59636			4
2024.11.11	02:03:53.126	0.59630	0.59634			6
2024.11.11	02:03:53.527	0.59631				2
2024.11.11	02:03:57.348	0.59633	0.59636			6
2024.11.11	02:03:58.942	0.59632	0.59634			6
2024.11.11	02:04:00.478	0.59631				2
2024.11.11	02:04:04.406	0.59630	0.59633			6
2024.11.11	02:04:04.721	0.59629	0.59632			6
2024.11.11	02:04:22.241		0.59633			4
2024.11.11	02:04:24.345	0.59632	0.59635			6
2024.11.11	02:04:24.761		0.59634			4
2024.11.11	02:04:25.326		0.59635			4
2024.11.11	02:04:27.395		0.59634			4
2024.11.11	02:04:29.238		0.59635			4
2024.11.11	02:04:29.996		0.59634			4
2024.11.11	02:04:30.801	0.59631	0.59633			6
2024.11.11	02:04:31.103	0.59630				2
2024.11.11	02:04:31.436	0.59629	0.59632			6
2024.11.11	02:04:33.541	0.59632	0.59633			6
2024.11.11	02:04:35.141	0.59628	0.59632			6
2024.11.11	02:04:36.148	0.59632	0.59633			6
2024.11.11	02:04:39.420	0.59631				2
2024.11.11	02:04:46.052	0.59629				2
2024.11.11	02:04:46.540	0.59628	0.59631			6
2024.11.11	02:04:47.044		0.59630			4
2024.11.11	02:04:48.671		0.59629			4
2024.11.11	02:04:48.989	0.59624	0.59625			6
2024.11.11	02:04:49.335		0.59627			4
2024.11.11	02:04:50.355	0.59626	0.59630			6
2024.11.11	02:04:51.361		0.59629			4
2024.11.11	02:04:51.703		0.59628			4
2024.11.11	02:04:54.503	0.59625				2
2024.11.11	02:04:55.345	0.59626	0.59629			6
2024.11.11	02:04:55.655		0.59630			4
2024.11.11	02:04:56.736		0.59629			4
2024.11.11	02:04:58.948		0.59630			4
2024.11.11	02:04:59.815		0.59628			4
2024.11.11	02:05:00.154	0.59624	0.59627			6
2024.11.11	02:05:00.650	0.59625	0.59626			6
2024.11.11	02:05:00.988	0.59628	0.59631			6
2024.11.11	02:05:01.944		0.59630			4
2024.11.11	02:05:03.425	0.59627				2
2024.11.11	02:05:03.853	0.59624	0.59627			6
2024.11.11	02:05:05.596		0.59626			4
2024.11.11	02:05:05.903		0.59627			4
2024.11.11	02:05:08.462		0.59628			4
2024.11.11	02:05:09.506	0.59625				2
2024.11.11	02:05:10.814	0.59624				2
2024.11.11	02:05:11.542		0.59627			4
2024.11.11	02:05:13.820		0.59626			4
2024.11.11	02:05:14.122		0.59627			4
2024.11.11	02:05:14.427		0.59626			4
2024.11.11	02:05:14.784		0.59627			4
2024.11.11	02:05:17.057		0.59626			4
2024.11.11	02:05:17.688	0.59620	0.59623			6
2024.11.11	02:05:18.001	0.59619	0.59622			6
2024.11.11	02:05:18.669	0.59621	0.59624			6
2024.11.11	02:05:18.971		0.59623			4
2024.11.11	02:05:19.295		0.59624			4
2024.11.11	02:05:23.438	0.59618	0.59621			6
2024.11.11	02:05:23.751		0.59622			4
2024.11.11	02:05:25.940		0.59621			4
2024.11.11	02:05:27.825	0.59621	0.59624			6
2024.11.11	02:05:30.077		0.59623			4
2024.11.11	02:05:30.404	0.59620	0.59622			6
2024.11.11	02:05:31.454		0.59623			4
2024.11.11	02:05:31.754		0.59622			4
2024.11.11	02:05:35.124	0.59619				2
2024.11.11	02:05:35.480	0.59620	0.59623			6
2024.11.11	02:05:36.096	0.59621	0.59624			6
2024.11.11	02:05:40.902	0.59624	0.59627			6
2024.11.11	02:05:41.209		0.59628			4
2024.11.11	02:05:41.793		0.59627			4
2024.11.11	02:05:43.073		0.59628			4
2024.11.11	02:05:43.375		0.59627			4
2024.11.11	02:05:44.220		0.59626			4
2024.11.11	02:05:44.856		0.59625			4
2024.11.11	02:05:45.216		0.59626			4
2024.11.11	02:05:45.894		0.59625			4
2024.11.11	02:05:46.219		0.59626			4
2024.11.11	02:05:46.546		0.59625			4
2024.11.11	02:05:47.314		0.59626			4
2024.11.11	02:05:49.754		0.59625			4
2024.11.11	02:05:50.055		0.59626			4
2024.11.11	02:05:50.424		0.59625			4
2024.11.11	02:05:50.735		0.59626			4
2024.11.11	02:05:52.573		0.59627			4
2024.11.11	02:05:54.349		0.59625			4
2024.11.11	02:05:56.233	0.59623				2
2024.11.11	02:05:57.048	0.59622				2
2024.11.11	02:05:57.781	0.59621	0.59623			6
2024.11.11	02:05:58.586	0.59619	0.59622			6
2024.11.11	02:05:59.683	0.59618				2
2024.11.11	02:05:59.996		0.59623			4
2024.11.11	02:06:00.305	0.59618				2
2024.11.11	02:06:02.805	0.59619	0.59622			6
2024.11.11	02:06:04.694	0.59618	0.59620			6
2024.11.11	02:06:05.002	0.59619	0.59621			6
2024.11.11	02:06:05.322	0.59618				2
2024.11.11	02:06:05.963	0.59617	0.59619			6
2024.11.11	02:06:06.587		0.59621			4
2024.11.11	02:06:06.952	0.59618				2
2024.11.11	02:06:07.279		0.59620			4
2024.11.11	02:06:08.272	0.59617				2
2024.11.11	02:06:08.582	0.59618	0.59621			6
2024.11.11	02:06:09.649		0.59620			4
2024.11.11	02:06:10.442		0.59619			4
2024.11.11	02:06:11.026		0.59620			4
2024.11.11	02:06:11.393	0.59615	0.59619			6
2024.11.11	02:06:11.782	0.59614	0.59618			6
2024.11.11	02:06:12.091		0.59617			4
2024.11.11	02:06:12.478	0.59615	0.59618			6
2024.11.11	02:06:12.972	0.59613	0.59615			6
2024.11.11	02:06:15.125	0.59612	0.59614			6
2024.11.11	02:06:19.401	0.59611	0.59613			6
2024.11.11	02:06:19.952		0.59612			4
2024.11.11	02:06:22.608	0.59612	0.59616			6
2024.11.11	02:06:23.975	0.59613				2
2024.11.11	02:06:24.795	0.59612				2
2024.11.11	02:06:26.401	0.59613				2
2024.11.11	02:06:27.170	0.59615	0.59619			6
2024.11.11	02:06:28.653	0.59613	0.59617			6
2024.11.11	02:06:31.334	0.59614				2
2024.11.11	02:06:32.251	0.59613	0.59616			6
2024.11.11	02:06:32.555		0.59614			4
2024.11.11	02:06:32.860		0.59615			4
2024.11.11	02:06:33.837		0.59616			4
2024.11.11	02:06:39.685	0.59612				2
2024.11.11	02:06:41.111	0.59613				2
2024.11.11	02:06:42.192	0.59612	0.59615			6
2024.11.11	02:06:42.543		0.59616			4
2024.11.11	02:06:43.456	0.59613	0.59617			6
2024.11.11	02:06:44.142		0.59616			4
2024.11.11	02:06:46.759	0.59614	0.59617			6
2024.11.11	02:06:52.724		0.59618			4
2024.11.11	02:06:53.180		0.59617			4
2024.11.11	02:06:56.904	0.59615				2
2024.11.11	02:06:57.330		0.59618			4
2024.11.11	02:06:57.961	0.59616	0.59619			6
2024.11.11	02:06:58.867	0.59615				2
2024.11.11	02:06:59.169	0.59616				2
2024.11.11	02:07:00.237	0.59616				2
2024.11.11	02:07:08.664		0.59618			4
2024.11.11	02:07:13.815	0.59617				2
2024.11.11	02:07:15.384		0.59619			4
2024.11.11	02:07:17.044		0.59618			4
2024.11.11	02:07:18.896	0.59616				2
2024.11.11	02:07:22.123	0.59613	0.59614			6
2024.11.11	02:07:22.431		0.59616			4
2024.11.11	02:07:23.515		0.59615			4
2024.11.11	02:07:25.905		0.59616			4
2024.11.11	02:07:27.581		0.59615			4
2024.11.11	02:07:28.342		0.59616			4
2024.11.11	02:07:28.671	0.59616	0.59620			6
2024.11.11	02:07:30.173		0.59619			4
2024.11.11	02:07:36.141	0.59618	0.59621			6
2024.11.11	02:07:38.652		0.59622			4
2024.11.11	02:07:39.358		0.59621			4
2024.11.11	02:07:40.170		0.59622			4
2024.11.11	02:07:42.126		0.59621			4
2024.11.11	02:07:42.707	0.59617				2
2024.11.11	02:07:43.718	0.59618				2
2024.11.11	02:07:44.143	0.59619	0.59622			6
2024.11.11	02:07:44.892	0.59613	0.59615			6
2024.11.11	02:07:47.224		0.59616			4
2024.11.11	02:07:48.235		0.59615			4
2024.11.11	02:07:50.195		0.59616			4
2024.11.11	02:07:50.696	0.59614	0.59618			6
2024.11.11	02:07:51.373	0.59615				2
2024.11.11	02:07:51.747	0.59614	0.59617			6
2024.11.11	02:07:52.313		0.59616			4
2024.11.11	02:07:52.653		0.59617			4
2024.11.11	02:07:53.866	0.59613	0.59616			6
2024.11.11	02:07:54.343		0.59617			4
2024.11.11	02:07:55.047		0.59616			4
2024.11.11	02:07:55.363		0.59617			4
2024.11.11	02:08:00.795	0.59613	0.59616			6
2024.11.11	02:08:01.157		0.59617			4
2024.11.11	02:08:04.931	0.59614				2
2024.11.11	02:08:07.753	0.59611	0.59613			6
2024.11.11	02:08:08.067		0.59612			4
2024.11.11	02:08:10.470	0.59612	0.59614			6
2024.11.11	02:08:10.809		0.59613			4
2024.11.11	02:08:14.157		0.59614			4
2024.11.11	02:08:16.087	0.59611	0.59613			6
2024.11.11	02:08:17.304		0.59612			4
2024.11.11	02:08:17.917		0.59613			4
2024.11.11	02:08:23.388	0.59610	0.59611			6
2024.11.11	02:08:24.505	0.59609	0.59610			6
2024.11.11	02:08:33.762		0.59611			4
2024.11.11	02:08:42.504		0.59610			4
2024.11.11	02:08:45.795		0.59612			4
2024.11.11	02:08:46.420		0.59611			4
2024.11.11	02:08:47.127		0.59612			4
2024.11.11	02:08:47.509		0.59611			4
2024.11.11	02:08:47.861		0.59612			4
2024.11.11	02:08:48.930		0.59611			4
2024.11.11	02:08:49.238		0.59612			4
2024.11.11	02:08:49.864		0.59611			4
2024.11.11	02:08:50.702		0.59612			4
2024.11.11	02:08:52.687		0.59611			4
2024.11.11	02:08:54.278		0.59610			4
2024.11.11	02:08:54.800	0.59608				2
2024.11.11	02:08:55.736		0.59611			4
2024.11.11	02:08:57.595		0.59610			4
2024.11.11	02:08:57.931	0.59607				2
2024.11.11	02:08:58.366		0.59611			4
2024.11.11	02:09:00.056	0.59608				2
2024.11.11	02:09:00.375	0.59609				2
2024.11.11	02:09:00.692		0.59612			4
2024.11.11	02:09:01.712	0.59617	0.59620			6
2024.11.11	02:09:03.117		0.59621			4
2024.11.11	02:09:03.762	0.59618				2
2024.11.11	02:09:05.441	0.59619	0.59620			6
2024.11.11	02:09:05.747	0.59618	0.59621			6
2024.11.11	02:09:06.473		0.59620			4
2024.11.11	02:09:06.804	0.59619	0.59621			6
2024.11.11	02:09:07.777	0.59618	0.59620			6
2024.11.11	02:09:08.320	0.59619	0.59621			6
2024.11.11	02:09:11.800	0.59618				2
2024.11.11	02:09:17.195	0.59613	0.59616			6
2024.11.11	02:09:23.277	0.59614	0.59617			6
2024.11.11	02:09:23.960	0.59613	0.59616			6
2024.11.11	02:09:26.455	0.59612				2
2024.11.11	02:09:27.976	0.59613				2
2024.11.11	02:09:28.579	0.59612				2
2024.11.11	02:09:30.065	0.59610	0.59613			6
2024.11.11	02:09:31.163	0.59612	0.59616			6
2024.11.11	02:09:31.576	0.59614				2
2024.11.11	02:09:31.993	0.59613	0.59617			6
2024.11.11	02:09:32.356	0.59615				2
2024.11.11	02:09:32.664		0.59619			4
2024.11.11	02:09:33.780	0.59618	0.59621			6
2024.11.11	02:09:34.138	0.59613	0.59616			6
2024.11.11	02:09:35.159	0.59612	0.59615			6
2024.11.11	02:09:36.105	0.59607	0.59609			6
2024.11.11	02:09:38.045	0.59604	0.59608			6
2024.11.11	02:09:39.192	0.59605				2
2024.11.11	02:09:39.525	0.59604				2
2024.11.11	02:09:39.986		0.59607			4
2024.11.11	02:09:41.287		0.59608			4
2024.11.11	02:09:45.313	0.59605				2
2024.11.11	02:09:47.061	0.59610	0.59613			6
2024.11.11	02:09:49.187	0.59609	0.59612			6
2024.11.11	02:10:00.369	0.59609				2
2024.11.11	02:10:00.980	0.59611	0.59614			6
2024.11.11	02:10:01.985		0.59613			4
2024.11.11	02:10:04.423	0.59608	0.59612			6
2024.11.11	02:10:04.824	0.59609				2
2024.11.11	02:10:05.697		0.59613			4
2024.11.11	02:10:06.327	0.59611	0.59614			6
2024.11.11	02:10:12.145	0.59612	0.59616			6
2024.11.11	02:10:18.709	0.59613				2
2024.11.11	02:10:21.100	0.59612				2
2024.11.11	02:10:23.654	0.59613				2
2024.11.11	02:10:24.349	0.59612				2
2024.11.11	02:10:24.650	0.59610	0.59613			6
2024.11.11	02:10:24.968	0.59607	0.59611			6
2024.11.11	02:10:25.274	0.59608				2
2024.11.11	02:10:25.928		0.59612			4
2024.11.11	02:10:27.410		0.59611			4
2024.11.11	02:10:30.004	0.59607				2
2024.11.11	02:10:30.310	0.59608				2
2024.11.11	02:10:36.528	0.59607				2
2024.11.11	02:10:36.943	0.59608				2
2024.11.11	02:10:40.586	0.59613	0.59616			6
2024.11.11	02:10:43.854	0.59615	0.59617			6
2024.11.11	02:10:44.426		0.59619			4
2024.11.11	02:10:45.397		0.59618			4
2024.11.11	02:10:49.293	0.59613	0.59616			6
2024.11.11	02:10:49.605	0.59612	0.59615			6
2024.11.11	02:10:53.512		0.59614			4
2024.11.11	02:10:55.245	0.59610	0.59613			6
2024.11.11	02:10:57.851	0.59611				2
2024.11.11	02:10:58.184		0.59614			4
2024.11.11	02:11:00.382	0.59611				2
2024.11.11	02:11:03.591	0.59610				2
2024.11.11	02:11:03.895	0.59611				2
2024.11.11	02:11:04.537	0.59612	0.59615			6
2024.11.11	02:11:08.891	0.59611	0.59613			6
2024.11.11	02:11:09.278	0.59610				2
2024.11.11	02:11:09.719	0.59613	0.59616			6
2024.11.11	02:11:19.383	0.59612	0.59615			6
2024.11.11	02:11:20.454	0.59611	0.59614			6
2024.11.11	02:11:20.768		0.59613			4
2024.11.11	02:11:25.976	0.59614	0.59617			6
2024.11.11	02:11:27.095	0.59615	0.59618			6
2024.11.11	02:11:27.407	0.59614	0.59617			6
2024.11.11	02:11:30.763	0.59615	0.59619			6
2024.11.11	02:11:31.066	0.59617	0.59620			6
2024.11.11	02:11:31.367	0.59618	0.59621			6
2024.11.11	02:11:33.107	0.59619	0.59622			6
2024.11.11	02:11:41.641	0.59618	0.59621			6
