<DATE>	<TIME>	<BID>	<ASK>	<LAST>	<VOLUME>	<FLAGS>
2024.08.14	00:00:00.096	0.60610	0.60810			6
2024.08.14	00:00:00.396	0.60613	0.60813			6
2024.08.14	00:01:00.302	0.60614	0.60814			6
2024.08.14	00:01:03.499	0.60612	0.60812			6
2024.08.14	00:01:14.585	0.60608	0.60808			6
2024.08.14	00:01:15.442	0.60610	0.60810			6
2024.08.14	00:02:01.492	0.60610				2
2024.08.14	00:02:02.013	0.60614	0.60814			6
2024.08.14	00:04:02.543	0.60607	0.60820			6
2024.08.14	00:05:01.152	0.60607				2
2024.08.14	00:05:05.585		0.60820			4
2024.08.14	00:05:33.951	0.60670				2
2024.08.14	00:05:38.150	0.60671				2
2024.08.14	00:05:41.155	0.60657				2
2024.08.14	00:05:49.214	0.60656				2
2024.08.14	00:06:00.354	0.60656				2
2024.08.14	00:06:03.462	0.60655				2
2024.08.14	00:06:05.690		0.60820			4
2024.08.14	00:06:09.683		0.60814			4
2024.08.14	00:06:26.422	0.60652				2
2024.08.14	00:06:27.800	0.60651				2
2024.08.14	00:06:31.152	0.60648	0.60813			6
2024.08.14	00:06:35.607	0.60660	0.60815			6
2024.08.14	00:06:37.230	0.60661				2
2024.08.14	00:06:38.325		0.60816			4
2024.08.14	00:06:38.699	0.60662				2
2024.08.14	00:06:48.901	0.60661				2
2024.08.14	00:06:50.154	0.60662				2
2024.08.14	00:06:52.811	0.60663				2
2024.08.14	00:06:59.975	0.60664				2
2024.08.14	00:07:00.354	0.60663				2
2024.08.14	00:07:00.818	0.60664				2
2024.08.14	00:07:14.151	0.60663				2
2024.08.14	00:07:16.874	0.60661				2
2024.08.14	00:07:21.361	0.60660				2
2024.08.14	00:07:39.320		0.60816			4
2024.08.14	00:07:41.345	0.60661				2
2024.08.14	00:07:46.552	0.60660				2
2024.08.14	00:07:55.588	0.60661	0.60818			6
2024.08.14	00:07:56.127	0.60660	0.60782			6
2024.08.14	00:07:56.926		0.60783			4
2024.08.14	00:07:57.773		0.60782			4
2024.08.14	00:07:58.227	0.60661				2
2024.08.14	00:08:00.945	0.60661				2
2024.08.14	00:08:17.421		0.60819			4
2024.08.14	00:08:23.801	0.60672	0.60782			6
2024.08.14	00:08:24.317	0.60664				2
2024.08.14	00:08:25.012	0.60665				2
2024.08.14	00:08:27.499	0.60667				2
2024.08.14	00:08:32.748	0.60666				2
2024.08.14	00:08:34.475	0.60667				2
2024.08.14	00:08:45.415	0.60670	0.60783			6
2024.08.14	00:08:50.589	0.60671				2
2024.08.14	00:08:57.356	0.60673	0.60789			6
2024.08.14	00:08:58.114		0.60782			4
2024.08.14	00:09:00.877	0.60674				2
2024.08.14	00:09:07.772	0.60675				2
2024.08.14	00:09:15.307	0.60676				2
2024.08.14	00:09:31.548	0.60677				2
2024.08.14	00:09:43.250	0.60678				2
2024.08.14	00:09:47.273	0.60681				2
2024.08.14	00:09:48.336	0.60680				2
2024.08.14	00:09:52.246	0.60681				2
2024.08.14	00:09:57.356		0.60789			4
2024.08.14	00:09:58.973		0.60782			4
2024.08.14	00:09:59.973		0.60750			4
2024.08.14	00:10:00.350	0.60683	0.60782			6
2024.08.14	00:10:00.746	0.60689				2
2024.08.14	00:10:01.062	0.60685				2
2024.08.14	00:10:01.579	0.60680				2
2024.08.14	00:10:01.949	0.60684				2
2024.08.14	00:10:02.253	0.60680				2
2024.08.14	00:10:05.593	0.60677				2
2024.08.14	00:10:06.137	0.60680				2
2024.08.14	00:10:08.972	0.60681				2
2024.08.14	00:10:09.730	0.60674				2
2024.08.14	00:10:10.061	0.60657	0.60788			6
2024.08.14	00:10:10.692	0.60660	0.60790			6
2024.08.14	00:10:11.744	0.60661				2
2024.08.14	00:10:12.311	0.60662				2
2024.08.14	00:10:13.525	0.60670				2
2024.08.14	00:10:14.126	0.60686	0.60789			6
2024.08.14	00:10:14.942	0.60683				2
2024.08.14	00:10:17.088	0.60686				2
2024.08.14	00:10:17.707	0.60684				2
2024.08.14	00:10:18.401	0.60686				2
2024.08.14	00:10:19.211	0.60684				2
2024.08.14	00:10:20.113	0.60681	0.60783			6
2024.08.14	00:10:21.646	0.60687				2
2024.08.14	00:10:21.982	0.60685				2
2024.08.14	00:10:22.659	0.60688				2
2024.08.14	00:10:29.463	0.60686				2
2024.08.14	00:10:29.810	0.60688				2
2024.08.14	00:10:30.278	0.60689				2
2024.08.14	00:10:30.690	0.60692				2
2024.08.14	00:10:31.247	0.60694				2
2024.08.14	00:10:32.029	0.60693				2
2024.08.14	00:10:38.678	0.60694				2
2024.08.14	00:10:44.013		0.60789			4
2024.08.14	00:10:51.126	0.60691				2
2024.08.14	00:11:00.425	0.60693				2
2024.08.14	00:11:04.471		0.60782			4
2024.08.14	00:11:05.433	0.60694				2
2024.08.14	00:11:06.046	0.60693				2
2024.08.14	00:11:18.646	0.60694				2
2024.08.14	00:11:20.459	0.60693				2
2024.08.14	00:11:25.486	0.60694				2
2024.08.14	00:11:25.843		0.60792			4
2024.08.14	00:11:30.368		0.60786			4
2024.08.14	00:11:31.024		0.60784			4
2024.08.14	00:11:32.389	0.60693				2
2024.08.14	00:11:41.999	0.60694				2
2024.08.14	00:11:51.125	0.60691	0.60782			6
2024.08.14	00:11:59.452	0.60690				2
2024.08.14	00:12:01.462	0.60691				2
2024.08.14	00:12:04.796		0.60784			4
2024.08.14	00:12:05.446	0.60692				2
2024.08.14	00:12:07.201	0.60691				2
2024.08.14	00:12:10.491	0.60692				2
2024.08.14	00:12:12.050	0.60691				2
2024.08.14	00:12:17.149	0.60692				2
2024.08.14	00:12:33.346	0.60691				2
2024.08.14	00:12:43.593	0.60695				2
2024.08.14	00:12:43.998	0.60694				2
2024.08.14	00:12:44.601	0.60695	0.60785			6
2024.08.14	00:12:50.734	0.60685				2
2024.08.14	00:12:52.847	0.60684				2
2024.08.14	00:12:54.574	0.60685				2
2024.08.14	00:12:55.631	0.60687				2
2024.08.14	00:12:59.830	0.60686				2
2024.08.14	00:13:00.648	0.60686				2
2024.08.14	00:13:05.530	0.60691				2
2024.08.14	00:13:17.085	0.60692				2
2024.08.14	00:13:19.445	0.60688				2
2024.08.14	00:13:21.018	0.60689				2
2024.08.14	00:13:46.248		0.60785			4
2024.08.14	00:14:00.351	0.60689				2
2024.08.14	00:14:01.431	0.60691				2
2024.08.14	00:14:05.110		0.60788			4
2024.08.14	00:14:07.840	0.60690	0.60787			6
2024.08.14	00:14:10.247	0.60691				2
2024.08.14	00:14:24.297	0.60685	0.60790			6
2024.08.14	00:14:49.517	0.60684				2
2024.08.14	00:15:00.944	0.60684				2
2024.08.14	00:15:09.020		0.60789			4
2024.08.14	00:15:15.222	0.60685				2
2024.08.14	00:15:25.549	0.60684				2
2024.08.14	00:15:28.481	0.60685				2
2024.08.14	00:15:29.682	0.60684				2
2024.08.14	00:15:32.469	0.60683				2
2024.08.14	00:15:33.116	0.60684				2
2024.08.14	00:16:02.323	0.60683	0.60787			6
2024.08.14	00:16:06.587		0.60786			4
2024.08.14	00:16:07.423	0.60688	0.60789			6
2024.08.14	00:16:07.852	0.60689	0.60788			6
2024.08.14	00:16:08.205	0.60679	0.60791			6
2024.08.14	00:16:11.325	0.60677	0.60786			6
2024.08.14	00:16:20.400	0.60675	0.60784			6
2024.08.14	00:16:36.818		0.60783			4
2024.08.14	00:16:38.350		0.60782			4
2024.08.14	00:16:38.986		0.60783			4
2024.08.14	00:16:39.411		0.60779			4
2024.08.14	00:16:48.568		0.60781			4
2024.08.14	00:16:49.403		0.60782			4
2024.08.14	00:17:01.010	0.60675				2
2024.08.14	00:17:13.484		0.60780			4
2024.08.14	00:17:44.082		0.60781			4
2024.08.14	00:17:48.005		0.60780			4
2024.08.14	00:17:53.656		0.60781			4
2024.08.14	00:18:05.059	0.60675				2
2024.08.14	00:18:08.173	0.60685				2
2024.08.14	00:18:09.192	0.60686				2
2024.08.14	00:18:10.175	0.60687				2
2024.08.14	00:18:24.052		0.60780			4
2024.08.14	00:18:35.548		0.60776			4
2024.08.14	00:18:41.529		0.60775			4
2024.08.14	00:18:43.011		0.60777			4
2024.08.14	00:18:43.370		0.60778			4
2024.08.14	00:18:46.969		0.60777			4
2024.08.14	00:18:55.856	0.60688				2
2024.08.14	00:18:56.350	0.60689	0.60774			6
2024.08.14	00:18:56.881		0.60775			4
2024.08.14	00:18:57.284	0.60690	0.60779			6
2024.08.14	00:19:00.401	0.60690	0.60778			6
2024.08.14	00:19:00.836		0.60777			4
2024.08.14	00:19:04.483		0.60775			4
2024.08.14	00:19:05.747		0.60773			4
2024.08.14	00:19:06.047		0.60774			4
2024.08.14	00:19:09.581		0.60773			4
2024.08.14	00:19:10.999		0.60774			4
2024.08.14	00:19:15.994		0.60773			4
2024.08.14	00:19:17.147		0.60770			4
2024.08.14	00:19:24.555		0.60772			4
2024.08.14	00:19:25.100		0.60773			4
2024.08.14	00:19:25.781		0.60775			4
2024.08.14	00:19:29.615		0.60774			4
2024.08.14	00:19:36.784		0.60778			4
2024.08.14	00:19:40.994		0.60773			4
2024.08.14	00:19:51.338		0.60774			4
2024.08.14	00:19:51.893		0.60773			4
2024.08.14	00:19:55.939		0.60777			4
2024.08.14	00:20:00.286	0.60690				2
2024.08.14	00:20:20.930		0.60774			4
2024.08.14	00:20:21.281		0.60777			4
2024.08.14	00:20:25.161		0.60778			4
2024.08.14	00:20:41.056		0.60774			4
2024.08.14	00:20:47.981		0.60773			4
2024.08.14	00:20:56.380		0.60774			4
2024.08.14	00:21:01.154	0.60690				2
2024.08.14	00:21:02.380	0.60688	0.60778			6
2024.08.14	00:21:03.691		0.60777			4
2024.08.14	00:21:05.111	0.60686	0.60775			6
2024.08.14	00:21:13.614	0.60687	0.60777			6
2024.08.14	00:21:14.671		0.60776			4
2024.08.14	00:21:22.750	0.60686	0.60774			6
2024.08.14	00:21:41.453		0.60771			4
2024.08.14	00:21:58.888		0.60765			4
2024.08.14	00:22:00.104	0.60686				2
2024.08.14	00:22:01.114	0.60684				2
2024.08.14	00:22:05.647	0.60687				2
2024.08.14	00:22:06.794	0.60684				2
2024.08.14	00:22:14.020	0.60685				2
2024.08.14	00:22:16.264	0.60684				2
2024.08.14	00:22:17.031	0.60686	0.60763			6
2024.08.14	00:22:17.351	0.60685	0.60769			6
2024.08.14	00:22:18.580	0.60686				2
2024.08.14	00:22:42.320	0.60687				2
2024.08.14	00:22:47.246	0.60686	0.60764			6
2024.08.14	00:22:47.561	0.60684				2
2024.08.14	00:22:54.286	0.60688	0.60771			6
2024.08.14	00:22:55.114	0.60683	0.60772			6
2024.08.14	00:22:55.420		0.60771			4
2024.08.14	00:22:56.066		0.60769			4
2024.08.14	00:22:56.984		0.60770			4
2024.08.14	00:22:57.300	0.60679				2
2024.08.14	00:22:57.639	0.60678				2
2024.08.14	00:22:57.948		0.60771			4
2024.08.14	00:23:00.650	0.60675				2
2024.08.14	00:23:03.883	0.60674	0.60772			6
2024.08.14	00:23:17.116	0.60705	0.60775			6
2024.08.14	00:23:26.815	0.60715	0.60780			6
2024.08.14	00:23:40.524		0.60781			4
2024.08.14	00:23:49.520		0.60780			4
2024.08.14	00:23:51.133		0.60782			4
2024.08.14	00:23:52.603		0.60781			4
2024.08.14	00:24:02.173	0.60715				2
2024.08.14	00:24:06.328		0.60780			4
2024.08.14	00:24:07.891	0.60738	0.60781			6
2024.08.14	00:24:08.917		0.60782			4
2024.08.14	00:24:12.833	0.60730	0.60785			6
2024.08.14	00:24:14.005	0.60733				2
2024.08.14	00:24:18.001		0.60784			4
2024.08.14	00:24:40.183		0.60783			4
2024.08.14	00:24:43.907	0.60735	0.60793			6
2024.08.14	00:24:44.624	0.60740				2
2024.08.14	00:24:45.611	0.60742				2
2024.08.14	00:24:48.383		0.60792			4
2024.08.14	00:24:55.962		0.60791			4
2024.08.14	00:25:01.254	0.60742				2
2024.08.14	00:25:03.568	0.60743	0.60794			6
2024.08.14	00:25:04.482	0.60746				2
2024.08.14	00:25:06.930		0.60793			4
2024.08.14	00:25:07.292		0.60794			4
2024.08.14	00:25:27.261	0.60743	0.60795			6
2024.08.14	00:25:28.045		0.60794			4
2024.08.14	00:26:00.554	0.60743				2
2024.08.14	00:26:13.805	0.60744				2
2024.08.14	00:26:24.311	0.60746	0.60797			6
2024.08.14	00:26:25.070	0.60747				2
2024.08.14	00:26:25.572	0.60749				2
2024.08.14	00:26:27.361	0.60747				2
2024.08.14	00:26:34.002	0.60746	0.60794			6
2024.08.14	00:26:34.310	0.60744				2
2024.08.14	00:26:35.420	0.60741				2
2024.08.14	00:26:37.011	0.60742				2
2024.08.14	00:26:37.401	0.60740				2
2024.08.14	00:26:37.710	0.60719	0.60791			6
2024.08.14	00:26:38.307	0.60718	0.60790			6
2024.08.14	00:26:38.882	0.60724	0.60791			6
2024.08.14	00:26:39.197	0.60726				2
2024.08.14	00:26:39.810	0.60727	0.60792			6
2024.08.14	00:26:40.458		0.60793			4
2024.08.14	00:26:41.065		0.60792			4
2024.08.14	00:26:44.643		0.60791			4
2024.08.14	00:27:00.425	0.60725				2
2024.08.14	00:27:09.548		0.60792			4
2024.08.14	00:27:09.859	0.60720	0.60789			6
2024.08.14	00:27:29.965	0.60719				2
2024.08.14	00:27:31.082		0.60788			4
2024.08.14	00:28:00.727	0.60719				2
2024.08.14	00:28:01.356	0.60716				2
2024.08.14	00:28:13.158		0.60775			4
2024.08.14	00:28:18.681		0.60788			4
2024.08.14	00:28:19.010	0.60708				2
2024.08.14	00:28:21.883		0.60787			4
2024.08.14	00:28:34.484		0.60786			4
2024.08.14	00:28:35.864		0.60780			4
2024.08.14	00:29:01.156	0.60708				2
2024.08.14	00:29:04.184		0.60781			4
2024.08.14	00:29:09.865	0.60710				2
2024.08.14	00:29:12.446	0.60704				2
2024.08.14	00:29:14.284		0.60780			4
2024.08.14	00:29:15.586		0.60781			4
2024.08.14	00:29:44.447		0.60782			4
2024.08.14	00:30:00.378	0.60706	0.60778			6
2024.08.14	00:30:09.909		0.60779			4
2024.08.14	00:30:14.282		0.60780			4
2024.08.14	00:30:15.027	0.60704	0.60779			6
2024.08.14	00:30:16.811		0.60776			4
2024.08.14	00:30:18.350		0.60775			4
2024.08.14	00:30:21.951		0.60774			4
2024.08.14	00:30:23.308		0.60775			4
2024.08.14	00:30:24.461		0.60774			4
2024.08.14	00:30:26.881		0.60775			4
2024.08.14	00:30:30.922	0.60709	0.60774			6
2024.08.14	00:30:32.017	0.60710				2
2024.08.14	00:30:32.514	0.60709				2
2024.08.14	00:30:33.512	0.60710	0.60773			6
2024.08.14	00:30:34.254	0.60709				2
2024.08.14	00:30:34.820	0.60706				2
2024.08.14	00:30:35.981		0.60772			4
2024.08.14	00:30:37.459	0.60707	0.60773			6
2024.08.14	00:30:38.309	0.60710				2
2024.08.14	00:30:41.344		0.60772			4
2024.08.14	00:30:41.903	0.60709				2
2024.08.14	00:30:43.496		0.60771			4
2024.08.14	00:30:44.447		0.60772			4
2024.08.14	00:30:45.526		0.60771			4
2024.08.14	00:30:52.250		0.60770			4
2024.08.14	00:30:54.290		0.60771			4
2024.08.14	00:30:55.023	0.60711	0.60770			6
2024.08.14	00:30:56.397	0.60706	0.60772			6
2024.08.14	00:30:56.717	0.60711	0.60770			6
2024.08.14	00:30:57.018	0.60706	0.60774			6
2024.08.14	00:30:57.319	0.60708				2
2024.08.14	00:30:57.628	0.60709	0.60773			6
2024.08.14	00:30:57.930		0.60774			4
2024.08.14	00:30:58.608		0.60775			4
2024.08.14	00:30:58.912		0.60774			4
2024.08.14	00:30:59.385	0.60713				2
2024.08.14	00:30:59.900	0.60720	0.60775			6
2024.08.14	00:31:00.211	0.60711	0.60773			6
2024.08.14	00:31:00.515		0.60774			4
2024.08.14	00:31:00.833	0.60714	0.60773			6
2024.08.14	00:31:01.136	0.60712				2
2024.08.14	00:31:01.441	0.60717				2
2024.08.14	00:31:01.743	0.60715	0.60771			6
2024.08.14	00:31:02.049	0.60707				2
2024.08.14	00:31:02.380		0.60769			4
2024.08.14	00:31:02.681	0.60705				2
2024.08.14	00:31:03.301	0.60706	0.60770			6
2024.08.14	00:31:03.700	0.60711				2
2024.08.14	00:31:04.027	0.60710	0.60769			6
2024.08.14	00:31:04.327	0.60708				2
2024.08.14	00:31:04.661	0.60706	0.60768			6
2024.08.14	00:31:04.962		0.60770			4
2024.08.14	00:31:05.269	0.60705	0.60767			6
2024.08.14	00:31:05.600	0.60712	0.60768			6
2024.08.14	00:31:06.105	0.60706	0.60767			6
2024.08.14	00:31:06.421	0.60713	0.60770			6
2024.08.14	00:31:06.733	0.60710	0.60772			6
2024.08.14	00:31:07.427	0.60712	0.60773			6
2024.08.14	00:31:07.888	0.60717				2
2024.08.14	00:31:08.205	0.60713				2
2024.08.14	00:31:08.521	0.60720	0.60775			6
2024.08.14	00:31:09.607	0.60713	0.60773			6
2024.08.14	00:31:10.103	0.60711	0.60772			6
2024.08.14	00:31:10.420	0.60712				2
2024.08.14	00:31:11.096	0.60717	0.60774			6
2024.08.14	00:31:11.599	0.60712	0.60773			6
2024.08.14	00:31:11.987	0.60714				2
2024.08.14	00:31:12.459	0.60720	0.60774			6
2024.08.14	00:31:12.761	0.60712	0.60772			6
2024.08.14	00:31:13.104	0.60711				2
2024.08.14	00:31:13.428	0.60712	0.60773			6
2024.08.14	00:31:13.852	0.60715	0.60774			6
2024.08.14	00:31:14.167	0.60717	0.60775			6
2024.08.14	00:31:14.698	0.60723	0.60777			6
2024.08.14	00:31:15.789		0.60776			4
2024.08.14	00:31:16.431	0.60714	0.60773			6
2024.08.14	00:31:16.788	0.60713	0.60774			6
2024.08.14	00:31:17.488	0.60712	0.60773			6
2024.08.14	00:31:17.814	0.60715	0.60772			6
2024.08.14	00:31:18.120	0.60711				2
2024.08.14	00:31:18.426	0.60712	0.60773			6
2024.08.14	00:31:19.349	0.60720				2
2024.08.14	00:31:19.652	0.60713	0.60772			6
2024.08.14	00:31:20.421	0.60719				2
2024.08.14	00:31:20.990	0.60720	0.60774			6
2024.08.14	00:31:23.134	0.60712	0.60772			6
2024.08.14	00:31:23.446	0.60714	0.60773			6
2024.08.14	00:31:23.775	0.60717	0.60774			6
2024.08.14	00:31:24.270	0.60714	0.60773			6
2024.08.14	00:31:24.587	0.60713	0.60775			6
2024.08.14	00:31:24.897	0.60715	0.60773			6
2024.08.14	00:31:25.249	0.60717	0.60772			6
2024.08.14	00:31:33.454	0.60707	0.60770			6
2024.08.14	00:31:33.773	0.60711				2
2024.08.14	00:31:34.083	0.60715	0.60772			6
2024.08.14	00:31:34.411		0.60770			4
2024.08.14	00:31:35.007	0.60708				2
2024.08.14	00:31:35.394	0.60709				2
2024.08.14	00:31:35.790	0.60716				2
2024.08.14	00:31:40.548		0.60771			4
2024.08.14	00:31:40.983	0.60710	0.60772			6
2024.08.14	00:31:41.283	0.60712				2
2024.08.14	00:31:41.601	0.60717	0.60771			6
2024.08.14	00:31:43.454	0.60711	0.60773			6
2024.08.14	00:31:43.759	0.60712	0.60771			6
2024.08.14	00:31:44.061	0.60713	0.60770			6
2024.08.14	00:31:44.377	0.60709	0.60771			6
2024.08.14	00:31:44.722	0.60706	0.60769			6
2024.08.14	00:31:45.029	0.60709	0.60771			6
2024.08.14	00:31:45.335		0.60773			4
2024.08.14	00:31:45.677	0.60711	0.60770			6
2024.08.14	00:31:45.982	0.60715	0.60771			6
2024.08.14	00:31:46.293	0.60707	0.60770			6
2024.08.14	00:31:46.600	0.60715	0.60771			6
2024.08.14	00:31:47.097		0.60770			4
2024.08.14	00:31:47.966	0.60717				2
2024.08.14	00:31:48.926		0.60771			4
2024.08.14	00:31:50.147		0.60770			4
2024.08.14	00:31:54.207		0.60769			4
2024.08.14	00:32:00.551	0.60717				2
2024.08.14	00:32:05.425	0.60710				2
2024.08.14	00:32:12.948		0.60770			4
2024.08.14	00:32:16.254		0.60769			4
2024.08.14	00:32:17.196	0.60709	0.60771			6
2024.08.14	00:32:17.503	0.60717	0.60770			6
2024.08.14	00:32:17.813	0.60709	0.60771			6
2024.08.14	00:32:18.139	0.60707	0.60773			6
2024.08.14	00:32:18.445	0.60711				2
2024.08.14	00:32:18.749	0.60715	0.60771			6
2024.08.14	00:32:19.155		0.60770			4
2024.08.14	00:32:20.458	0.60713	0.60769			6
2024.08.14	00:32:20.762	0.60707	0.60770			6
2024.08.14	00:32:26.144	0.60716				2
2024.08.14	00:32:26.471		0.60771			4
2024.08.14	00:32:29.448		0.60770			4
2024.08.14	00:32:32.425		0.60771			4
2024.08.14	00:32:34.252		0.60770			4
2024.08.14	00:32:35.304	0.60710	0.60771			6
2024.08.14	00:32:35.620		0.60772			4
2024.08.14	00:32:35.938	0.60709	0.60775			6
2024.08.14	00:32:36.245	0.60711	0.60773			6
2024.08.14	00:32:36.550	0.60710	0.60769			6
2024.08.14	00:32:36.884	0.60709	0.60768			6
2024.08.14	00:32:37.242	0.60708	0.60769			6
2024.08.14	00:32:37.581	0.60715	0.60772			6
2024.08.14	00:32:37.899	0.60710	0.60771			6
2024.08.14	00:32:38.300	0.60715	0.60773			6
2024.08.14	00:32:38.628	0.60709	0.60775			6
2024.08.14	00:32:38.941	0.60714	0.60772			6
2024.08.14	00:32:39.259	0.60712	0.60771			6
2024.08.14	00:32:39.567	0.60709	0.60770			6
2024.08.14	00:32:39.876	0.60708	0.60771			6
2024.08.14	00:32:40.304	0.60709	0.60772			6
2024.08.14	00:32:40.609	0.60708	0.60771			6
2024.08.14	00:32:41.043	0.60710	0.60772			6
2024.08.14	00:32:41.348	0.60716	0.60770			6
2024.08.14	00:32:41.654	0.60707	0.60769			6
2024.08.14	00:32:41.970	0.60708				2
2024.08.14	00:32:42.695	0.60715	0.60770			6
2024.08.14	00:32:44.726	0.60716				2
2024.08.14	00:32:45.028	0.60712	0.60771			6
2024.08.14	00:32:46.790	0.60715				2
2024.08.14	00:32:49.429	0.60717				2
2024.08.14	00:32:49.925	0.60715	0.60772			6
2024.08.14	00:32:50.229	0.60708	0.60773			6
2024.08.14	00:32:50.541	0.60709				2
2024.08.14	00:32:50.933		0.60772			4
2024.08.14	00:32:51.249	0.60712	0.60771			6
2024.08.14	00:32:51.551	0.60706	0.60769			6
2024.08.14	00:32:51.859	0.60711				2
2024.08.14	00:32:52.161	0.60710				2
2024.08.14	00:32:52.466	0.60708	0.60771			6
2024.08.14	00:32:52.774	0.60709				2
2024.08.14	00:32:53.083		0.60770			4
2024.08.14	00:32:53.716	0.60717	0.60772			6
2024.08.14	00:32:54.501	0.60719				2
2024.08.14	00:32:57.475	0.60718				2
2024.08.14	00:32:58.027		0.60771			4
2024.08.14	00:33:00.923	0.60718				2
2024.08.14	00:33:06.133	0.60713	0.60776			6
2024.08.14	00:33:06.440	0.60709	0.60774			6
2024.08.14	00:33:06.746		0.60773			4
2024.08.14	00:33:07.060	0.60707	0.60771			6
2024.08.14	00:33:07.546	0.60713				2
2024.08.14	00:33:10.031	0.60715	0.60772			6
2024.08.14	00:33:10.380	0.60712	0.60771			6
2024.08.14	00:33:10.684	0.60707				2
2024.08.14	00:33:11.002		0.60773			4
2024.08.14	00:33:11.622	0.60708				2
2024.08.14	00:33:11.967		0.60774			4
2024.08.14	00:33:12.275	0.60707				2
2024.08.14	00:33:12.585		0.60771			4
2024.08.14	00:33:13.177	0.60716				2
2024.08.14	00:33:13.479	0.60713	0.60769			6
2024.08.14	00:33:13.802	0.60706				2
2024.08.14	00:33:14.116	0.60707	0.60770			6
2024.08.14	00:33:14.443	0.60715	0.60771			6
2024.08.14	00:33:14.747	0.60716	0.60772			6
2024.08.14	00:33:15.177	0.60717	0.60771			6
2024.08.14	00:33:24.656	0.60718				2
2024.08.14	00:33:26.927	0.60710	0.60772			6
2024.08.14	00:33:27.235		0.60773			4
2024.08.14	00:33:27.539	0.60713	0.60775			6
2024.08.14	00:33:27.859	0.60715	0.60773			6
2024.08.14	00:33:28.159		0.60772			4
2024.08.14	00:33:28.480	0.60709	0.60771			6
2024.08.14	00:33:28.805	0.60714				2
2024.08.14	00:33:29.110	0.60706	0.60769			6
2024.08.14	00:33:29.496	0.60717	0.60771			6
2024.08.14	00:33:31.153		0.60772			4
2024.08.14	00:33:33.647		0.60771			4
2024.08.14	00:33:35.572	0.60709				2
2024.08.14	00:33:35.884	0.60708	0.60774			6
2024.08.14	00:33:36.210	0.60709	0.60773			6
2024.08.14	00:33:36.512	0.60707	0.60769			6
2024.08.14	00:33:37.378	0.60714				2
2024.08.14	00:33:37.701	0.60706	0.60768			6
2024.08.14	00:33:38.002	0.60714	0.60770			6
2024.08.14	00:33:38.308	0.60708	0.60769			6
2024.08.14	00:33:38.609	0.60716	0.60770			6
2024.08.14	00:33:38.920	0.60720	0.60771			6
2024.08.14	00:33:39.227	0.60711	0.60772			6
2024.08.14	00:33:39.568	0.60723	0.60773			6
2024.08.14	00:33:39.884	0.60711	0.60771			6
2024.08.14	00:33:40.606	0.60708	0.60769			6
2024.08.14	00:33:40.910	0.60709				2
2024.08.14	00:33:41.212	0.60710	0.60771			6
2024.08.14	00:33:41.526	0.60712				2
2024.08.14	00:33:42.136	0.60715				2
2024.08.14	00:33:42.638	0.60717	0.60772			6
2024.08.14	00:33:43.202	0.60724	0.60775			6
2024.08.14	00:33:44.065	0.60725	0.60776			6
2024.08.14	00:33:46.065	0.60716	0.60773			6
2024.08.14	00:33:46.698	0.60726	0.60778			6
2024.08.14	00:33:47.081	0.60727				2
2024.08.14	00:33:48.551	0.60725				2
2024.08.14	00:33:48.861	0.60716	0.60770			6
2024.08.14	00:33:49.164	0.60722	0.60773			6
2024.08.14	00:33:49.481	0.60719	0.60771			6
2024.08.14	00:33:49.784	0.60717	0.60778			6
2024.08.14	00:33:50.090		0.60777			4
2024.08.14	00:33:50.393		0.60775			4
2024.08.14	00:33:51.002	0.60711	0.60772			6
2024.08.14	00:33:51.618	0.60721	0.60773			6
2024.08.14	00:33:51.936		0.60774			4
2024.08.14	00:33:53.111	0.60726	0.60776			6
2024.08.14	00:33:53.421	0.60714	0.60773			6
2024.08.14	00:33:53.721	0.60711	0.60770			6
2024.08.14	00:33:54.024	0.60723	0.60773			6
2024.08.14	00:33:54.331	0.60718	0.60772			6
2024.08.14	00:33:54.635	0.60716	0.60775			6
2024.08.14	00:33:54.937	0.60720	0.60773			6
2024.08.14	00:33:55.242	0.60723	0.60771			6
2024.08.14	00:33:55.549	0.60709	0.60767			6
2024.08.14	00:33:55.851	0.60712	0.60770			6
2024.08.14	00:33:56.154	0.60717	0.60778			6
2024.08.14	00:33:56.461	0.60710	0.60772			6
2024.08.14	00:33:56.797	0.60722	0.60773			6
2024.08.14	00:33:57.260	0.60717	0.60774			6
2024.08.14	00:33:57.575	0.60713	0.60773			6
2024.08.14	00:33:57.892	0.60707	0.60767			6
2024.08.14	00:33:58.202	0.60719	0.60771			6
2024.08.14	00:33:58.511	0.60723	0.60773			6
2024.08.14	00:33:58.820	0.60716	0.60774			6
2024.08.14	00:33:59.122	0.60722	0.60775			6
2024.08.14	00:33:59.430		0.60773			4
2024.08.14	00:34:00.125	0.60709	0.60771			6
2024.08.14	00:34:00.433	0.60714	0.60773			6
2024.08.14	00:34:00.739	0.60716				2
2024.08.14	00:34:01.073	0.60720	0.60774			6
2024.08.14	00:34:01.407	0.60724	0.60775			6
2024.08.14	00:34:03.271	0.60718	0.60774			6
2024.08.14	00:34:03.573	0.60713	0.60773			6
2024.08.14	00:34:03.881	0.60722	0.60774			6
2024.08.14	00:34:05.069	0.60718	0.60778			6
2024.08.14	00:34:05.374		0.60775			4
2024.08.14	00:34:05.678	0.60725	0.60779			6
2024.08.14	00:34:05.978	0.60717				2
2024.08.14	00:34:06.279	0.60719	0.60778			6
2024.08.14	00:34:06.584	0.60714	0.60774			6
2024.08.14	00:34:06.886	0.60717				2
2024.08.14	00:34:07.194	0.60719	0.60775			6
2024.08.14	00:34:07.503	0.60725	0.60776			6
2024.08.14	00:34:11.653	0.60723	0.60787			6
2024.08.14	00:34:11.955	0.60724	0.60788			6
2024.08.14	00:34:12.259	0.60725	0.60787			6
2024.08.14	00:34:14.089	0.60718	0.60783			6
2024.08.14	00:34:14.406	0.60730				2
2024.08.14	00:34:14.796		0.60782			4
2024.08.14	00:34:16.296	0.60716	0.60779			6
2024.08.14	00:34:16.604	0.60713	0.60774			6
2024.08.14	00:34:16.911	0.60720	0.60777			6
2024.08.14	00:34:17.295		0.60776			4
2024.08.14	00:34:19.861	0.60723	0.60782			6
2024.08.14	00:34:20.166	0.60714	0.60776			6
2024.08.14	00:34:20.472	0.60719	0.60772			6
2024.08.14	00:34:20.780	0.60721	0.60777			6
2024.08.14	00:34:21.082		0.60780			4
2024.08.14	00:34:21.384	0.60714				2
2024.08.14	00:34:21.688	0.60723	0.60776			6
2024.08.14	00:34:21.987	0.60722				2
2024.08.14	00:34:22.425	0.60725	0.60778			6
2024.08.14	00:34:22.814	0.60728	0.60782			6
2024.08.14	00:34:24.004	0.60730	0.60783			6
2024.08.14	00:34:26.771	0.60720	0.60784			6
2024.08.14	00:34:27.383	0.60716	0.60777			6
2024.08.14	00:34:27.690	0.60723	0.60779			6
2024.08.14	00:34:27.993	0.60729	0.60782			6
2024.08.14	00:34:28.311	0.60718	0.60780			6
2024.08.14	00:34:28.631	0.60716				2
2024.08.14	00:34:28.935	0.60723	0.60781			6
2024.08.14	00:34:29.244	0.60721	0.60783			6
2024.08.14	00:34:29.546	0.60719				2
2024.08.14	00:34:29.863	0.60728	0.60780			6
2024.08.14	00:34:30.166	0.60722	0.60777			6
2024.08.14	00:34:30.474	0.60715	0.60776			6
2024.08.14	00:34:30.825	0.60724	0.60779			6
2024.08.14	00:34:31.319	0.60726	0.60782			6
2024.08.14	00:34:31.837	0.60728				2
2024.08.14	00:34:35.147	0.60718	0.60779			6
2024.08.14	00:34:35.447		0.60780			4
2024.08.14	00:34:35.751	0.60720	0.60781			6
2024.08.14	00:34:36.060	0.60722	0.60778			6
2024.08.14	00:34:36.364	0.60723	0.60775			6
2024.08.14	00:34:36.679	0.60727	0.60781			6
2024.08.14	00:34:36.983	0.60718	0.60778			6
2024.08.14	00:34:37.299	0.60723	0.60780			6
2024.08.14	00:34:37.600	0.60715	0.60779			6
2024.08.14	00:34:37.904	0.60726	0.60775			6
2024.08.14	00:34:38.206	0.60714	0.60774			6
2024.08.14	00:34:38.531	0.60724	0.60778			6
2024.08.14	00:34:38.851	0.60720	0.60779			6
2024.08.14	00:34:39.173	0.60730	0.60784			6
2024.08.14	00:34:40.287	0.60727	0.60782			6
2024.08.14	00:34:40.588	0.60718	0.60780			6
2024.08.14	00:34:40.892	0.60716				2
2024.08.14	00:34:41.218	0.60730	0.60783			6
2024.08.14	00:34:44.353	0.60729				2
2024.08.14	00:34:44.970		0.60784			4
2024.08.14	00:34:47.956	0.60718	0.60782			6
2024.08.14	00:34:48.261	0.60723	0.60780			6
2024.08.14	00:34:48.564	0.60730	0.60783			6
2024.08.14	00:34:48.943	0.60720	0.60780			6
2024.08.14	00:34:49.330	0.60721	0.60782			6
2024.08.14	00:34:49.636	0.60723	0.60779			6
2024.08.14	00:34:50.101	0.60722	0.60780			6
2024.08.14	00:34:50.513		0.60779			4
2024.08.14	00:34:50.842	0.60720				2
2024.08.14	00:34:51.146	0.60724	0.60781			6
2024.08.14	00:34:51.451	0.60725	0.60783			6
2024.08.14	00:34:51.761	0.60727	0.60777			6
2024.08.14	00:34:52.062	0.60718	0.60774			6
2024.08.14	00:34:52.367	0.60716				2
2024.08.14	00:34:52.670		0.60773			4
2024.08.14	00:34:52.972	0.60720	0.60780			6
2024.08.14	00:34:53.276	0.60728	0.60773			6
2024.08.14	00:34:53.579	0.60717	0.60774			6
2024.08.14	00:34:54.273	0.60718				2
2024.08.14	00:34:56.062	0.60722	0.60777			6
2024.08.14	00:34:56.362	0.60717	0.60778			6
2024.08.14	00:34:56.664	0.60729	0.60775			6
2024.08.14	00:34:56.971	0.60726	0.60773			6
2024.08.14	00:34:57.280	0.60717	0.60779			6
2024.08.14	00:34:57.583	0.60715	0.60776			6
2024.08.14	00:34:57.890	0.60729	0.60780			6
2024.08.14	00:34:58.201	0.60728	0.60782			6
2024.08.14	00:34:58.524	0.60730				2
2024.08.14	00:34:59.417	0.60722	0.60781			6
2024.08.14	00:34:59.726	0.60724	0.60782			6
2024.08.14	00:35:00.028	0.60730				2
2024.08.14	00:35:01.783		0.60783			4
2024.08.14	00:35:03.261		0.60788			4
2024.08.14	00:35:04.547		0.60789			4
2024.08.14	00:35:08.219		0.60790			4
2024.08.14	00:35:08.922		0.60789			4
2024.08.14	00:35:13.854		0.60790			4
2024.08.14	00:35:17.457		0.60789			4
2024.08.14	00:35:23.540		0.60788			4
2024.08.14	00:35:26.152		0.60789			4
2024.08.14	00:35:27.471		0.60788			4
2024.08.14	00:35:29.068		0.60789			4
2024.08.14	00:35:33.047		0.60788			4
2024.08.14	00:35:34.299		0.60789			4
2024.08.14	00:35:35.457		0.60788			4
2024.08.14	00:35:39.509		0.60789			4
2024.08.14	00:35:41.147	0.60731				2
2024.08.14	00:35:50.192		0.60788			4
2024.08.14	00:35:50.799	0.60733	0.60790			6
2024.08.14	00:35:51.121		0.60789			4
2024.08.14	00:35:51.996		0.60791			4
2024.08.14	00:35:54.892		0.60789			4
2024.08.14	00:35:55.524		0.60790			4
2024.08.14	00:36:00.533	0.60734				2
2024.08.14	00:36:02.353		0.60789			4
2024.08.14	00:36:02.766		0.60790			4
2024.08.14	00:36:05.753	0.60733	0.60788			6
2024.08.14	00:36:07.249		0.60789			4
2024.08.14	00:36:08.982	0.60734				2
2024.08.14	00:36:09.526		0.60788			4
2024.08.14	00:36:10.786	0.60733				2
2024.08.14	00:36:17.387	0.60734				2
2024.08.14	00:36:20.989	0.60733	0.60787			6
2024.08.14	00:36:27.350		0.60786			4
2024.08.14	00:36:28.435	0.60732	0.60785			6
2024.08.14	00:36:32.495	0.60733				2
2024.08.14	00:36:32.910	0.60732				2
2024.08.14	00:36:34.785	0.60733				2
2024.08.14	00:36:35.748		0.60786			4
2024.08.14	00:36:38.752		0.60785			4
2024.08.14	00:36:43.184	0.60734				2
2024.08.14	00:36:44.192	0.60733				2
2024.08.14	00:36:45.899	0.60732	0.60784			6
2024.08.14	00:36:46.324	0.60733	0.60785			6
2024.08.14	00:36:48.348	0.60734				2
2024.08.14	00:36:48.660		0.60786			4
2024.08.14	00:36:52.363		0.60784			4
2024.08.14	00:36:54.046		0.60785			4
2024.08.14	00:36:54.584	0.60733				2
2024.08.14	00:36:59.687	0.60734				2
2024.08.14	00:37:00.060	0.60734				2
2024.08.14	00:37:00.534		0.60786			4
2024.08.14	00:37:01.892		0.60785			4
2024.08.14	00:37:05.090	0.60733				2
2024.08.14	00:37:07.928	0.60732	0.60784			6
2024.08.14	00:37:09.078	0.60733				2
2024.08.14	00:37:09.680	0.60732	0.60783			6
2024.08.14	00:37:10.072	0.60730	0.60785			6
2024.08.14	00:37:10.401		0.60788			4
2024.08.14	00:37:10.708		0.60784			4
2024.08.14	00:37:11.256	0.60731				2
2024.08.14	00:37:11.621		0.60785			4
2024.08.14	00:37:14.756		0.60784			4
2024.08.14	00:37:18.476		0.60785			4
2024.08.14	00:37:21.947		0.60786			4
2024.08.14	00:37:25.219		0.60785			4
2024.08.14	00:37:26.083	0.60732				2
2024.08.14	00:37:26.826		0.60786			4
2024.08.14	00:37:28.808	0.60733				2
2024.08.14	00:37:32.747		0.60785			4
2024.08.14	00:37:45.607		0.60786			4
2024.08.14	00:37:49.348	0.60732	0.60785			6
2024.08.14	00:37:49.783	0.60733				2
2024.08.14	00:37:54.974	0.60731	0.60782			6
2024.08.14	00:37:56.446		0.60784			4
2024.08.14	00:38:00.363	0.60731				2
2024.08.14	00:38:02.213		0.60783			4
2024.08.14	00:38:05.493	0.60732				2
2024.08.14	00:38:05.883	0.60731				2
2024.08.14	00:38:12.583	0.60730				2
2024.08.14	00:38:13.237		0.60782			4
2024.08.14	00:38:13.545	0.60731				2
2024.08.14	00:38:20.082	0.60730				2
2024.08.14	00:38:20.385	0.60732				2
2024.08.14	00:38:20.983	0.60731				2
2024.08.14	00:38:35.578		0.60783			4
2024.08.14	00:38:40.619	0.60730	0.60781			6
2024.08.14	00:38:43.338		0.60779			4
2024.08.14	00:38:51.153	0.60731	0.60780			6
2024.08.14	00:38:51.472	0.60730				2
2024.08.14	00:39:01.687	0.60730				2
2024.08.14	00:39:09.562		0.60776			4
2024.08.14	00:39:09.868		0.60774			4
2024.08.14	00:39:11.504		0.60777			4
2024.08.14	00:39:17.150		0.60778			4
2024.08.14	00:39:33.952		0.60779			4
2024.08.14	00:39:37.252		0.60778			4
2024.08.14	00:39:44.558		0.60779			4
2024.08.14	00:39:47.150		0.60778			4
2024.08.14	00:39:49.347		0.60779			4
2024.08.14	00:40:00.451	0.60730				2
2024.08.14	00:40:00.915	0.60731				2
2024.08.14	00:40:01.227	0.60730	0.60778			6
2024.08.14	00:40:04.277		0.60779			4
2024.08.14	00:40:05.326		0.60778			4
2024.08.14	00:40:12.615		0.60779			4
2024.08.14	00:40:16.988	0.60731				2
2024.08.14	00:40:17.990	0.60727	0.60776			6
2024.08.14	00:40:18.301	0.60714	0.60780			6
2024.08.14	00:40:18.602	0.60710	0.60783			6
2024.08.14	00:40:18.906	0.60708	0.60780			6
2024.08.14	00:40:19.209	0.60711	0.60782			6
2024.08.14	00:40:19.511	0.60706	0.60777			6
2024.08.14	00:40:19.826	0.60704	0.60775			6
2024.08.14	00:40:20.199	0.60714				2
2024.08.14	00:40:20.499	0.60717	0.60773			6
2024.08.14	00:40:20.919	0.60716	0.60772			6
2024.08.14	00:40:21.730	0.60717	0.60774			6
2024.08.14	00:40:22.159	0.60718				2
2024.08.14	00:40:22.483	0.60719	0.60775			6
2024.08.14	00:40:23.335		0.60773			4
2024.08.14	00:40:23.637	0.60705	0.60760			6
2024.08.14	00:40:23.958	0.60706	0.60761			6
2024.08.14	00:40:25.007	0.60709	0.60767			6
2024.08.14	00:40:25.308	0.60710				2
2024.08.14	00:40:26.153		0.60768			4
2024.08.14	00:40:27.161	0.60711				2
2024.08.14	00:40:28.145	0.60712	0.60769			6
2024.08.14	00:40:29.494	0.60714	0.60770			6
2024.08.14	00:40:30.504	0.60718	0.60774			6
2024.08.14	00:40:31.404	0.60717	0.60773			6
2024.08.14	00:40:31.808	0.60719	0.60775			6
2024.08.14	00:40:33.152	0.60720				2
2024.08.14	00:40:33.480	0.60721	0.60776			6
2024.08.14	00:40:37.259	0.60722				2
2024.08.14	00:40:37.848	0.60721	0.60775			6
2024.08.14	00:40:38.190		0.60776			4
2024.08.14	00:40:39.169	0.60722	0.60777			6
2024.08.14	00:40:42.922		0.60776			4
2024.08.14	00:40:46.178	0.60723	0.60777			6
2024.08.14	00:40:54.233		0.60776			4
2024.08.14	00:40:56.181	0.60724	0.60777			6
2024.08.14	00:40:57.138	0.60725	0.60778			6
2024.08.14	00:41:00.724	0.60722				2
2024.08.14	00:41:06.082	0.60721	0.60777			6
2024.08.14	00:41:07.046		0.60774			4
2024.08.14	00:41:10.456		0.60775			4
2024.08.14	00:41:20.778		0.60774			4
2024.08.14	00:41:21.167		0.60775			4
2024.08.14	00:41:23.750		0.60774			4
2024.08.14	00:41:26.951		0.60772			4
2024.08.14	00:41:27.272	0.60719	0.60771			6
2024.08.14	00:41:28.483	0.60717	0.60769			6
2024.08.14	00:41:30.874	0.60716	0.60768			6
2024.08.14	00:41:31.741	0.60715				2
2024.08.14	00:41:34.677	0.60716				2
2024.08.14	00:41:35.292	0.60714	0.60767			6
2024.08.14	00:41:35.792	0.60713	0.60766			6
2024.08.14	00:41:36.114	0.60714	0.60767			6
2024.08.14	00:41:41.158	0.60713	0.60766			6
2024.08.14	00:41:41.884	0.60714				2
2024.08.14	00:41:42.185	0.60713	0.60767			6
2024.08.14	00:41:42.923	0.60715	0.60769			6
2024.08.14	00:41:43.226	0.60714	0.60768			6
2024.08.14	00:41:44.543	0.60713	0.60767			6
2024.08.14	00:41:46.059	0.60712				2
2024.08.14	00:41:46.366	0.60713				2
2024.08.14	00:41:47.444	0.60715	0.60769			6
2024.08.14	00:41:48.562	0.60713	0.60767			6
2024.08.14	00:41:49.535		0.60768			4
2024.08.14	00:41:49.910	0.60711	0.60765			6
2024.08.14	00:41:50.778		0.60766			4
2024.08.14	00:41:51.158	0.60713	0.60767			6
2024.08.14	00:41:52.373	0.60712				2
2024.08.14	00:41:59.117	0.60713	0.60768			6
2024.08.14	00:41:59.520	0.60715	0.60770			6
2024.08.14	00:41:59.829	0.60714	0.60768			6
2024.08.14	00:42:00.775	0.60718	0.60772			6
2024.08.14	00:42:01.102	0.60719	0.60776			6
2024.08.14	00:42:01.604	0.60720				2
2024.08.14	00:42:04.851	0.60719				2
2024.08.14	00:42:07.846	0.60718	0.60775			6
2024.08.14	00:42:08.244	0.60716	0.60773			6
2024.08.14	00:42:09.039	0.60714	0.60770			6
2024.08.14	00:42:10.461	0.60713				2
2024.08.14	00:42:11.158		0.60769			4
2024.08.14	00:42:13.250	0.60712				2
2024.08.14	00:42:15.045	0.60713				2
2024.08.14	00:42:16.024	0.60712				2
2024.08.14	00:42:19.127		0.60768			4
2024.08.14	00:42:29.031	0.60711				2
2024.08.14	00:42:29.333	0.60712				2
2024.08.14	00:42:35.081		0.60769			4
2024.08.14	00:42:35.520		0.60766			4
2024.08.14	00:42:36.041	0.60711				2
2024.08.14	00:42:37.139	0.60712	0.60768			6
2024.08.14	00:42:38.447	0.60713	0.60769			6
2024.08.14	00:42:38.831	0.60714	0.60770			6
2024.08.14	00:42:39.142		0.60771			4
2024.08.14	00:42:40.503	0.60713	0.60770			6
2024.08.14	00:42:41.148	0.60715	0.60771			6
2024.08.14	00:42:41.918	0.60714	0.60769			6
2024.08.14	00:42:43.123	0.60712	0.60766			6
2024.08.14	00:42:43.434		0.60767			4
2024.08.14	00:42:55.363	0.60714	0.60770			6
2024.08.14	00:42:55.671	0.60712	0.60766			6
2024.08.14	00:42:56.026	0.60711				2
2024.08.14	00:42:56.387	0.60710	0.60768			6
2024.08.14	00:42:56.705	0.60715	0.60772			6
2024.08.14	00:42:57.073	0.60717	0.60774			6
2024.08.14	00:42:57.416		0.60776			4
2024.08.14	00:42:58.073	0.60721	0.60779			6
2024.08.14	00:42:58.583	0.60719	0.60777			6
2024.08.14	00:42:58.940	0.60721	0.60779			6
2024.08.14	00:42:59.262	0.60722	0.60780			6
2024.08.14	00:42:59.627	0.60723	0.60781			6
2024.08.14	00:43:00.060	0.60721	0.60780			6
2024.08.14	00:43:01.155	0.60722	0.60781			6
2024.08.14	00:43:02.217	0.60723	0.60782			6
2024.08.14	00:43:06.071	0.60722				2
2024.08.14	00:43:06.767	0.60723				2
2024.08.14	00:43:11.052	0.60724	0.60783			6
2024.08.14	00:43:12.167	0.60723	0.60782			6
2024.08.14	00:43:16.935	0.60722				2
2024.08.14	00:43:17.288	0.60723	0.60783			6
2024.08.14	00:43:18.908		0.60782			4
2024.08.14	00:43:19.220		0.60783			4
2024.08.14	00:43:22.243	0.60724				2
2024.08.14	00:43:22.586	0.60723				2
2024.08.14	00:43:23.369	0.60724				2
2024.08.14	00:43:23.714	0.60725				2
2024.08.14	00:43:25.477	0.60724				2
2024.08.14	00:43:26.402	0.60723				2
2024.08.14	00:43:29.189	0.60724				2
2024.08.14	00:43:31.666	0.60725	0.60784			6
2024.08.14	00:43:31.995	0.60724	0.60782			6
2024.08.14	00:43:32.301		0.60783			4
2024.08.14	00:43:33.148	0.60725				2
2024.08.14	00:43:33.481	0.60722	0.60782			6
2024.08.14	00:43:33.801	0.60721	0.60781			6
2024.08.14	00:43:34.153	0.60723	0.60783			6
2024.08.14	00:43:36.481	0.60722	0.60782			6
2024.08.14	00:43:36.808	0.60721	0.60781			6
2024.08.14	00:43:37.170	0.60720	0.60779			6
2024.08.14	00:43:37.511	0.60721	0.60780			6
2024.08.14	00:43:41.056	0.60722	0.60782			6
2024.08.14	00:43:42.271	0.60723	0.60783			6
2024.08.14	00:43:43.419	0.60722	0.60782			6
2024.08.14	00:43:44.326	0.60721	0.60781			6
2024.08.14	00:43:44.667		0.60779			4
2024.08.14	00:44:00.191	0.60721				2
2024.08.14	00:44:19.399	0.60720	0.60778			6
2024.08.14	00:44:20.270	0.60718	0.60777			6
2024.08.14	00:44:21.854	0.60720	0.60776			6
2024.08.14	00:44:22.156	0.60719				2
2024.08.14	00:44:22.461	0.60720				2
2024.08.14	00:44:26.150		0.60777			4
2024.08.14	00:44:36.276		0.60776			4
2024.08.14	00:44:40.220	0.60718	0.60775			6
2024.08.14	00:44:40.909	0.60717	0.60774			6
2024.08.14	00:44:41.213	0.60716	0.60773			6
2024.08.14	00:44:43.206	0.60717	0.60775			6
2024.08.14	00:44:44.178	0.60716	0.60773			6
2024.08.14	00:44:46.516	0.60718	0.60775			6
2024.08.14	00:44:47.902	0.60715	0.60772			6
2024.08.14	00:44:48.206	0.60717	0.60773			6
2024.08.14	00:44:51.694	0.60716				2
2024.08.14	00:44:59.908	0.60717	0.60774			6
2024.08.14	00:45:00.216	0.60718				2
2024.08.14	00:45:00.516	0.60717	0.60775			6
2024.08.14	00:45:01.451	0.60715				2
2024.08.14	00:45:03.157	0.60717				2
2024.08.14	00:45:06.573	0.60732	0.60764			6
2024.08.14	00:45:08.238	0.60725	0.60761			6
2024.08.14	00:45:08.542	0.60729	0.60759			6
2024.08.14	00:45:09.583	0.60728				2
2024.08.14	00:45:10.219	0.60729	0.60760			6
2024.08.14	00:45:12.221	0.60730	0.60761			6
2024.08.14	00:45:12.891	0.60733	0.60762			6
2024.08.14	00:45:13.426	0.60731				2
2024.08.14	00:45:14.055	0.60733	0.60763			6
2024.08.14	00:45:15.059	0.60730	0.60761			6
2024.08.14	00:45:18.432	0.60735	0.60765			6
2024.08.14	00:45:18.893	0.60732	0.60764			6
2024.08.14	00:45:19.226	0.60736	0.60766			6
2024.08.14	00:45:20.042	0.60737	0.60768			6
2024.08.14	00:45:21.222		0.60767			4
2024.08.14	00:45:27.225	0.60736				2
2024.08.14	00:45:31.228	0.60737				2
2024.08.14	00:45:32.059	0.60736				2
2024.08.14	00:45:34.797	0.60737				2
2024.08.14	00:45:42.564		0.60768			4
2024.08.14	00:45:43.193	0.60738	0.60769			6
2024.08.14	00:45:52.861		0.60768			4
2024.08.14	00:45:54.882	0.60737	0.60769			6
2024.08.14	00:45:55.218	0.60738	0.60768			6
2024.08.14	00:46:00.255	0.60738				2
2024.08.14	00:46:14.210		0.60767			4
2024.08.14	00:46:14.533		0.60769			4
2024.08.14	00:46:16.257	0.60739				2
2024.08.14	00:46:28.060	0.60737				2
2024.08.14	00:46:29.463	0.60738	0.60770			6
2024.08.14	00:46:36.908		0.60769			4
2024.08.14	00:46:38.266	0.60739				2
2024.08.14	00:46:43.190	0.60740	0.60770			6
2024.08.14	00:46:45.267	0.60739				2
2024.08.14	00:46:47.268	0.60740	0.60769			6
2024.08.14	00:46:50.071		0.60770			4
2024.08.14	00:46:50.605	0.60738	0.60768			6
2024.08.14	00:46:53.379	0.60735	0.60767			6
2024.08.14	00:47:01.213	0.60735				2
2024.08.14	00:47:05.500	0.60736	0.60768			6
2024.08.14	00:47:09.288	0.60737				2
2024.08.14	00:47:10.426	0.60736				2
2024.08.14	00:47:10.959	0.60735	0.60767			6
2024.08.14	00:47:14.551	0.60736				2
2024.08.14	00:47:17.288	0.60735	0.60768			6
2024.08.14	00:47:26.035		0.60767			4
2024.08.14	00:47:34.317	0.60734				2
2024.08.14	00:47:34.821	0.60735	0.60766			6
2024.08.14	00:47:35.356	0.60734	0.60767			6
2024.08.14	00:47:38.975	0.60735				2
2024.08.14	00:47:53.336	0.60734				2
2024.08.14	00:47:56.983	0.60735				2
2024.08.14	00:47:59.489	0.60734	0.60766			6
2024.08.14	00:48:01.009	0.60734				2
2024.08.14	00:48:10.060	0.60731	0.60762			6
2024.08.14	00:48:10.383		0.60763			4
2024.08.14	00:48:11.142	0.60730	0.60761			6
2024.08.14	00:48:11.706		0.60762			4
2024.08.14	00:48:12.114		0.60760			4
2024.08.14	00:48:13.754	0.60729				2
2024.08.14	00:48:14.142		0.60761			4
2024.08.14	00:48:14.629	0.60730				2
2024.08.14	00:48:17.124		0.60760			4
2024.08.14	00:48:20.973		0.60761			4
2024.08.14	00:48:25.011	0.60734				2
2024.08.14	00:48:25.326		0.60764			4
2024.08.14	00:48:34.871	0.60733	0.60762			6
2024.08.14	00:48:35.335	0.60735	0.60765			6
2024.08.14	00:48:39.223		0.60766			4
2024.08.14	00:48:46.810	0.60737	0.60767			6
2024.08.14	00:48:47.454	0.60735				2
2024.08.14	00:48:50.980	0.60734				2
2024.08.14	00:48:52.488	0.60735				2
2024.08.14	00:48:55.152	0.60734	0.60765			6
2024.08.14	00:48:56.337	0.60735	0.60767			6
2024.08.14	00:48:56.641	0.60734				2
2024.08.14	00:48:58.848	0.60735				2
2024.08.14	00:49:00.336	0.60735				2
2024.08.14	00:49:02.869	0.60734	0.60766			6
2024.08.14	00:49:03.285	0.60733				2
2024.08.14	00:49:11.665	0.60737	0.60767			6
2024.08.14	00:49:11.994	0.60735				2
2024.08.14	00:49:14.056	0.60733	0.60766			6
2024.08.14	00:49:14.367	0.60734	0.60767			6
2024.08.14	00:49:15.463	0.60735				2
2024.08.14	00:49:19.909	0.60736				2
2024.08.14	00:49:22.353		0.60768			4
2024.08.14	00:49:26.661	0.60735				2
2024.08.14	00:49:32.865	0.60733	0.60767			6
2024.08.14	00:49:34.363		0.60766			4
2024.08.14	00:49:44.462	0.60736	0.60768			6
2024.08.14	00:49:45.211	0.60737				2
2024.08.14	00:49:47.994	0.60735				2
2024.08.14	00:49:50.714	0.60734				2
2024.08.14	00:49:54.045		0.60767			4
2024.08.14	00:49:56.364	0.60733	0.60766			6
2024.08.14	00:49:57.690		0.60765			4
2024.08.14	00:50:00.165	0.60733				2
2024.08.14	00:50:02.127		0.60766			4
2024.08.14	00:50:04.417	0.60732	0.60764			6
2024.08.14	00:50:06.369	0.60734	0.60767			6
2024.08.14	00:50:08.288	0.60732	0.60763			6
2024.08.14	00:50:08.664	0.60730				2
2024.08.14	00:50:10.368	0.60729	0.60762			6
2024.08.14	00:50:13.854	0.60731				2
2024.08.14	00:50:14.160	0.60730				2
2024.08.14	00:50:14.480	0.60728	0.60761			6
2024.08.14	00:50:15.711	0.60730	0.60758			6
2024.08.14	00:50:16.023	0.60729	0.60759			6
2024.08.14	00:50:16.338	0.60735	0.60763			6
2024.08.14	00:50:16.754	0.60729	0.60761			6
2024.08.14	00:50:17.058		0.60759			4
2024.08.14	00:50:17.413	0.60732	0.60760			6
2024.08.14	00:50:17.714		0.60761			4
2024.08.14	00:50:18.253	0.60730				2
2024.08.14	00:50:18.646	0.60732	0.60763			6
2024.08.14	00:50:19.192	0.60733				2
2024.08.14	00:50:19.753	0.60731				2
2024.08.14	00:50:20.069		0.60762			4
2024.08.14	00:50:21.257	0.60735				2
2024.08.14	00:50:22.329	0.60732	0.60763			6
2024.08.14	00:50:22.634	0.60734				2
2024.08.14	00:50:22.936	0.60733				2
2024.08.14	00:50:25.786	0.60732	0.60762			6
2024.08.14	00:50:26.119	0.60733				2
2024.08.14	00:50:27.494	0.60735	0.60764			6
2024.08.14	00:50:27.859	0.60736	0.60766			6
2024.08.14	00:50:35.090	0.60737				2
2024.08.14	00:50:35.405		0.60765			4
2024.08.14	00:50:38.906	0.60736				2
2024.08.14	00:50:39.393	0.60738	0.60767			6
2024.08.14	00:50:42.884	0.60739				2
2024.08.14	00:50:46.962	0.60740				2
2024.08.14	00:50:50.974	0.60739	0.60768			6
2024.08.14	00:50:51.758	0.60738				2
2024.08.14	00:50:57.011		0.60767			4
2024.08.14	00:51:01.148	0.60738				2
2024.08.14	00:51:11.195	0.60737				2
2024.08.14	00:51:12.000	0.60738				2
2024.08.14	00:51:13.090	0.60737				2
2024.08.14	00:51:15.714		0.60766			4
2024.08.14	00:51:16.789	0.60738				2
2024.08.14	00:51:20.062	0.60739				2
2024.08.14	00:51:23.796		0.60767			4
2024.08.14	00:51:25.474	0.60740				2
2024.08.14	00:51:25.822	0.60737	0.60766			6
2024.08.14	00:51:26.574	0.60738				2
2024.08.14	00:51:28.520	0.60739				2
2024.08.14	00:51:31.484	0.60738				2
2024.08.14	00:51:33.552	0.60739	0.60767			6
2024.08.14	00:51:34.035	0.60740				2
2024.08.14	00:51:35.154	0.60741				2
2024.08.14	00:51:35.747	0.60740				2
2024.08.14	00:51:46.353	0.60741				2
2024.08.14	00:51:49.499	0.60740				2
2024.08.14	00:51:55.169		0.60766			4
2024.08.14	00:51:57.443		0.60767			4
2024.08.14	00:51:58.486	0.60739				2
2024.08.14	00:51:58.824	0.60741				2
2024.08.14	00:52:00.417	0.60740				2
2024.08.14	00:52:00.878	0.60741				2
2024.08.14	00:52:09.287		0.60768			4
2024.08.14	00:52:10.356	0.60742				2
2024.08.14	00:52:13.189	0.60741				2
2024.08.14	00:52:13.813		0.60767			4
2024.08.14	00:52:16.104	0.60742				2
2024.08.14	00:52:19.182	0.60741				2
2024.08.14	00:52:21.009	0.60742	0.60768			6
2024.08.14	00:52:30.402	0.60743				2
2024.08.14	00:52:32.683	0.60742				2
2024.08.14	00:52:45.903		0.60767			4
2024.08.14	00:52:49.436	0.60741	0.60765			6
2024.08.14	00:52:51.009	0.60740				2
2024.08.14	00:52:51.823		0.60766			4
2024.08.14	00:52:55.458	0.60741				2
2024.08.14	00:53:00.284	0.60741				2
2024.08.14	00:53:11.603	0.60740	0.60765			6
2024.08.14	00:53:11.912	0.60741	0.60766			6
2024.08.14	00:53:13.504	0.60740				2
2024.08.14	00:53:16.636	0.60739	0.60764			6
2024.08.14	00:53:16.942	0.60738				2
2024.08.14	00:53:17.691	0.60739				2
2024.08.14	00:53:20.654	0.60740	0.60765			6
2024.08.14	00:53:21.675		0.60764			4
2024.08.14	00:53:22.459	0.60739				2
2024.08.14	00:53:28.187		0.60763			4
2024.08.14	00:53:29.647		0.60764			4
2024.08.14	00:53:31.101	0.60738	0.60763			6
2024.08.14	00:53:32.236	0.60740	0.60764			6
2024.08.14	00:53:33.385	0.60741	0.60766			6
2024.08.14	00:53:36.583	0.60742				2
2024.08.14	00:53:38.577	0.60736	0.60761			6
2024.08.14	00:53:40.105	0.60735				2
2024.08.14	00:53:40.579	0.60737	0.60763			6
2024.08.14	00:53:40.884		0.60764			4
2024.08.14	00:53:41.338	0.60738				2
2024.08.14	00:53:58.356	0.60739	0.60765			6
2024.08.14	00:54:00.282	0.60740				2
2024.08.14	00:54:01.383	0.60738	0.60764			6
2024.08.14	00:54:01.855		0.60762			4
2024.08.14	00:54:02.348	0.60736				2
2024.08.14	00:54:02.671	0.60737	0.60763			6
2024.08.14	00:54:03.568	0.60736	0.60762			6
2024.08.14	00:54:03.883		0.60763			4
2024.08.14	00:54:05.361	0.60737	0.60761			6
2024.08.14	00:54:05.872	0.60736				2
2024.08.14	00:54:07.942	0.60735				2
2024.08.14	00:54:08.324	0.60736	0.60760			6
2024.08.14	00:54:09.414		0.60761			4
2024.08.14	00:54:09.731	0.60735	0.60760			6
2024.08.14	00:54:13.853	0.60734				2
2024.08.14	00:54:18.211	0.60735	0.60761			6
2024.08.14	00:54:23.722		0.60760			4
2024.08.14	00:54:24.141		0.60761			4
2024.08.14	00:54:28.682	0.60736				2
2024.08.14	00:54:29.251	0.60735				2
2024.08.14	00:54:30.307		0.60762			4
2024.08.14	00:54:32.195		0.60760			4
2024.08.14	00:54:38.930	0.60734	0.60761			6
2024.08.14	00:54:43.711	0.60733	0.60760			6
2024.08.14	00:54:44.259	0.60734				2
2024.08.14	00:54:46.275	0.60733	0.60759			6
2024.08.14	00:54:53.637	0.60734	0.60760			6
2024.08.14	00:54:54.590	0.60735				2
2024.08.14	00:55:00.014	0.60735				2
2024.08.14	00:55:00.872		0.60762			4
2024.08.14	00:55:04.047		0.60761			4
2024.08.14	00:55:05.047		0.60762			4
2024.08.14	00:55:07.424		0.60761			4
2024.08.14	00:55:08.520	0.60738	0.60762			6
2024.08.14	00:55:13.740		0.60763			4
2024.08.14	00:55:14.159	0.60739				2
2024.08.14	00:55:15.013	0.60738				2
2024.08.14	00:55:21.419	0.60737				2
2024.08.14	00:55:22.919	0.60735	0.60762			6
2024.08.14	00:55:24.366	0.60736				2
2024.08.14	00:55:29.629	0.60735				2
2024.08.14	00:55:33.546	0.60732	0.60750			6
2024.08.14	00:55:39.583	0.60731				2
2024.08.14	00:55:40.184	0.60732				2
2024.08.14	00:55:44.126	0.60731				2
2024.08.14	00:55:47.532	0.60732				2
2024.08.14	00:55:48.640	0.60728				2
2024.08.14	00:55:59.933	0.60729				2
2024.08.14	00:56:00.395	0.60731				2
2024.08.14	00:56:07.630	0.60728				2
2024.08.14	00:56:08.959	0.60729				2
2024.08.14	00:56:11.383	0.60730				2
2024.08.14	00:56:15.580	0.60728				2
2024.08.14	00:56:17.391	0.60727				2
2024.08.14	00:56:18.381	0.60729				2
2024.08.14	00:56:19.867	0.60727				2
2024.08.14	00:56:22.253	0.60728				2
2024.08.14	00:56:31.187	0.60727				2
2024.08.14	00:56:32.270	0.60728				2
2024.08.14	00:56:33.547		0.60750			4
2024.08.14	00:56:37.006	0.60727				2
2024.08.14	00:56:44.115	0.60725	0.60747			6
2024.08.14	00:56:44.445	0.60726	0.60749			6
2024.08.14	00:56:45.216		0.60750			4
2024.08.14	00:56:45.583		0.60749			4
2024.08.14	00:56:46.350		0.60750			4
2024.08.14	00:56:49.099	0.60729				2
2024.08.14	00:56:51.485	0.60726				2
2024.08.14	00:56:52.454	0.60729				2
2024.08.14	00:56:54.880	0.60727				2
2024.08.14	00:56:56.888	0.60728				2
2024.08.14	00:56:58.322	0.60726	0.60748			6
2024.08.14	00:56:58.905		0.60750			4
2024.08.14	00:57:00.967	0.60726				2
2024.08.14	00:57:02.850		0.60745			4
2024.08.14	00:57:03.165		0.60746			4
2024.08.14	00:57:06.741		0.60749			4
2024.08.14	00:57:08.381	0.60727				2
2024.08.14	00:57:09.925		0.60750			4
2024.08.14	00:57:10.968		0.60749			4
2024.08.14	00:57:13.028	0.60726				2
2024.08.14	00:57:15.043	0.60731	0.60753			6
2024.08.14	00:57:15.433	0.60734	0.60756			6
2024.08.14	00:57:15.882	0.60739	0.60760			6
2024.08.14	00:57:16.358	0.60740	0.60761			6
2024.08.14	00:57:17.566	0.60741				2
2024.08.14	00:57:18.071	0.60742	0.60762			6
2024.08.14	00:57:18.586	0.60741				2
2024.08.14	00:57:21.591	0.60742				2
2024.08.14	00:57:23.069	0.60741	0.60761			6
2024.08.14	00:57:25.466	0.60742				2
2024.08.14	00:57:26.352		0.60762			4
2024.08.14	00:57:28.095	0.60738	0.60760			6
2024.08.14	00:57:29.563	0.60737				2
2024.08.14	00:57:30.416	0.60738				2
2024.08.14	00:57:33.225	0.60737	0.60759			6
2024.08.14	00:57:41.343	0.60739	0.60762			6
2024.08.14	00:57:41.845	0.60741	0.60765			6
2024.08.14	00:57:42.339	0.60738	0.60762			6
2024.08.14	00:57:42.681	0.60731	0.60759			6
2024.08.14	00:57:42.984		0.60760			4
2024.08.14	00:57:43.285	0.60732				2
2024.08.14	00:57:45.236		0.60758			4
2024.08.14	00:57:46.075	0.60733	0.60757			6
2024.08.14	00:57:46.560	0.60732				2
2024.08.14	00:57:47.058	0.60731	0.60756			6
2024.08.14	00:57:47.382	0.60730				2
2024.08.14	00:57:48.281		0.60754			4
2024.08.14	00:57:48.608	0.60728				2
2024.08.14	00:57:49.063	0.60727	0.60753			6
2024.08.14	00:57:49.440	0.60721	0.60751			6
2024.08.14	00:57:49.741	0.60720				2
2024.08.14	00:57:50.063	0.60719				2
2024.08.14	00:57:50.779	0.60717	0.60750			6
2024.08.14	00:57:51.520	0.60720				2
2024.08.14	00:57:52.135	0.60719				2
2024.08.14	00:57:52.468	0.60698	0.60742			6
2024.08.14	00:57:52.842	0.60693	0.60741			6
2024.08.14	00:57:53.219	0.60686	0.60757			6
2024.08.14	00:57:53.528	0.60692	0.60763			6
2024.08.14	00:57:53.829	0.60693	0.60765			6
2024.08.14	00:57:55.040	0.60703	0.60762			6
2024.08.14	00:57:55.377	0.60704				2
2024.08.14	00:57:55.755	0.60706				2
2024.08.14	00:57:56.600	0.60707	0.60764			6
2024.08.14	00:57:59.431	0.60706	0.60758			6
2024.08.14	00:58:00.613	0.60707	0.60759			6
2024.08.14	00:58:01.782	0.60705				2
2024.08.14	00:58:02.098	0.60706	0.60758			6
2024.08.14	00:58:02.403	0.60702	0.60760			6
2024.08.14	00:58:02.802	0.60700	0.60764			6
2024.08.14	00:58:03.127	0.60701	0.60763			6
2024.08.14	00:58:04.350	0.60703				2
2024.08.14	00:58:04.889	0.60707	0.60762			6
2024.08.14	00:58:06.919	0.60708				2
2024.08.14	00:58:07.270	0.60711	0.60753			6
2024.08.14	00:58:08.004	0.60710				2
2024.08.14	00:58:08.671		0.60754			4
2024.08.14	00:58:09.086	0.60712	0.60753			6
2024.08.14	00:58:10.252	0.60711	0.60754			6
2024.08.14	00:58:10.763	0.60710	0.60753			6
2024.08.14	00:58:11.356	0.60711	0.60752			6
2024.08.14	00:58:14.059	0.60709				2
2024.08.14	00:58:14.375	0.60708	0.60753			6
2024.08.14	00:58:14.677	0.60709	0.60752			6
2024.08.14	00:58:16.790	0.60711	0.60750			6
2024.08.14	00:58:17.322	0.60708	0.60753			6
2024.08.14	00:58:17.760	0.60710	0.60752			6
2024.08.14	00:58:18.883	0.60711				2
2024.08.14	00:58:21.431	0.60712	0.60754			6
2024.08.14	00:58:23.055	0.60711	0.60753			6
2024.08.14	00:58:25.006	0.60710	0.60755			6
2024.08.14	00:58:25.322	0.60709	0.60752			6
2024.08.14	00:58:26.061	0.60699	0.60751			6
2024.08.14	00:58:26.372	0.60693	0.60745			6
2024.08.14	00:58:26.683	0.60688	0.60746			6
2024.08.14	00:58:27.001	0.60694	0.60743			6
2024.08.14	00:58:27.301	0.60700	0.60752			6
2024.08.14	00:58:27.602	0.60704	0.60754			6
2024.08.14	00:58:27.903	0.60706	0.60760			6
2024.08.14	00:58:28.209	0.60705	0.60757			6
2024.08.14	00:58:29.888	0.60704	0.60756			6
2024.08.14	00:58:30.189	0.60702	0.60753			6
2024.08.14	00:58:30.500	0.60705	0.60756			6
2024.08.14	00:58:30.929		0.60755			4
2024.08.14	00:58:31.419	0.60712	0.60758			6
2024.08.14	00:58:31.723		0.60761			4
2024.08.14	00:58:32.443	0.60713	0.60762			6
2024.08.14	00:58:33.751	0.60711	0.60761			6
2024.08.14	00:58:35.188	0.60706	0.60753			6
2024.08.14	00:58:35.528		0.60752			4
2024.08.14	00:58:36.005		0.60751			4
2024.08.14	00:58:36.679	0.60710	0.60758			6
2024.08.14	00:58:36.984	0.60715	0.60761			6
2024.08.14	00:58:37.287	0.60716	0.60762			6
2024.08.14	00:58:37.685	0.60715	0.60761			6
2024.08.14	00:58:38.000	0.60718	0.60764			6
2024.08.14	00:58:39.591	0.60717				2
2024.08.14	00:58:39.928	0.60715	0.60763			6
2024.08.14	00:58:40.506	0.60716	0.60764			6
2024.08.14	00:58:40.913	0.60719				2
2024.08.14	00:58:41.839		0.60765			4
2024.08.14	00:58:42.189	0.60718				2
2024.08.14	00:58:42.606		0.60764			4
2024.08.14	00:58:42.951		0.60763			4
2024.08.14	00:58:43.627	0.60719				2
2024.08.14	00:58:44.078	0.60718	0.60764			6
2024.08.14	00:58:45.283		0.60763			4
2024.08.14	00:58:46.544	0.60719				2
2024.08.14	00:58:47.082	0.60720				2
2024.08.14	00:58:47.630	0.60719	0.60764			6
2024.08.14	00:58:51.149	0.60729	0.60765			6
2024.08.14	00:58:52.441	0.60730				2
2024.08.14	00:58:54.888	0.60722	0.60759			6
2024.08.14	00:58:55.210		0.60758			4
2024.08.14	00:58:56.537		0.60757			4
2024.08.14	00:58:57.400		0.60758			4
2024.08.14	00:58:59.640	0.60720	0.60757			6
2024.08.14	00:59:00.337	0.60720				2
2024.08.14	00:59:02.083		0.60758			4
2024.08.14	00:59:02.695	0.60719	0.60757			6
2024.08.14	00:59:08.924	0.60718				2
2024.08.14	00:59:09.946	0.60719	0.60758			6
2024.08.14	00:59:11.386	0.60718				2
2024.08.14	00:59:12.883	0.60720	0.60759			6
2024.08.14	00:59:14.505	0.60721				2
2024.08.14	00:59:14.988	0.60722				2
2024.08.14	00:59:15.341	0.60723	0.60760			6
2024.08.14	00:59:19.888	0.60724				2
2024.08.14	00:59:24.891	0.60725				2
2024.08.14	00:59:26.070	0.60723				2
2024.08.14	00:59:26.415	0.60722				2
2024.08.14	00:59:27.907		0.60759			4
2024.08.14	00:59:28.484	0.60723	0.60760			6
2024.08.14	00:59:31.356	0.60724				2
2024.08.14	00:59:33.426	0.60725				2
2024.08.14	00:59:37.012	0.60723				2
2024.08.14	00:59:40.299		0.60759			4
2024.08.14	00:59:42.654		0.60758			4
2024.08.14	00:59:42.979	0.60724	0.60760			6
2024.08.14	00:59:43.286	0.60723	0.60757			6
2024.08.14	00:59:43.754		0.60758			4
2024.08.14	00:59:44.237		0.60757			4
2024.08.14	00:59:46.669		0.60756			4
2024.08.14	00:59:54.183		0.60757			4
2024.08.14	00:59:57.057		0.60756			4
2024.08.14	01:00:00.309	0.60716	0.60750			6
2024.08.14	01:00:00.615	0.60717	0.60738			6
2024.08.14	01:00:00.920	0.60720	0.60740			6
2024.08.14	01:00:01.237	0.60721				2
2024.08.14	01:00:01.539	0.60719				2
2024.08.14	01:00:01.966	0.60724				2
2024.08.14	01:00:02.272	0.60718				2
2024.08.14	01:00:03.984	0.60719				2
2024.08.14	01:00:04.303	0.60720				2
2024.08.14	01:00:04.912	0.60722	0.60754			6
2024.08.14	01:00:05.213	0.60724	0.60755			6
2024.08.14	01:00:05.522	0.60725				2
2024.08.14	01:00:06.433	0.60726				2
2024.08.14	01:00:06.937	0.60727				2
2024.08.14	01:00:07.242	0.60728	0.60754			6
2024.08.14	01:00:07.950	0.60730				2
2024.08.14	01:00:08.355	0.60731				2
2024.08.14	01:00:09.364	0.60732				2
2024.08.14	01:00:10.422	0.60734				2
2024.08.14	01:00:11.391	0.60736				2
2024.08.14	01:00:12.037	0.60738				2
2024.08.14	01:00:12.400	0.60737				2
2024.08.14	01:00:12.950	0.60736	0.60756			6
2024.08.14	01:00:13.254	0.60737				2
2024.08.14	01:00:14.328	0.60736				2
2024.08.14	01:00:14.659	0.60737				2
2024.08.14	01:00:15.341	0.60738				2
2024.08.14	01:00:16.391	0.60739				2
2024.08.14	01:00:17.944		0.60762			4
2024.08.14	01:00:19.440	0.60740				2
2024.08.14	01:00:20.405	0.60742	0.60763			6
2024.08.14	01:00:21.418	0.60743				2
2024.08.14	01:00:22.426	0.60744				2
2024.08.14	01:00:23.393	0.60743	0.60764			6
2024.08.14	01:00:24.410	0.60744				2
2024.08.14	01:00:25.388	0.60745				2
2024.08.14	01:00:26.403	0.60747				2
2024.08.14	01:00:27.342	0.60748				2
2024.08.14	01:00:27.718	0.60749	0.60763			6
2024.08.14	01:00:28.399		0.60764			4
2024.08.14	01:00:31.387	0.60745	0.60763			6
2024.08.14	01:00:32.248	0.60746				2
2024.08.14	01:00:33.415	0.60747				2
2024.08.14	01:00:39.439	0.60737	0.60762			6
2024.08.14	01:00:40.033	0.60736	0.60761			6
2024.08.14	01:00:40.393	0.60738	0.60758			6
2024.08.14	01:00:40.777	0.60740	0.60760			6
2024.08.14	01:00:50.354	0.60741				2
2024.08.14	01:00:52.368		0.60759			4
2024.08.14	01:00:53.422	0.60740	0.60754			6
2024.08.14	01:00:53.736	0.60738	0.60755			6
2024.08.14	01:00:54.245	0.60739	0.60758			6
2024.08.14	01:00:54.933		0.60756			4
2024.08.14	01:00:55.306		0.60758			4
2024.08.14	01:00:55.658		0.60759			4
2024.08.14	01:00:56.187		0.60757			4
2024.08.14	01:00:56.975		0.60755			4
2024.08.14	01:00:57.451		0.60753			4
2024.08.14	01:00:59.202		0.60755			4
2024.08.14	01:01:00.468	0.60739	0.60757			6
2024.08.14	01:01:01.734		0.60758			4
2024.08.14	01:01:02.393		0.60757			4
2024.08.14	01:01:02.964		0.60758			4
2024.08.14	01:01:06.281		0.60756			4
2024.08.14	01:01:06.895		0.60757			4
2024.08.14	01:01:08.055		0.60756			4
2024.08.14	01:01:11.654		0.60757			4
2024.08.14	01:01:13.990		0.60749			4
2024.08.14	01:01:14.712		0.60756			4
2024.08.14	01:01:15.399		0.60755			4
2024.08.14	01:01:16.507		0.60756			4
2024.08.14	01:01:17.415		0.60757			4
2024.08.14	01:01:19.860		0.60756			4
2024.08.14	01:01:20.406		0.60755			4
2024.08.14	01:01:21.362		0.60756			4
2024.08.14	01:01:22.386		0.60754			4
2024.08.14	01:01:23.475		0.60755			4
2024.08.14	01:01:35.391	0.60737	0.60758			6
2024.08.14	01:01:36.594		0.60760			4
2024.08.14	01:01:39.284		0.60759			4
2024.08.14	01:01:45.353		0.60758			4
2024.08.14	01:01:45.659	0.60738	0.60757			6
2024.08.14	01:01:46.419	0.60739				2
2024.08.14	01:01:49.147		0.60756			4
2024.08.14	01:01:50.469		0.60757			4
2024.08.14	01:02:00.395	0.60739				2
2024.08.14	01:02:01.408		0.60758			4
2024.08.14	01:02:02.013		0.60756			4
2024.08.14	01:02:02.417	0.60740				2
2024.08.14	01:02:02.878		0.60758			4
2024.08.14	01:02:03.617		0.60757			4
2024.08.14	01:02:03.923	0.60739	0.60760			6
2024.08.14	01:02:04.973	0.60740	0.60759			6
2024.08.14	01:02:05.451	0.60742				2
2024.08.14	01:02:05.888		0.60760			4
2024.08.14	01:02:06.399	0.60743	0.60759			6
2024.08.14	01:02:07.402	0.60744				2
2024.08.14	01:02:09.620		0.60760			4
2024.08.14	01:02:11.383	0.60745				2
2024.08.14	01:02:11.786		0.60759			4
2024.08.14	01:02:12.896		0.60760			4
2024.08.14	01:02:17.859		0.60759			4
2024.08.14	01:02:18.414		0.60760			4
2024.08.14	01:02:19.076		0.60759			4
2024.08.14	01:02:21.389		0.60760			4
2024.08.14	01:02:25.072	0.60746	0.60759			6
2024.08.14	01:02:25.396		0.60760			4
2024.08.14	01:02:34.297		0.60761			4
2024.08.14	01:02:41.635		0.60760			4
2024.08.14	01:02:42.395		0.60761			4
2024.08.14	01:02:45.076		0.60760			4
2024.08.14	01:02:46.576		0.60761			4
2024.08.14	01:02:48.392	0.60745				2
2024.08.14	01:02:50.391	0.60746				2
2024.08.14	01:02:55.964	0.60745				2
2024.08.14	01:02:59.350	0.60743				2
2024.08.14	01:03:00.422	0.60743				2
2024.08.14	01:03:02.385	0.60744				2
2024.08.14	01:03:03.394	0.60745				2
2024.08.14	01:03:06.385	0.60741				2
2024.08.14	01:03:14.106	0.60742				2
2024.08.14	01:03:18.131	0.60743				2
2024.08.14	01:03:44.582	0.60744				2
2024.08.14	01:03:45.407	0.60745				2
2024.08.14	01:03:50.400	0.60744	0.60761			6
2024.08.14	01:04:19.405	0.60744	0.60765			6
2024.08.14	01:04:33.586	0.60743				2
2024.08.14	01:04:35.406		0.60762			4
2024.08.14	01:04:36.315	0.60744	0.60761			6
2024.08.14	01:04:43.405	0.60743				2
2024.08.14	01:04:44.819	0.60742	0.60760			6
2024.08.14	01:04:45.273	0.60743	0.60761			6
2024.08.14	01:04:55.809	0.60745				2
2024.08.14	01:04:58.398	0.60744				2
2024.08.14	01:05:00.405	0.60744	0.60760			6
2024.08.14	01:05:00.848	0.60743	0.60759			6
2024.08.14	01:05:01.419	0.60742	0.60758			6
2024.08.14	01:05:01.821	0.60740	0.60756			6
2024.08.14	01:05:02.205	0.60736	0.60753			6
2024.08.14	01:05:02.681		0.60752			4
2024.08.14	01:05:02.990		0.60753			4
2024.08.14	01:05:04.308		0.60750			4
2024.08.14	01:05:04.658		0.60752			4
2024.08.14	01:05:04.963		0.60754			4
2024.08.14	01:05:05.389		0.60752			4
2024.08.14	01:05:05.826		0.60753			4
2024.08.14	01:05:06.183		0.60752			4
2024.08.14	01:05:06.687		0.60754			4
2024.08.14	01:05:07.342		0.60752			4
2024.08.14	01:05:07.745		0.60753			4
2024.08.14	01:05:08.402		0.60752			4
2024.08.14	01:05:09.923		0.60755			4
2024.08.14	01:05:10.224		0.60752			4
2024.08.14	01:05:11.491		0.60751			4
2024.08.14	01:05:16.391		0.60750			4
2024.08.14	01:05:30.243		0.60749			4
2024.08.14	01:05:30.976		0.60750			4
2024.08.14	01:05:41.404		0.60749			4
2024.08.14	01:05:42.080		0.60748			4
2024.08.14	01:05:42.617		0.60749			4
2024.08.14	01:05:46.214		0.60748			4
2024.08.14	01:05:47.028		0.60749			4
2024.08.14	01:05:47.387	0.60735	0.60748			6
2024.08.14	01:05:48.242	0.60736				2
2024.08.14	01:05:49.408	0.60735				2
2024.08.14	01:05:50.422	0.60736				2
2024.08.14	01:05:51.408		0.60747			4
2024.08.14	01:05:51.710	0.60735				2
2024.08.14	01:05:52.398	0.60736				2
2024.08.14	01:05:52.732	0.60735				2
2024.08.14	01:06:00.633	0.60735	0.60746			6
2024.08.14	01:06:11.416	0.60731				2
2024.08.14	01:06:12.286		0.60748			4
2024.08.14	01:06:12.622		0.60746			4
2024.08.14	01:06:24.134	0.60732				2
2024.08.14	01:06:25.660	0.60734	0.60750			6
2024.08.14	01:06:25.962		0.60751			4
2024.08.14	01:06:27.222	0.60733				2
2024.08.14	01:06:27.829		0.60750			4
2024.08.14	01:06:28.944		0.60751			4
2024.08.14	01:06:29.407	0.60734				2
2024.08.14	01:06:29.938	0.60735	0.60750			6
2024.08.14	01:06:30.413	0.60736	0.60751			6
2024.08.14	01:06:32.198	0.60732				2
2024.08.14	01:06:32.738	0.60733				2
2024.08.14	01:06:33.209		0.60750			4
2024.08.14	01:06:35.298	0.60734				2
2024.08.14	01:06:36.347	0.60735				2
2024.08.14	01:06:39.387	0.60736				2
2024.08.14	01:06:42.487	0.60735	0.60754			6
2024.08.14	01:06:43.044		0.60756			4
2024.08.14	01:06:43.621	0.60736	0.60757			6
2024.08.14	01:06:44.382		0.60758			4
2024.08.14	01:06:44.687	0.60738	0.60757			6
2024.08.14	01:06:44.991	0.60739	0.60760			6
2024.08.14	01:06:45.350	0.60738	0.60758			6
2024.08.14	01:06:46.854	0.60740	0.60760			6
2024.08.14	01:06:47.219	0.60739				2
2024.08.14	01:06:47.834		0.60759			4
2024.08.14	01:06:48.391	0.60740				2
2024.08.14	01:06:49.393	0.60741				2
2024.08.14	01:06:50.495		0.60757			4
2024.08.14	01:06:51.136	0.60742	0.60754			6
2024.08.14	01:06:51.669		0.60752			4
2024.08.14	01:06:54.215		0.60750			4
2024.08.14	01:06:54.822		0.60749			4
2024.08.14	01:06:55.124		0.60748			4
2024.08.14	01:06:55.461		0.60750			4
2024.08.14	01:06:56.082		0.60752			4
2024.08.14	01:06:56.384		0.60753			4
2024.08.14	01:06:56.709		0.60754			4
2024.08.14	01:07:00.360	0.60742	0.60752			6
2024.08.14	01:07:03.701		0.60749			4
2024.08.14	01:07:04.317	0.60741	0.60747			6
2024.08.14	01:07:11.571		0.60748			4
2024.08.14	01:07:11.912	0.60738				2
2024.08.14	01:07:12.212	0.60739				2
2024.08.14	01:07:12.520	0.60738	0.60747			6
2024.08.14	01:07:12.916	0.60741				2
2024.08.14	01:07:16.182	0.60738	0.60746			6
2024.08.14	01:07:16.812	0.60741				2
2024.08.14	01:07:17.418	0.60740				2
2024.08.14	01:07:18.591	0.60741	0.60747			6
2024.08.14	01:07:20.057	0.60738				2
2024.08.14	01:07:20.823	0.60741				2
2024.08.14	01:07:25.702	0.60740	0.60746			6
2024.08.14	01:07:26.387	0.60741				2
2024.08.14	01:07:29.539		0.60744			4
2024.08.14	01:07:30.386	0.60740				2
2024.08.14	01:07:36.001		0.60745			4
2024.08.14	01:07:37.002		0.60744			4
2024.08.14	01:07:37.358	0.60739				2
2024.08.14	01:07:37.679	0.60740				2
2024.08.14	01:07:38.039	0.60739				2
2024.08.14	01:07:38.390	0.60740				2
2024.08.14	01:07:41.432	0.60741	0.60748			6
2024.08.14	01:07:42.403	0.60742				2
2024.08.14	01:07:43.299	0.60741	0.60745			6
2024.08.14	01:07:44.468	0.60742	0.60748			6
2024.08.14	01:07:45.665	0.60741	0.60749			6
2024.08.14	01:07:47.391	0.60742				2
2024.08.14	01:07:59.615		0.60748			4
2024.08.14	01:08:00.403	0.60726				2
2024.08.14	01:08:01.190		0.60749			4
2024.08.14	01:08:04.395	0.60727				2
2024.08.14	01:08:05.401	0.60728				2
2024.08.14	01:08:06.417	0.60729				2
2024.08.14	01:08:07.389	0.60730				2
2024.08.14	01:08:08.389	0.60731				2
2024.08.14	01:08:08.692	0.60732	0.60746			6
2024.08.14	01:08:08.998	0.60731	0.60742			6
2024.08.14	01:08:09.401	0.60732	0.60741			6
2024.08.14	01:08:10.419	0.60733				2
2024.08.14	01:08:11.326	0.60734	0.60744			6
2024.08.14	01:08:11.629	0.60733	0.60740			6
2024.08.14	01:08:12.388	0.60729				2
2024.08.14	01:08:15.624	0.60728	0.60741			6
2024.08.14	01:08:16.031	0.60729				2
2024.08.14	01:08:16.333		0.60740			4
2024.08.14	01:08:17.755		0.60739			4
2024.08.14	01:08:18.213		0.60740			4
2024.08.14	01:08:19.803		0.60739			4
2024.08.14	01:08:20.395		0.60740			4
2024.08.14	01:08:31.433	0.60730				2
2024.08.14	01:08:39.289		0.60741			4
2024.08.14	01:08:41.470		0.60740			4
2024.08.14	01:09:08.408	0.60730	0.60739			6
2024.08.14	01:09:35.133		0.60738			4
2024.08.14	01:09:57.386	0.60728	0.60739			6
2024.08.14	01:10:00.083	0.60728				2
2024.08.14	01:10:00.390		0.60738			4
2024.08.14	01:10:11.409	0.60729				2
2024.08.14	01:10:12.423	0.60730				2
2024.08.14	01:10:15.395	0.60729				2
2024.08.14	01:10:34.421	0.60727	0.60739			6
2024.08.14	01:10:35.153		0.60738			4
2024.08.14	01:10:35.682		0.60737			4
2024.08.14	01:10:36.028		0.60738			4
2024.08.14	01:10:36.386		0.60737			4
2024.08.14	01:10:37.245		0.60738			4
2024.08.14	01:10:39.225	0.60726	0.60736			6
2024.08.14	01:10:39.532		0.60735			4
2024.08.14	01:10:40.352	0.60727	0.60734			6
2024.08.14	01:10:40.672	0.60726				2
2024.08.14	01:10:43.551	0.60727	0.60736			6
2024.08.14	01:10:44.554	0.60728	0.60735			6
2024.08.14	01:10:45.090	0.60727				2
2024.08.14	01:10:45.391	0.60728				2
2024.08.14	01:10:46.360	0.60727				2
2024.08.14	01:10:57.092	0.60728	0.60736			6
2024.08.14	01:10:57.440		0.60738			4
2024.08.14	01:10:58.405	0.60729				2
2024.08.14	01:10:59.161	0.60730				2
2024.08.14	01:11:00.282	0.60730	0.60737			6
2024.08.14	01:11:04.676		0.60739			4
2024.08.14	01:11:07.419	0.60716				2
2024.08.14	01:11:08.907		0.60740			4
2024.08.14	01:11:14.745		0.60739			4
2024.08.14	01:11:15.177		0.60738			4
2024.08.14	01:11:16.429	0.60717				2
2024.08.14	01:11:17.385	0.60718				2
2024.08.14	01:11:18.395	0.60719				2
2024.08.14	01:11:19.413	0.60720				2
2024.08.14	01:11:20.422	0.60721				2
2024.08.14	01:11:21.434	0.60722				2
2024.08.14	01:11:22.292	0.60723				2
2024.08.14	01:11:23.403	0.60724				2
2024.08.14	01:11:24.414	0.60725				2
2024.08.14	01:11:25.427	0.60726	0.60739			6
2024.08.14	01:11:26.391	0.60727				2
2024.08.14	01:11:27.384	0.60728				2
2024.08.14	01:11:27.907	0.60729				2
2024.08.14	01:11:28.403	0.60730				2
2024.08.14	01:11:30.388	0.60729	0.60738			6
2024.08.14	01:11:37.328	0.60730	0.60739			6
2024.08.14	01:11:42.390		0.60740			4
2024.08.14	01:11:46.879		0.60739			4
2024.08.14	01:11:48.150	0.60729	0.60738			6
2024.08.14	01:12:02.569	0.60730				2
2024.08.14	01:12:05.984	0.60729				2
2024.08.14	01:12:13.830		0.60737			4
2024.08.14	01:12:14.386		0.60738			4
2024.08.14	01:12:25.474		0.60737			4
2024.08.14	01:12:36.402	0.60713				2
2024.08.14	01:12:39.435	0.60712	0.60736			6
2024.08.14	01:12:41.327		0.60738			4
2024.08.14	01:12:42.425		0.60737			4
2024.08.14	01:12:43.390	0.60713				2
2024.08.14	01:12:44.392	0.60714				2
2024.08.14	01:12:45.404	0.60715				2
2024.08.14	01:12:46.384	0.60716				2
2024.08.14	01:12:47.392	0.60717				2
2024.08.14	01:12:48.400	0.60718				2
2024.08.14	01:12:49.414	0.60719				2
2024.08.14	01:12:50.165	0.60721	0.60736			6
2024.08.14	01:12:51.393	0.60722	0.60735			6
2024.08.14	01:12:52.403	0.60723				2
2024.08.14	01:12:53.419	0.60724				2
2024.08.14	01:12:54.395	0.60725				2
2024.08.14	01:12:55.391	0.60726				2
2024.08.14	01:12:56.403	0.60727				2
2024.08.14	01:12:56.748	0.60728	0.60736			6
2024.08.14	01:12:57.216	0.60713	0.60735			6
2024.08.14	01:12:57.521	0.60711				2
2024.08.14	01:12:57.880		0.60734			4
2024.08.14	01:12:58.425		0.60733			4
2024.08.14	01:13:01.415	0.60712	0.60734			6
2024.08.14	01:13:02.083	0.60711				2
2024.08.14	01:13:04.152	0.60712				2
2024.08.14	01:13:05.423	0.60713	0.60733			6
2024.08.14	01:13:06.584	0.60714	0.60737			6
2024.08.14	01:13:07.402		0.60738			4
2024.08.14	01:13:08.390		0.60737			4
2024.08.14	01:13:09.397		0.60738			4
2024.08.14	01:13:10.734		0.60737			4
2024.08.14	01:13:13.411		0.60736			4
2024.08.14	01:13:23.416		0.60739			4
2024.08.14	01:13:29.151		0.60738			4
2024.08.14	01:13:41.333	0.60717	0.60737			6
2024.08.14	01:13:43.736	0.60716				2
2024.08.14	01:13:44.389	0.60717				2
2024.08.14	01:13:52.393	0.60716	0.60738			6
2024.08.14	01:13:54.755	0.60717				2
2024.08.14	01:13:56.085	0.60718				2
2024.08.14	01:13:57.631	0.60717				2
2024.08.14	01:13:58.386		0.60737			4
2024.08.14	01:14:05.391	0.60717	0.60738			6
2024.08.14	01:14:08.416	0.60718				2
2024.08.14	01:14:09.402		0.60737			4
2024.08.14	01:14:10.388	0.60717				2
2024.08.14	01:14:14.542		0.60735			4
2024.08.14	01:14:14.941	0.60718				2
2024.08.14	01:14:15.681	0.60720	0.60740			6
2024.08.14	01:14:42.839		0.60734			4
2024.08.14	01:14:44.644		0.60738			4
2024.08.14	01:14:45.047		0.60740			4
2024.08.14	01:14:48.349	0.60729				2
2024.08.14	01:14:48.673	0.60726				2
2024.08.14	01:14:56.688	0.60729				2
2024.08.14	01:15:00.423	0.60727	0.60739			6
2024.08.14	01:15:01.384		0.60740			4
2024.08.14	01:15:02.901	0.60728				2
2024.08.14	01:15:03.837	0.60730				2
2024.08.14	01:15:04.501	0.60731				2
2024.08.14	01:15:05.994	0.60728				2
2024.08.14	01:15:06.305	0.60731				2
2024.08.14	01:15:07.209	0.60728				2
2024.08.14	01:15:07.510	0.60726				2
2024.08.14	01:15:07.823	0.60731				2
2024.08.14	01:15:08.194		0.60739			4
2024.08.14	01:15:08.506		0.60740			4
2024.08.14	01:15:08.822	0.60726	0.60739			6
2024.08.14	01:15:09.136	0.60731				2
2024.08.14	01:15:09.473	0.60726				2
2024.08.14	01:15:10.187	0.60731				2
2024.08.14	01:15:10.501	0.60726	0.60740			6
2024.08.14	01:15:10.813	0.60727				2
2024.08.14	01:15:11.412	0.60728	0.60741			6
2024.08.14	01:15:11.766	0.60729				2
2024.08.14	01:15:12.606	0.60731				2
2024.08.14	01:15:12.921	0.60729				2
2024.08.14	01:15:13.432		0.60740			4
2024.08.14	01:15:16.762	0.60731				2
2024.08.14	01:15:20.360		0.60741			4
2024.08.14	01:15:20.663	0.60736	0.60744			6
2024.08.14	01:15:20.981	0.60732				2
2024.08.14	01:15:21.341		0.60743			4
2024.08.14	01:15:21.654		0.60742			4
2024.08.14	01:15:21.959		0.60744			4
2024.08.14	01:15:22.271	0.60735				2
2024.08.14	01:15:22.708	0.60734	0.60743			6
2024.08.14	01:15:23.093	0.60735				2
2024.08.14	01:15:23.414	0.60733				2
2024.08.14	01:15:24.517	0.60735	0.60744			6
2024.08.14	01:15:24.821	0.60736				2
2024.08.14	01:15:25.528	0.60735	0.60743			6
2024.08.14	01:15:25.899	0.60736				2
2024.08.14	01:15:26.562	0.60737	0.60745			6
2024.08.14	01:15:26.863	0.60736	0.60744			6
2024.08.14	01:15:27.408		0.60745			4
2024.08.14	01:15:27.855	0.60735				2
2024.08.14	01:15:28.172	0.60736				2
2024.08.14	01:15:28.474	0.60735	0.60744			6
2024.08.14	01:15:28.776	0.60734				2
2024.08.14	01:15:29.134	0.60735				2
2024.08.14	01:15:29.504		0.60745			4
2024.08.14	01:15:30.755		0.60746			4
2024.08.14	01:15:34.096	0.60736				2
2024.08.14	01:15:35.475	0.60735				2
2024.08.14	01:15:39.772		0.60745			4
2024.08.14	01:15:40.585	0.60731	0.60743			6
2024.08.14	01:15:40.894	0.60732	0.60744			6
2024.08.14	01:15:41.340	0.60737	0.60743			6
2024.08.14	01:15:41.642		0.60744			4
2024.08.14	01:15:43.222		0.60743			4
2024.08.14	01:15:43.524		0.60744			4
2024.08.14	01:15:43.882		0.60745			4
2024.08.14	01:15:44.205		0.60744			4
2024.08.14	01:15:44.522		0.60743			4
2024.08.14	01:15:44.849	0.60736	0.60744			6
2024.08.14	01:15:45.226	0.60737	0.60743			6
2024.08.14	01:15:45.542	0.60735				2
2024.08.14	01:15:46.207	0.60736	0.60744			6
2024.08.14	01:15:46.641		0.60743			4
2024.08.14	01:15:47.543	0.60735				2
2024.08.14	01:15:47.855	0.60736				2
2024.08.14	01:15:48.504	0.60735				2
2024.08.14	01:15:48.818	0.60734				2
2024.08.14	01:15:49.128	0.60735				2
2024.08.14	01:15:49.555	0.60736	0.60745			6
2024.08.14	01:15:50.317		0.60744			4
2024.08.14	01:15:50.624		0.60745			4
2024.08.14	01:15:50.941	0.60734	0.60743			6
2024.08.14	01:15:51.581	0.60736	0.60745			6
2024.08.14	01:15:51.947	0.60737				2
2024.08.14	01:15:53.081	0.60736				2
2024.08.14	01:15:55.909	0.60737				2
2024.08.14	01:15:57.535	0.60736				2
2024.08.14	01:16:00.084	0.60736				2
2024.08.14	01:16:00.406	0.60738	0.60746			6
2024.08.14	01:16:00.712	0.60737	0.60745			6
2024.08.14	01:16:01.046	0.60738	0.60746			6
2024.08.14	01:16:01.376		0.60745			4
2024.08.14	01:16:02.083		0.60744			4
2024.08.14	01:16:02.387		0.60745			4
2024.08.14	01:16:02.737	0.60737				2
2024.08.14	01:16:03.388	0.60738				2
2024.08.14	01:16:04.269	0.60740				2
2024.08.14	01:16:04.581		0.60746			4
2024.08.14	01:16:04.970		0.60747			4
2024.08.14	01:16:06.641	0.60741	0.60748			6
2024.08.14	01:16:07.363	0.60740				2
2024.08.14	01:16:07.737	0.60739	0.60747			6
2024.08.14	01:16:10.602	0.60741	0.60750			6
2024.08.14	01:16:10.903		0.60749			4
2024.08.14	01:16:11.344	0.60740	0.60747			6
2024.08.14	01:16:12.006		0.60748			4
2024.08.14	01:16:18.390		0.60747			4
2024.08.14	01:16:19.405		0.60746			4
2024.08.14	01:16:19.905		0.60747			4
2024.08.14	01:16:20.365	0.60742	0.60748			6
2024.08.14	01:16:20.686	0.60740				2
2024.08.14	01:16:21.014	0.60741	0.60749			6
2024.08.14	01:16:21.710		0.60748			4
2024.08.14	01:16:22.051		0.60747			4
2024.08.14	01:16:22.636	0.60738				2
2024.08.14	01:16:23.881		0.60748			4
2024.08.14	01:16:25.047		0.60747			4
2024.08.14	01:16:26.285		0.60748			4
2024.08.14	01:16:27.282		0.60747			4
2024.08.14	01:16:28.314		0.60748			4
2024.08.14	01:16:29.282		0.60747			4
2024.08.14	01:16:30.295		0.60748			4
2024.08.14	01:16:32.442		0.60747			4
2024.08.14	01:16:35.157		0.60748			4
2024.08.14	01:16:36.263		0.60747			4
2024.08.14	01:16:36.956	0.60737				2
2024.08.14	01:16:37.634	0.60738				2
2024.08.14	01:16:41.974		0.60746			4
2024.08.14	01:16:42.326	0.60737				2
2024.08.14	01:16:42.630	0.60738	0.60747			6
2024.08.14	01:16:43.415	0.60737				2
2024.08.14	01:16:43.722	0.60738	0.60746			6
2024.08.14	01:16:44.541	0.60734	0.60744			6
2024.08.14	01:16:44.844		0.60745			4
2024.08.14	01:16:45.216		0.60744			4
2024.08.14	01:16:45.582		0.60743			4
2024.08.14	01:16:47.235		0.60744			4
2024.08.14	01:16:47.637		0.60743			4
2024.08.14	01:16:48.398		0.60744			4
2024.08.14	01:16:49.768		0.60742			4
2024.08.14	01:16:50.425		0.60743			4
2024.08.14	01:16:50.886	0.60733				2
2024.08.14	01:16:51.296		0.60742			4
2024.08.14	01:16:52.083		0.60743			4
2024.08.14	01:16:52.444		0.60744			4
2024.08.14	01:16:53.237		0.60743			4
2024.08.14	01:16:56.375		0.60742			4
2024.08.14	01:16:56.916		0.60743			4
2024.08.14	01:16:59.387		0.60742			4
2024.08.14	01:17:00.304	0.60733	0.60743			6
2024.08.14	01:17:01.573		0.60742			4
2024.08.14	01:17:02.382		0.60743			4
2024.08.14	01:17:03.630		0.60742			4
2024.08.14	01:17:03.946		0.60744			4
2024.08.14	01:17:04.280		0.60743			4
2024.08.14	01:17:06.151		0.60742			4
2024.08.14	01:17:08.393		0.60743			4
2024.08.14	01:17:08.839		0.60742			4
2024.08.14	01:17:09.927	0.60731	0.60743			6
2024.08.14	01:17:12.412	0.60732				2
2024.08.14	01:17:16.825	0.60731				2
2024.08.14	01:17:17.394		0.60742			4
2024.08.14	01:17:18.862	0.60730	0.60741			6
2024.08.14	01:17:19.391		0.60742			4
2024.08.14	01:17:20.204		0.60741			4
2024.08.14	01:17:21.425		0.60742			4
2024.08.14	01:17:22.167		0.60741			4
2024.08.14	01:17:30.843		0.60740			4
2024.08.14	01:17:35.861		0.60741			4
2024.08.14	01:17:36.296		0.60740			4
2024.08.14	01:17:36.691	0.60731				2
2024.08.14	01:17:41.273		0.60742			4
2024.08.14	01:17:42.398		0.60741			4
2024.08.14	01:17:48.401		0.60742			4
2024.08.14	01:17:49.679		0.60741			4
2024.08.14	01:17:50.025		0.60742			4
2024.08.14	01:17:51.398		0.60741			4
2024.08.14	01:17:51.757		0.60742			4
2024.08.14	01:17:52.611		0.60741			4
2024.08.14	01:17:53.027		0.60742			4
2024.08.14	01:17:53.416		0.60741			4
2024.08.14	01:18:00.096	0.60731	0.60742			6
2024.08.14	01:18:00.400		0.60741			4
2024.08.14	01:18:03.203	0.60732	0.60742			6
2024.08.14	01:18:03.573		0.60741			4
2024.08.14	01:18:04.410		0.60742			4
2024.08.14	01:18:04.714		0.60741			4
2024.08.14	01:18:06.385	0.60731				2
2024.08.14	01:18:06.738	0.60727	0.60740			6
2024.08.14	01:18:07.057	0.60728	0.60739			6
2024.08.14	01:18:08.004		0.60738			4
2024.08.14	01:18:08.406	0.60730	0.60739			6
2024.08.14	01:18:08.714	0.60734	0.60741			6
2024.08.14	01:18:09.016	0.60733	0.60742			6
2024.08.14	01:18:09.641		0.60741			4
2024.08.14	01:18:10.505		0.60742			4
2024.08.14	01:18:11.824		0.60741			4
2024.08.14	01:18:12.564		0.60742			4
2024.08.14	01:18:13.325		0.60743			4
2024.08.14	01:18:13.667		0.60742			4
2024.08.14	01:18:13.969	0.60734	0.60741			6
2024.08.14	01:18:14.273		0.60742			4
2024.08.14	01:18:14.628		0.60741			4
2024.08.14	01:18:15.393		0.60742			4
2024.08.14	01:18:16.704		0.60743			4
2024.08.14	01:18:17.476		0.60742			4
2024.08.14	01:18:18.591		0.60741			4
2024.08.14	01:18:21.062		0.60742			4
2024.08.14	01:18:21.675		0.60741			4
2024.08.14	01:18:22.391	0.60729				2
2024.08.14	01:18:22.754		0.60740			4
2024.08.14	01:18:23.189		0.60739			4
2024.08.14	01:18:24.300	0.60728	0.60738			6
2024.08.14	01:18:26.602	0.60732	0.60739			6
2024.08.14	01:18:27.125		0.60740			4
2024.08.14	01:18:27.759		0.60741			4
2024.08.14	01:18:29.056	0.60733				2
2024.08.14	01:18:29.429	0.60732				2
2024.08.14	01:18:31.956		0.60742			4
2024.08.14	01:18:32.713		0.60741			4
2024.08.14	01:18:37.723		0.60742			4
2024.08.14	01:18:38.800		0.60741			4
2024.08.14	01:18:45.003	0.60734	0.60742			6
2024.08.14	01:18:45.669	0.60733	0.60743			6
2024.08.14	01:18:46.050		0.60741			4
2024.08.14	01:18:46.351	0.60734				2
2024.08.14	01:18:46.781		0.60743			4
2024.08.14	01:18:47.690		0.60742			4
2024.08.14	01:18:48.382		0.60743			4
2024.08.14	01:18:48.752		0.60742			4
2024.08.14	01:18:51.627	0.60735	0.60743			6
2024.08.14	01:18:52.398		0.60744			4
2024.08.14	01:18:52.807		0.60743			4
2024.08.14	01:18:53.613	0.60734	0.60742			6
2024.08.14	01:18:55.385		0.60743			4
2024.08.14	01:18:56.397		0.60742			4
2024.08.14	01:18:58.545		0.60743			4
2024.08.14	01:18:59.226		0.60742			4
2024.08.14	01:19:00.135	0.60734				2
2024.08.14	01:19:05.510		0.60743			4
2024.08.14	01:19:08.524	0.60738	0.60745			6
2024.08.14	01:19:09.394		0.60746			4
2024.08.14	01:19:09.719		0.60745			4
2024.08.14	01:19:10.405		0.60746			4
2024.08.14	01:19:10.782	0.60736	0.60745			6
2024.08.14	01:19:11.391	0.60735				2
2024.08.14	01:19:12.404		0.60744			4
2024.08.14	01:19:16.304	0.60730	0.60742			6
2024.08.14	01:19:16.634		0.60740			4
2024.08.14	01:19:17.411		0.60739			4
2024.08.14	01:19:19.105		0.60740			4
2024.08.14	01:19:19.444	0.60731				2
2024.08.14	01:19:20.783	0.60734	0.60741			6
2024.08.14	01:19:21.104		0.60742			4
2024.08.14	01:19:21.810	0.60735	0.60743			6
2024.08.14	01:19:22.373		0.60742			4
2024.08.14	01:19:22.821		0.60743			4
2024.08.14	01:19:23.425		0.60742			4
2024.08.14	01:19:23.830		0.60743			4
2024.08.14	01:19:32.024	0.60734	0.60742			6
2024.08.14	01:19:32.720		0.60743			4
2024.08.14	01:19:35.261		0.60742			4
2024.08.14	01:19:35.868		0.60743			4
2024.08.14	01:19:37.351		0.60742			4
2024.08.14	01:19:37.893		0.60743			4
2024.08.14	01:19:38.226		0.60742			4
2024.08.14	01:19:38.935		0.60743			4
2024.08.14	01:19:40.459		0.60742			4
2024.08.14	01:19:42.209		0.60743			4
2024.08.14	01:19:43.567		0.60742			4
2024.08.14	01:19:43.896		0.60743			4
2024.08.14	01:19:44.605		0.60742			4
2024.08.14	01:19:45.342		0.60743			4
2024.08.14	01:19:49.407		0.60742			4
2024.08.14	01:19:53.762		0.60743			4
2024.08.14	01:19:54.398		0.60742			4
2024.08.14	01:19:55.383		0.60743			4
2024.08.14	01:19:55.714		0.60742			4
2024.08.14	01:19:59.432		0.60743			4
2024.08.14	01:19:59.854		0.60742			4
2024.08.14	01:20:00.392	0.60734	0.60743			6
2024.08.14	01:20:00.728	0.60735	0.60742			6
2024.08.14	01:20:02.499		0.60743			4
2024.08.14	01:20:06.269		0.60742			4
2024.08.14	01:20:07.337		0.60743			4
2024.08.14	01:20:08.062	0.60738	0.60746			6
2024.08.14	01:20:08.399	0.60737	0.60745			6
2024.08.14	01:20:12.536	0.60738	0.60746			6
2024.08.14	01:20:23.469		0.60745			4
2024.08.14	01:20:24.391		0.60746			4
2024.08.14	01:20:36.223	0.60737	0.60745			6
2024.08.14	01:20:36.525	0.60734	0.60744			6
2024.08.14	01:20:36.947		0.60743			4
2024.08.14	01:20:37.910		0.60742			4
2024.08.14	01:20:38.255		0.60743			4
2024.08.14	01:20:38.820		0.60742			4
2024.08.14	01:20:39.427		0.60743			4
2024.08.14	01:20:42.386		0.60744			4
2024.08.14	01:20:42.872		0.60743			4
2024.08.14	01:20:44.196		0.60742			4
2024.08.14	01:20:45.401		0.60743			4
2024.08.14	01:20:46.270		0.60742			4
2024.08.14	01:20:46.981		0.60743			4
2024.08.14	01:20:47.996		0.60744			4
2024.08.14	01:20:48.357		0.60743			4
2024.08.14	01:20:53.612		0.60744			4
2024.08.14	01:20:54.279	0.60735				2
2024.08.14	01:20:55.711		0.60743			4
2024.08.14	01:20:56.339	0.60734	0.60742			6
2024.08.14	01:20:56.743	0.60735				2
2024.08.14	01:20:57.046	0.60734				2
2024.08.14	01:20:57.399		0.60743			4
2024.08.14	01:20:57.952		0.60742			4
2024.08.14	01:20:58.409		0.60743			4
2024.08.14	01:20:58.959		0.60742			4
2024.08.14	01:20:59.424		0.60743			4
2024.08.14	01:20:59.972		0.60742			4
2024.08.14	01:21:00.390	0.60734	0.60743			6
2024.08.14	01:21:02.153		0.60744			4
2024.08.14	01:21:02.660		0.60743			4
2024.08.14	01:21:04.093		0.60742			4
2024.08.14	01:21:06.563		0.60743			4
2024.08.14	01:21:07.033		0.60742			4
2024.08.14	01:21:14.429		0.60743			4
2024.08.14	01:21:14.782		0.60742			4
2024.08.14	01:21:15.388		0.60743			4
2024.08.14	01:21:16.621		0.60742			4
2024.08.14	01:21:17.404		0.60743			4
2024.08.14	01:21:17.890		0.60742			4
2024.08.14	01:21:18.263		0.60743			4
2024.08.14	01:21:18.969		0.60742			4
2024.08.14	01:21:19.389		0.60743			4
2024.08.14	01:21:19.972		0.60742			4
2024.08.14	01:21:20.406		0.60743			4
2024.08.14	01:21:20.740		0.60742			4
2024.08.14	01:21:21.294		0.60743			4
2024.08.14	01:21:21.978		0.60742			4
2024.08.14	01:21:22.373		0.60741			4
2024.08.14	01:21:22.693	0.60733	0.60739			6
2024.08.14	01:21:23.005	0.60732				2
2024.08.14	01:21:23.992		0.60738			4
2024.08.14	01:21:25.781		0.60739			4
2024.08.14	01:21:26.390		0.60738			4
2024.08.14	01:21:26.896		0.60739			4
2024.08.14	01:21:32.443	0.60730	0.60737			6
2024.08.14	01:21:33.408	0.60729				2
2024.08.14	01:21:36.564	0.60734	0.60739			6
2024.08.14	01:21:37.024		0.60740			4
2024.08.14	01:21:39.409		0.60739			4
2024.08.14	01:21:41.812		0.60740			4
2024.08.14	01:21:43.401		0.60739			4
2024.08.14	01:21:43.855		0.60740			4
2024.08.14	01:21:44.408		0.60739			4
2024.08.14	01:21:44.913		0.60740			4
2024.08.14	01:21:46.083		0.60739			4
2024.08.14	01:21:49.755		0.60737			4
2024.08.14	01:21:50.410		0.60739			4
2024.08.14	01:21:57.282	0.60733				2
2024.08.14	01:21:57.684		0.60738			4
2024.08.14	01:21:57.990		0.60739			4
2024.08.14	01:21:59.404		0.60738			4
2024.08.14	01:21:59.826		0.60739			4
2024.08.14	01:22:01.433	0.60735				2
2024.08.14	01:22:02.143	0.60733				2
2024.08.14	01:22:02.447	0.60734				2
2024.08.14	01:22:03.155		0.60740			4
2024.08.14	01:22:04.216		0.60739			4
2024.08.14	01:22:06.209		0.60740			4
2024.08.14	01:22:06.870		0.60739			4
2024.08.14	01:22:07.744	0.60737	0.60742			6
2024.08.14	01:22:08.118		0.60741			4
2024.08.14	01:22:08.933		0.60742			4
2024.08.14	01:22:09.385		0.60741			4
2024.08.14	01:22:09.892		0.60742			4
2024.08.14	01:22:10.399		0.60741			4
2024.08.14	01:22:10.910		0.60742			4
2024.08.14	01:22:11.410		0.60741			4
2024.08.14	01:22:11.920	0.60739	0.60744			6
2024.08.14	01:22:20.834	0.60738				2
2024.08.14	01:22:23.561	0.60737	0.60743			6
2024.08.14	01:22:31.560		0.60744			4
2024.08.14	01:22:31.969	0.60738	0.60745			6
2024.08.14	01:22:32.286		0.60744			4
2024.08.14	01:22:42.106	0.60740	0.60746			6
2024.08.14	01:22:42.409		0.60745			4
2024.08.14	01:22:48.283		0.60746			4
2024.08.14	01:22:49.522	0.60741				2
2024.08.14	01:22:53.156		0.60745			4
2024.08.14	01:22:53.473		0.60746			4
2024.08.14	01:22:57.719		0.60745			4
2024.08.14	01:22:58.022		0.60746			4
2024.08.14	01:23:00.445	0.60741				2
2024.08.14	01:23:05.512		0.60745			4
2024.08.14	01:23:05.888		0.60746			4
2024.08.14	01:23:06.925		0.60747			4
2024.08.14	01:23:07.406	0.60742	0.60746			6
2024.08.14	01:23:08.115		0.60747			4
2024.08.14	01:23:14.653	0.60741	0.60746			6
2024.08.14	01:23:15.052	0.60740				2
2024.08.14	01:23:18.953		0.60745			4
2024.08.14	01:23:19.260	0.60742	0.60747			6
2024.08.14	01:23:19.968	0.60741	0.60746			6
2024.08.14	01:23:22.398		0.60745			4
2024.08.14	01:23:22.761		0.60746			4
2024.08.14	01:23:25.392		0.60745			4
2024.08.14	01:23:25.992		0.60746			4
2024.08.14	01:23:26.395		0.60745			4
2024.08.14	01:23:27.056		0.60746			4
2024.08.14	01:23:27.388		0.60745			4
2024.08.14	01:23:32.261		0.60746			4
2024.08.14	01:23:33.343	0.60737	0.60744			6
2024.08.14	01:23:33.678		0.60743			4
2024.08.14	01:23:34.484	0.60739	0.60744			6
2024.08.14	01:23:35.658		0.60743			4
2024.08.14	01:23:36.393		0.60744			4
2024.08.14	01:23:50.970		0.60743			4
2024.08.14	01:23:52.209		0.60744			4
2024.08.14	01:24:00.874	0.60739	0.60745			6
2024.08.14	01:24:19.178	0.60738	0.60744			6
2024.08.14	01:24:30.795		0.60743			4
2024.08.14	01:24:31.507		0.60744			4
2024.08.14	01:24:35.107	0.60737	0.60743			6
2024.08.14	01:24:36.170	0.60738				2
2024.08.14	01:24:40.891		0.60744			4
2024.08.14	01:24:41.352		0.60743			4
2024.08.14	01:24:42.461		0.60744			4
2024.08.14	01:24:43.417		0.60743			4
2024.08.14	01:24:47.776	0.60737	0.60742			6
2024.08.14	01:24:48.107		0.60743			4
2024.08.14	01:24:55.529		0.60742			4
2024.08.14	01:24:55.974	0.60736				2
2024.08.14	01:24:57.363	0.60738	0.60743			6
2024.08.14	01:24:57.824	0.60736	0.60742			6
2024.08.14	01:24:59.725		0.60741			4
2024.08.14	01:25:00.835	0.60736	0.60740			6
2024.08.14	01:25:01.138		0.60741			4
2024.08.14	01:25:03.059	0.60735				2
2024.08.14	01:25:03.408		0.60740			4
2024.08.14	01:25:08.531	0.60734				2
2024.08.14	01:25:13.904	0.60741	0.60747			6
2024.08.14	01:25:14.266		0.60745			4
2024.08.14	01:25:14.618		0.60746			4
2024.08.14	01:25:16.319		0.60745			4
2024.08.14	01:25:17.168		0.60747			4
2024.08.14	01:25:17.528	0.60740	0.60746			6
2024.08.14	01:25:18.379	0.60741	0.60747			6
2024.08.14	01:25:18.794	0.60740	0.60746			6
2024.08.14	01:25:19.212	0.60741	0.60747			6
2024.08.14	01:25:19.594	0.60740	0.60746			6
2024.08.14	01:25:20.447	0.60741				2
2024.08.14	01:25:21.582	0.60740				2
2024.08.14	01:25:22.402		0.60747			4
2024.08.14	01:25:22.728		0.60746			4
2024.08.14	01:25:23.062		0.60747			4
2024.08.14	01:25:23.403		0.60746			4
2024.08.14	01:25:23.825	0.60742	0.60747			6
2024.08.14	01:25:24.144	0.60741	0.60746			6
2024.08.14	01:25:24.938		0.60747			4
2024.08.14	01:25:25.242		0.60746			4
2024.08.14	01:25:29.982		0.60747			4
2024.08.14	01:25:30.289		0.60746			4
2024.08.14	01:25:36.699		0.60747			4
2024.08.14	01:25:37.409		0.60746			4
2024.08.14	01:25:43.222		0.60747			4
2024.08.14	01:25:43.594		0.60746			4
2024.08.14	01:25:59.816		0.60747			4
2024.08.14	01:26:00.154	0.60741	0.60746			6
2024.08.14	01:26:00.521	0.60740	0.60745			6
2024.08.14	01:26:00.915		0.60746			4
2024.08.14	01:26:07.103	0.60741				2
2024.08.14	01:26:07.439	0.60740				2
2024.08.14	01:26:08.120	0.60741				2
2024.08.14	01:26:08.483	0.60740				2
2024.08.14	01:26:12.220	0.60741				2
2024.08.14	01:26:12.962	0.60740				2
2024.08.14	01:26:14.021	0.60741				2
2024.08.14	01:26:14.325	0.60740	0.60747			6
2024.08.14	01:26:14.710	0.60741	0.60746			6
2024.08.14	01:26:15.848		0.60747			4
2024.08.14	01:26:16.321	0.60740	0.60746			6
2024.08.14	01:26:17.313		0.60747			4
2024.08.14	01:26:17.640		0.60746			4
2024.08.14	01:26:19.305		0.60747			4
2024.08.14	01:26:19.638		0.60746			4
2024.08.14	01:26:20.025		0.60747			4
2024.08.14	01:26:20.727		0.60746			4
2024.08.14	01:26:21.082	0.60741	0.60747			6
2024.08.14	01:26:25.842		0.60746			4
2024.08.14	01:26:26.143		0.60747			4
2024.08.14	01:26:27.387		0.60746			4
2024.08.14	01:26:31.302		0.60747			4
2024.08.14	01:26:32.921		0.60746			4
2024.08.14	01:26:33.280		0.60747			4
2024.08.14	01:26:34.081		0.60746			4
2024.08.14	01:26:34.440		0.60747			4
2024.08.14	01:26:34.916		0.60748			4
2024.08.14	01:26:35.288		0.60747			4
2024.08.14	01:26:43.402		0.60746			4
2024.08.14	01:26:48.408		0.60747			4
2024.08.14	01:26:49.275		0.60746			4
2024.08.14	01:26:50.331		0.60747			4
2024.08.14	01:26:52.683		0.60746			4
2024.08.14	01:26:53.014		0.60747			4
2024.08.14	01:26:53.802		0.60746			4
2024.08.14	01:26:55.267		0.60747			4
2024.08.14	01:26:55.883		0.60746			4
2024.08.14	01:26:56.203		0.60747			4
2024.08.14	01:26:56.520		0.60746			4
2024.08.14	01:26:58.447		0.60747			4
2024.08.14	01:26:59.511		0.60746			4
2024.08.14	01:27:00.461	0.60741				2
2024.08.14	01:27:00.812		0.60747			4
2024.08.14	01:27:03.203	0.60742				2
2024.08.14	01:27:06.885	0.60741				2
2024.08.14	01:27:07.231		0.60746			4
2024.08.14	01:27:08.382		0.60747			4
2024.08.14	01:27:11.749	0.60742				2
2024.08.14	01:27:12.775	0.60741				2
2024.08.14	01:27:13.668		0.60746			4
2024.08.14	01:27:14.516		0.60747			4
2024.08.14	01:27:15.183		0.60746			4
2024.08.14	01:27:16.151		0.60747			4
2024.08.14	01:27:17.164	0.60742				2
2024.08.14	01:27:18.204	0.60741				2
2024.08.14	01:27:18.554		0.60746			4
2024.08.14	01:27:19.406	0.60742	0.60747			6
2024.08.14	01:27:20.414	0.60741				2
2024.08.14	01:27:20.968		0.60745			4
2024.08.14	01:27:21.288		0.60746			4
2024.08.14	01:27:23.129		0.60747			4
2024.08.14	01:27:24.293		0.60746			4
2024.08.14	01:27:26.271		0.60747			4
2024.08.14	01:27:27.326		0.60746			4
2024.08.14	01:27:28.369	0.60742	0.60747			6
2024.08.14	01:27:34.745	0.60743				2
2024.08.14	01:27:35.631	0.60742				2
2024.08.14	01:27:36.631	0.60743				2
2024.08.14	01:27:37.730	0.60742				2
2024.08.14	01:27:42.935	0.60741	0.60746			6
2024.08.14	01:27:43.536	0.60743	0.60747			6
2024.08.14	01:27:45.555	0.60740	0.60746			6
2024.08.14	01:27:46.060		0.60745			4
2024.08.14	01:27:55.603	0.60739				2
2024.08.14	01:28:00.063	0.60739				2
2024.08.14	01:28:04.209	0.60740				2
2024.08.14	01:28:07.836	0.60739				2
2024.08.14	01:28:08.154	0.60740				2
2024.08.14	01:28:08.463	0.60746	0.60751			6
2024.08.14	01:28:09.399		0.60750			4
2024.08.14	01:28:11.603	0.60743	0.60746			6
2024.08.14	01:28:13.356	0.60742				2
2024.08.14	01:28:13.724	0.60743				2
2024.08.14	01:28:17.287		0.60747			4
2024.08.14	01:28:17.639		0.60746			4
2024.08.14	01:28:18.979		0.60747			4
2024.08.14	01:28:19.971		0.60746			4
2024.08.14	01:28:20.356		0.60747			4
2024.08.14	01:28:20.980		0.60746			4
2024.08.14	01:28:21.372	0.60742				2
2024.08.14	01:28:21.675	0.60741				2
2024.08.14	01:28:22.195	0.60745				2
2024.08.14	01:28:22.551	0.60742				2
2024.08.14	01:28:24.904	0.60743				2
2024.08.14	01:28:29.103	0.60742				2
2024.08.14	01:28:32.678	0.60743				2
2024.08.14	01:28:35.977	0.60744				2
2024.08.14	01:28:39.183	0.60742				2
2024.08.14	01:28:40.565	0.60743				2
2024.08.14	01:28:43.569	0.60742				2
2024.08.14	01:28:44.972	0.60745	0.60747			6
2024.08.14	01:28:45.325		0.60748			4
2024.08.14	01:28:59.473	0.60746				2
2024.08.14	01:29:00.491	0.60746				2
2024.08.14	01:29:01.273	0.60745				2
2024.08.14	01:29:05.194	0.60746				2
2024.08.14	01:29:14.512	0.60745				2
2024.08.14	01:29:15.631	0.60746				2
2024.08.14	01:29:16.619	0.60745				2
2024.08.14	01:29:17.770	0.60746				2
2024.08.14	01:29:19.876	0.60745				2
2024.08.14	01:29:21.042	0.60746				2
2024.08.14	01:29:21.505	0.60743	0.60745			6
2024.08.14	01:29:21.843	0.60742				2
2024.08.14	01:29:22.349	0.60740				2
2024.08.14	01:29:23.756	0.60741				2
2024.08.14	01:29:33.867	0.60740	0.60743			6
2024.08.14	01:29:34.179		0.60744			4
2024.08.14	01:29:34.500	0.60741				2
2024.08.14	01:29:39.312		0.60745			4
2024.08.14	01:29:46.144	0.60740				2
2024.08.14	01:29:47.863	0.60741				2
2024.08.14	01:29:51.814	0.60742				2
2024.08.14	01:29:52.331	0.60741				2
2024.08.14	01:29:59.157	0.60742				2
2024.08.14	01:30:00.311	0.60742				2
2024.08.14	01:30:00.714	0.60740	0.60744			6
2024.08.14	01:30:01.701	0.60738	0.60745			6
2024.08.14	01:30:02.014	0.60739				2
2024.08.14	01:30:03.113	0.60741				2
2024.08.14	01:30:03.537		0.60744			4
2024.08.14	01:30:03.936		0.60745			4
2024.08.14	01:30:08.484		0.60744			4
2024.08.14	01:30:08.797	0.60742				2
2024.08.14	01:30:09.407		0.60745			4
2024.08.14	01:30:12.667	0.60741				2
2024.08.14	01:30:12.983	0.60740	0.60743			6
2024.08.14	01:30:13.289	0.60739				2
2024.08.14	01:30:16.484	0.60741				2
2024.08.14	01:30:17.040	0.60739				2
2024.08.14	01:30:18.883		0.60742			4
2024.08.14	01:30:19.706	0.60740	0.60743			6
2024.08.14	01:31:00.458	0.60740				2
2024.08.14	01:31:14.877	0.60741				2
2024.08.14	01:31:16.185	0.60740				2
2024.08.14	01:31:20.278		0.60743			4
2024.08.14	01:31:21.466		0.60742			4
2024.08.14	01:31:24.767	0.60742	0.60744			6
2024.08.14	01:31:25.071	0.60740	0.60742			6
2024.08.14	01:31:29.494	0.60739				2
2024.08.14	01:31:29.955		0.60743			4
2024.08.14	01:31:32.165		0.60742			4
2024.08.14	01:31:48.126	0.60737	0.60741			6
2024.08.14	01:31:56.321	0.60738	0.60742			6
2024.08.14	01:32:00.527	0.60738				2
2024.08.14	01:32:10.615	0.60739				2
2024.08.14	01:32:30.608		0.60743			4
2024.08.14	01:32:40.604		0.60742			4
2024.08.14	01:32:40.917		0.60743			4
2024.08.14	01:32:53.223	0.60738	0.60742			6
2024.08.14	01:32:53.739		0.60743			4
2024.08.14	01:32:54.280		0.60742			4
2024.08.14	01:33:10.722	0.60739	0.60743			6
2024.08.14	01:33:18.551	0.60748	0.60753			6
2024.08.14	01:33:19.805		0.60752			4
2024.08.14	01:33:20.751	0.60749				2
2024.08.14	01:33:22.332		0.60753			4
2024.08.14	01:33:23.248		0.60752			4
2024.08.14	01:33:30.613	0.60750				2
2024.08.14	01:33:31.618	0.60749				2
2024.08.14	01:33:46.177	0.60750				2
2024.08.14	01:33:52.296	0.60748				2
2024.08.14	01:33:53.496	0.60749				2
2024.08.14	01:33:58.074	0.60750	0.60753			6
2024.08.14	01:34:00.276	0.60750				2
2024.08.14	01:34:13.434	0.60751				2
2024.08.14	01:34:15.922	0.60752				2
2024.08.14	01:34:18.569	0.60753	0.60754			6
2024.08.14	01:34:19.593	0.60755	0.60756			6
2024.08.14	01:34:19.924		0.60757			4
2024.08.14	01:34:30.662	0.60754				2
2024.08.14	01:34:34.736	0.60755				2
2024.08.14	01:34:35.246	0.60754	0.60756			6
2024.08.14	01:34:35.648		0.60757			4
2024.08.14	01:34:38.333	0.60755				2
2024.08.14	01:34:38.637	0.60754				2
2024.08.14	01:34:39.003		0.60755			4
2024.08.14	01:34:43.371	0.60752	0.60753			6
2024.08.14	01:34:45.631		0.60754			4
2024.08.14	01:34:46.744		0.60753			4
2024.08.14	01:34:47.612		0.60754			4
2024.08.14	01:34:48.038		0.60753			4
2024.08.14	01:34:48.351		0.60754			4
2024.08.14	01:34:48.663	0.60753	0.60755			6
2024.08.14	01:34:49.021	0.60754	0.60757			6
2024.08.14	01:35:00.360	0.60754				2
2024.08.14	01:35:01.496	0.60752	0.60756			6
2024.08.14	01:35:01.807	0.60754	0.60757			6
2024.08.14	01:35:05.372	0.60753	0.60756			6
2024.08.14	01:35:05.838		0.60757			4
2024.08.14	01:35:06.671		0.60756			4
2024.08.14	01:35:08.791		0.60757			4
2024.08.14	01:35:09.331		0.60756			4
2024.08.14	01:35:10.799	0.60754	0.60757			6
2024.08.14	01:35:19.114	0.60752				2
2024.08.14	01:35:19.423	0.60753				2
2024.08.14	01:35:20.492		0.60756			4
2024.08.14	01:35:21.496	0.60752	0.60755			6
2024.08.14	01:35:22.011		0.60756			4
2024.08.14	01:35:30.781	0.60753				2
2024.08.14	01:35:38.784	0.60752				2
2024.08.14	01:35:47.517		0.60755			4
2024.08.14	01:35:48.362		0.60756			4
2024.08.14	01:35:49.731	0.60753				2
2024.08.14	01:35:51.422		0.60757			4
2024.08.14	01:35:52.117		0.60756			4
2024.08.14	01:35:54.026	0.60752				2
2024.08.14	01:36:00.258	0.60752				2
2024.08.14	01:36:09.195	0.60753				2
2024.08.14	01:36:21.226	0.60752				2
2024.08.14	01:36:21.874	0.60753				2
2024.08.14	01:36:22.846	0.60754	0.60757			6
2024.08.14	01:36:26.625	0.60755				2
2024.08.14	01:36:37.179	0.60754				2
2024.08.14	01:36:37.481	0.60755				2
2024.08.14	01:36:38.581	0.60754				2
2024.08.14	01:36:38.895	0.60756				2
2024.08.14	01:36:39.421	0.60754				2
2024.08.14	01:37:00.534	0.60754				2
2024.08.14	01:37:01.856	0.60753				2
2024.08.14	01:37:02.601	0.60755				2
2024.08.14	01:37:02.991	0.60754				2
2024.08.14	01:37:06.751	0.60755				2
2024.08.14	01:37:07.108	0.60754				2
2024.08.14	01:37:10.932	0.60755				2
2024.08.14	01:37:11.267	0.60754				2
2024.08.14	01:37:22.279	0.60751	0.60755			6
2024.08.14	01:37:24.568	0.60750				2
2024.08.14	01:37:30.862	0.60751				2
2024.08.14	01:37:31.326	0.60750				2
2024.08.14	01:37:33.455	0.60751	0.60756			6
2024.08.14	01:37:34.482	0.60749	0.60752			6
2024.08.14	01:37:34.783	0.60747	0.60751			6
2024.08.14	01:37:46.354	0.60746				2
2024.08.14	01:37:46.661	0.60744	0.60749			6
2024.08.14	01:37:50.876		0.60750			4
2024.08.14	01:37:51.867		0.60749			4
2024.08.14	01:37:55.641		0.60750			4
2024.08.14	01:37:56.693	0.60745				2
2024.08.14	01:37:57.004	0.60746				2
2024.08.14	01:38:00.421	0.60745	0.60749			6
2024.08.14	01:38:01.270	0.60742	0.60745			6
2024.08.14	01:38:05.806		0.60746			4
2024.08.14	01:38:07.936	0.60743				2
2024.08.14	01:38:08.242	0.60742				2
2024.08.14	01:38:09.171	0.60743				2
2024.08.14	01:38:18.726	0.60744				2
2024.08.14	01:38:19.053	0.60743				2
2024.08.14	01:38:24.741	0.60742				2
2024.08.14	01:38:25.683	0.60740	0.60745			6
2024.08.14	01:38:26.101		0.60746			4
2024.08.14	01:38:26.419		0.60745			4
2024.08.14	01:38:28.148		0.60746			4
2024.08.14	01:38:28.741	0.60743				2
2024.08.14	01:38:29.047	0.60740				2
2024.08.14	01:38:31.369		0.60745			4
2024.08.14	01:38:32.562	0.60741				2
2024.08.14	01:38:35.120	0.60743				2
2024.08.14	01:38:35.424	0.60741				2
2024.08.14	01:38:36.211	0.60740	0.60744			6
2024.08.14	01:38:36.524	0.60736	0.60741			6
2024.08.14	01:38:37.619	0.60740	0.60743			6
2024.08.14	01:38:41.382	0.60738	0.60742			6
2024.08.14	01:38:45.710		0.60741			4
