<DATE>	<TIME>	<BID>	<ASK>	<LAST>	<VOLUME>	<FLAGS>
2024.10.22	00:00:00.124	0.60291	0.60326			6
2024.10.22	00:00:00.441	0.60278	0.60340			6
2024.10.22	00:00:00.755	0.60241	0.60392			6
2024.10.22	00:00:02.083	0.60276	0.60476			6
2024.10.22	00:00:05.594	0.60302	0.60502			6
2024.10.22	00:01:07.249	0.60241	0.60419			6
2024.10.22	00:01:07.651	0.60244	0.60354			6
2024.10.22	00:01:57.336	0.60245	0.60352			6
2024.10.22	00:02:02.165	0.60245				2
2024.10.22	00:02:26.927		0.60354			4
2024.10.22	00:02:46.592	0.60250	0.60349			6
2024.10.22	00:03:01.296	0.60250				2
2024.10.22	00:03:04.790	0.60251	0.60347			6
2024.10.22	00:03:30.748	0.60256	0.60342			6
2024.10.22	00:04:01.682	0.60256				2
2024.10.22	00:04:30.790		0.60342			4
2024.10.22	00:05:00.340	0.60256				2
2024.10.22	00:05:00.996	0.60257				2
2024.10.22	00:05:07.437		0.60344			4
2024.10.22	00:05:08.304	0.60258				2
2024.10.22	00:05:09.315	0.60259				2
2024.10.22	00:05:13.300	0.60257				2
2024.10.22	00:05:14.297	0.60258				2
2024.10.22	00:05:15.337	0.60257				2
2024.10.22	00:05:28.356	0.60256				2
2024.10.22	00:05:38.625	0.60275				2
2024.10.22	00:06:02.109	0.60275				2
2024.10.22	00:06:15.450		0.60344			4
2024.10.22	00:06:30.559	0.60276				2
2024.10.22	00:07:05.619	0.60276				2
2024.10.22	00:07:15.552	0.60275	0.60344			6
2024.10.22	00:07:27.840		0.60342			4
2024.10.22	00:08:18.337	0.60275				2
2024.10.22	00:09:16.635	0.60276	0.60342			6
2024.10.22	00:09:31.687	0.60275				2
2024.10.22	00:09:55.974	0.60277				2
2024.10.22	00:10:06.196	0.60276				2
2024.10.22	00:10:27.318		0.60342			4
2024.10.22	00:10:46.838	0.60275				2
2024.10.22	00:11:02.251	0.60276				2
2024.10.22	00:11:12.700	0.60275				2
2024.10.22	00:11:23.627	0.60272				2
2024.10.22	00:11:27.610		0.60342			4
2024.10.22	00:12:01.782	0.60272				2
2024.10.22	00:12:28.330		0.60342			4
2024.10.22	00:12:40.832	0.60270				2
2024.10.22	00:12:47.748	0.60273				2
2024.10.22	00:12:49.326	0.60275				2
2024.10.22	00:12:49.640	0.60272				2
2024.10.22	00:12:58.432	0.60274				2
2024.10.22	00:13:00.371	0.60274				2
2024.10.22	00:13:04.528	0.60275				2
2024.10.22	00:13:29.696	0.60272	0.60342			6
2024.10.22	00:13:30.712	0.60275				2
2024.10.22	00:14:01.435	0.60275				2
2024.10.22	00:14:31.232		0.60342			4
2024.10.22	00:14:39.597	0.60274				2
2024.10.22	00:14:40.284	0.60291	0.60354			6
2024.10.22	00:14:57.718	0.60284	0.60363			6
2024.10.22	00:15:01.756	0.60284	0.60361			6
2024.10.22	00:15:14.503		0.60364			4
2024.10.22	00:15:16.797		0.60365			4
2024.10.22	00:15:29.582		0.60364			4
2024.10.22	00:15:32.384		0.60363			4
2024.10.22	00:16:02.867	0.60284				2
2024.10.22	00:16:07.714		0.60360			4
2024.10.22	00:16:08.987		0.60361			4
2024.10.22	00:16:13.195		0.60363			4
2024.10.22	00:16:32.586		0.60362			4
2024.10.22	00:16:47.529		0.60363			4
2024.10.22	00:16:54.046		0.60362			4
2024.10.22	00:16:55.381		0.60363			4
2024.10.22	00:16:57.600		0.60362			4
2024.10.22	00:17:00.432	0.60284	0.60360			6
2024.10.22	00:17:00.737		0.60359			4
2024.10.22	00:17:01.041		0.60355			4
2024.10.22	00:17:04.294		0.60360			4
2024.10.22	00:17:06.426		0.60362			4
2024.10.22	00:17:06.736		0.60361			4
2024.10.22	00:17:36.173		0.60362			4
2024.10.22	00:17:41.875		0.60361			4
2024.10.22	00:17:45.083		0.60360			4
2024.10.22	00:17:51.178		0.60358			4
2024.10.22	00:18:00.222	0.60284				2
2024.10.22	00:18:01.899		0.60360			4
2024.10.22	00:18:49.181		0.60361			4
2024.10.22	00:18:51.892		0.60360			4
2024.10.22	00:19:00.227	0.60284				2
2024.10.22	00:19:03.259		0.60361			4
2024.10.22	00:19:22.688		0.60358			4
2024.10.22	00:19:26.225		0.60355			4
2024.10.22	00:19:41.220		0.60353			4
2024.10.22	00:19:47.235		0.60358			4
2024.10.22	00:19:47.554		0.60351			4
2024.10.22	00:19:51.703		0.60355			4
2024.10.22	00:20:00.382	0.60284				2
2024.10.22	00:20:07.778		0.60357			4
2024.10.22	00:20:11.681		0.60351			4
2024.10.22	00:20:16.794		0.60354			4
2024.10.22	00:20:24.406		0.60353			4
2024.10.22	00:20:24.722		0.60357			4
2024.10.22	00:20:25.404		0.60355			4
2024.10.22	00:20:31.829		0.60352			4
2024.10.22	00:20:32.150		0.60350			4
2024.10.22	00:20:38.268		0.60356			4
2024.10.22	00:20:39.780		0.60352			4
2024.10.22	00:20:47.524		0.60349			4
2024.10.22	00:20:55.589		0.60348			4
2024.10.22	00:20:56.612		0.60347			4
2024.10.22	00:21:00.359	0.60284				2
2024.10.22	00:21:16.815		0.60349			4
2024.10.22	00:21:17.605		0.60350			4
2024.10.22	00:21:23.795	0.60277				2
2024.10.22	00:21:25.704		0.60352			4
2024.10.22	00:21:26.750		0.60350			4
2024.10.22	00:21:30.894	0.60266	0.60324			6
2024.10.22	00:22:01.376	0.60266				2
2024.10.22	00:22:14.987		0.60322			4
2024.10.22	00:22:18.041	0.60255	0.60335			6
2024.10.22	00:22:18.976		0.60338			4
2024.10.22	00:22:20.864	0.60256				2
2024.10.22	00:22:22.904	0.60258				2
2024.10.22	00:22:23.898	0.60259				2
2024.10.22	00:22:24.904	0.60260	0.60337			6
2024.10.22	00:22:28.285	0.60261				2
2024.10.22	00:22:30.199		0.60338			4
2024.10.22	00:22:38.253	0.60262				2
2024.10.22	00:22:38.758		0.60339			4
2024.10.22	00:23:00.128	0.60265	0.60342			6
2024.10.22	00:23:09.897	0.60266	0.60341			6
2024.10.22	00:23:30.160	0.60265	0.60342			6
2024.10.22	00:23:38.224	0.60263	0.60341			6
2024.10.22	00:24:00.219	0.60263				2
2024.10.22	00:24:13.554	0.60261	0.60342			6
2024.10.22	00:24:28.755	0.60264				2
2024.10.22	00:25:00.389	0.60264				2
2024.10.22	00:25:13.811		0.60342			4
2024.10.22	00:25:28.752	0.60265				2
2024.10.22	00:25:43.753	0.60266				2
2024.10.22	00:26:04.102	0.60266				2
2024.10.22	00:26:40.044		0.60342			4
2024.10.22	00:26:55.081	0.60263	0.60339			6
2024.10.22	00:26:55.409	0.60264				2
2024.10.22	00:26:59.992	0.60262				2
2024.10.22	00:27:05.447	0.60262				2
2024.10.22	00:27:09.450	0.60261				2
2024.10.22	00:27:37.957	0.60263	0.60336			6
2024.10.22	00:27:58.181		0.60338			4
2024.10.22	00:28:00.225	0.60263				2
2024.10.22	00:28:06.473		0.60337			4
2024.10.22	00:28:07.974	0.60268	0.60338			6
2024.10.22	00:28:11.856	0.60269				2
2024.10.22	00:28:22.980	0.60270				2
2024.10.22	00:28:40.786	0.60268				2
2024.10.22	00:28:41.127	0.60270				2
2024.10.22	00:28:43.302	0.60265	0.60335			6
2024.10.22	00:28:52.973		0.60334			4
2024.10.22	00:28:56.209		0.60333			4
2024.10.22	00:29:01.177	0.60265				2
2024.10.22	00:29:06.424	0.60267	0.60336			6
2024.10.22	00:29:11.333		0.60334			4
2024.10.22	00:29:47.556	0.60263				2
2024.10.22	00:30:00.402	0.60265	0.60331			6
2024.10.22	00:30:05.427	0.60263				2
2024.10.22	00:30:08.116	0.60266				2
2024.10.22	00:30:13.459	0.60265				2
2024.10.22	00:30:21.255	0.60264	0.60330			6
2024.10.22	00:30:29.639	0.60262	0.60328			6
2024.10.22	00:30:31.954	0.60260	0.60327			6
2024.10.22	00:30:32.561	0.60262				2
2024.10.22	00:30:35.886		0.60324			4
2024.10.22	00:30:36.201	0.60259				2
2024.10.22	00:30:39.304		0.60323			4
2024.10.22	00:31:00.822	0.60259				2
2024.10.22	00:31:05.585		0.60322			4
2024.10.22	00:31:15.587		0.60320			4
2024.10.22	00:31:17.884	0.60261				2
2024.10.22	00:31:18.655	0.60259				2
2024.10.22	00:31:20.021		0.60322			4
2024.10.22	00:31:20.923		0.60323			4
2024.10.22	00:31:33.768	0.60263				2
2024.10.22	00:31:36.499	0.60261				2
2024.10.22	00:31:37.350	0.60263				2
2024.10.22	00:31:38.746	0.60260	0.60322			6
2024.10.22	00:31:39.722	0.60264				2
2024.10.22	00:32:00.095	0.60264				2
2024.10.22	00:32:06.483	0.60262				2
2024.10.22	00:32:06.785		0.60321			4
2024.10.22	00:32:08.905	0.60259	0.60320			6
2024.10.22	00:32:09.232	0.60261	0.60319			6
2024.10.22	00:32:11.020		0.60317			4
2024.10.22	00:32:21.095		0.60318			4
2024.10.22	00:32:22.934		0.60317			4
2024.10.22	00:32:23.954	0.60259	0.60319			6
2024.10.22	00:32:38.946		0.60320			4
2024.10.22	00:32:39.494	0.60260	0.60319			6
2024.10.22	00:32:39.804	0.60263				2
2024.10.22	00:32:41.548	0.60259	0.60321			6
2024.10.22	00:32:44.270	0.60262				2
2024.10.22	00:32:44.578	0.60259				2
2024.10.22	00:32:45.114	0.60263				2
2024.10.22	00:32:57.185		0.60323			4
2024.10.22	00:32:59.757		0.60322			4
2024.10.22	00:33:02.024	0.60263				2
2024.10.22	00:33:11.974	0.60260	0.60323			6
2024.10.22	00:33:16.016		0.60322			4
2024.10.22	00:33:32.204		0.60324			4
2024.10.22	00:33:42.006	0.60266	0.60323			6
2024.10.22	00:33:42.523	0.60287				2
2024.10.22	00:33:42.894	0.60285				2
2024.10.22	00:34:07.659	0.60285				2
2024.10.22	00:34:32.704		0.60326			4
2024.10.22	00:35:02.166	0.60285				2
2024.10.22	00:35:18.133		0.60327			4
2024.10.22	00:35:23.581		0.60326			4
2024.10.22	00:35:25.672	0.60287				2
2024.10.22	00:35:41.085	0.60285				2
2024.10.22	00:35:44.815		0.60327			4
2024.10.22	00:36:00.460	0.60285				2
2024.10.22	00:36:47.585		0.60327			4
2024.10.22	00:37:03.267	0.60285				2
2024.10.22	00:37:48.263		0.60327			4
2024.10.22	00:38:12.606	0.60285				2
2024.10.22	00:38:56.193	0.60288	0.60327			6
2024.10.22	00:39:30.401	0.60273	0.60326			6
2024.10.22	00:40:00.323	0.60273				2
2024.10.22	00:40:01.073	0.60274				2
2024.10.22	00:40:01.980	0.60273				2
2024.10.22	00:40:06.606	0.60283	0.60327			6
2024.10.22	00:40:32.969		0.60326			4
2024.10.22	00:40:34.396		0.60327			4
2024.10.22	00:40:37.994		0.60326			4
2024.10.22	00:40:46.200		0.60327			4
2024.10.22	00:41:00.222	0.60283				2
2024.10.22	00:41:15.272		0.60326			4
2024.10.22	00:41:17.139		0.60327			4
2024.10.22	00:41:34.416		0.60325			4
2024.10.22	00:41:34.902		0.60326			4
2024.10.22	00:41:39.116		0.60327			4
2024.10.22	00:41:45.442		0.60326			4
2024.10.22	00:41:46.977		0.60327			4
2024.10.22	00:41:47.621		0.60326			4
2024.10.22	00:41:50.822		0.60327			4
2024.10.22	00:42:00.492	0.60283				2
2024.10.22	00:42:05.428		0.60326			4
2024.10.22	00:42:08.288		0.60325			4
2024.10.22	00:42:13.241		0.60324			4
2024.10.22	00:42:15.427		0.60325			4
2024.10.22	00:42:16.759		0.60326			4
2024.10.22	00:42:32.905		0.60325			4
2024.10.22	00:42:33.282		0.60326			4
2024.10.22	00:42:35.689		0.60325			4
2024.10.22	00:42:39.745		0.60324			4
2024.10.22	00:42:44.587		0.60325			4
2024.10.22	00:42:46.166		0.60324			4
2024.10.22	00:42:48.273		0.60322			4
2024.10.22	00:42:59.898		0.60325			4
2024.10.22	00:43:01.084	0.60283				2
2024.10.22	00:43:01.520		0.60324			4
2024.10.22	00:43:06.170		0.60323			4
2024.10.22	00:43:08.003		0.60324			4
2024.10.22	00:43:24.862		0.60323			4
2024.10.22	00:43:34.690		0.60322			4
2024.10.22	00:43:55.007		0.60325			4
2024.10.22	00:43:56.223		0.60323			4
2024.10.22	00:43:56.846		0.60325			4
2024.10.22	00:44:00.229	0.60283	0.60324			6
2024.10.22	00:44:05.768		0.60323			4
2024.10.22	00:44:20.780		0.60324			4
2024.10.22	00:44:30.569		0.60325			4
2024.10.22	00:44:31.437		0.60324			4
2024.10.22	00:44:33.915		0.60325			4
2024.10.22	00:44:36.538		0.60323			4
2024.10.22	00:44:37.513		0.60325			4
2024.10.22	00:44:43.422	0.60280				2
2024.10.22	00:44:43.821		0.60326			4
2024.10.22	00:44:48.461		0.60325			4
2024.10.22	00:44:49.298		0.60326			4
2024.10.22	00:44:52.528		0.60325			4
2024.10.22	00:44:52.877		0.60326			4
2024.10.22	00:44:55.433		0.60327			4
2024.10.22	00:45:00.115	0.60281	0.60329			6
2024.10.22	00:45:07.598	0.60300	0.60314			6
2024.10.22	00:45:10.375		0.60326			4
2024.10.22	00:45:11.157	0.60302				2
2024.10.22	00:45:12.348		0.60327			4
2024.10.22	00:45:14.049		0.60325			4
2024.10.22	00:45:14.817		0.60327			4
2024.10.22	00:45:15.378		0.60326			4
2024.10.22	00:45:17.942		0.60323			4
2024.10.22	00:45:28.359		0.60322			4
2024.10.22	00:46:01.232	0.60302				2
2024.10.22	00:46:09.933		0.60324			4
2024.10.22	00:46:11.059		0.60322			4
2024.10.22	00:46:12.566		0.60321			4
2024.10.22	00:46:16.154		0.60322			4
2024.10.22	00:46:26.691		0.60321			4
2024.10.22	00:46:59.989		0.60323			4
2024.10.22	00:47:01.021	0.60302				2
2024.10.22	00:47:02.119		0.60324			4
2024.10.22	00:47:04.071		0.60323			4
2024.10.22	00:47:22.963		0.60326			4
2024.10.22	00:47:32.324		0.60325			4
2024.10.22	00:47:35.782	0.60305	0.60329			6
2024.10.22	00:47:36.257		0.60330			4
2024.10.22	00:47:36.606		0.60329			4
2024.10.22	00:47:46.938		0.60330			4
2024.10.22	00:47:47.321		0.60329			4
2024.10.22	00:47:56.461		0.60331			4
2024.10.22	00:47:58.732		0.60332			4
2024.10.22	00:48:01.232	0.60305				2
2024.10.22	00:48:01.931		0.60331			4
2024.10.22	00:48:04.924		0.60332			4
2024.10.22	00:48:11.130		0.60331			4
2024.10.22	00:48:22.725		0.60330			4
2024.10.22	00:48:38.816		0.60331			4
2024.10.22	00:48:59.621		0.60332			4
2024.10.22	00:49:01.237	0.60305				2
2024.10.22	00:49:05.322		0.60331			4
2024.10.22	00:49:16.584		0.60332			4
2024.10.22	00:49:21.225		0.60331			4
2024.10.22	00:49:34.704		0.60328			4
2024.10.22	00:49:46.626		0.60327			4
2024.10.22	00:49:46.927		0.60328			4
2024.10.22	00:49:49.753		0.60327			4
2024.10.22	00:49:53.886		0.60328			4
2024.10.22	00:49:54.353		0.60327			4
2024.10.22	00:49:55.269		0.60326			4
2024.10.22	00:49:56.228		0.60327			4
2024.10.22	00:49:57.161		0.60325			4
2024.10.22	00:49:57.464		0.60326			4
2024.10.22	00:49:58.782		0.60325			4
2024.10.22	00:49:59.094		0.60326			4
2024.10.22	00:50:00.040	0.60305				2
2024.10.22	00:50:00.974		0.60325			4
2024.10.22	00:50:01.295		0.60326			4
2024.10.22	00:50:02.360		0.60325			4
2024.10.22	00:50:02.664		0.60327			4
2024.10.22	00:50:03.605		0.60325			4
2024.10.22	00:50:03.924		0.60326			4
2024.10.22	00:50:05.953		0.60327			4
2024.10.22	00:50:08.061		0.60326			4
2024.10.22	00:50:08.951		0.60329			4
2024.10.22	00:50:09.795		0.60330			4
2024.10.22	00:50:24.254		0.60331			4
2024.10.22	00:50:27.228		0.60330			4
2024.10.22	00:50:29.591		0.60331			4
2024.10.22	00:50:33.313		0.60330			4
2024.10.22	00:50:43.401		0.60329			4
2024.10.22	00:50:44.922		0.60330			4
2024.10.22	00:51:01.236	0.60305				2
2024.10.22	00:51:32.436		0.60329			4
2024.10.22	00:51:33.005		0.60330			4
2024.10.22	00:51:38.984		0.60331			4
2024.10.22	00:51:39.297		0.60330			4
2024.10.22	00:51:40.022		0.60331			4
2024.10.22	00:51:40.702		0.60330			4
2024.10.22	00:51:42.525		0.60331			4
2024.10.22	00:51:44.268		0.60330			4
2024.10.22	00:51:51.230		0.60329			4
2024.10.22	00:51:52.201		0.60330			4
2024.10.22	00:51:54.948		0.60328			4
2024.10.22	00:51:55.284		0.60329			4
2024.10.22	00:51:59.478		0.60330			4
2024.10.22	00:52:00.077	0.60305				2
2024.10.22	00:52:01.628		0.60329			4
2024.10.22	00:52:13.922		0.60330			4
2024.10.22	00:52:14.998		0.60329			4
2024.10.22	00:52:39.548		0.60328			4
2024.10.22	00:52:41.710		0.60329			4
2024.10.22	00:52:56.691		0.60330			4
2024.10.22	00:52:57.390		0.60329			4
2024.10.22	00:52:59.473		0.60330			4
2024.10.22	00:52:59.853		0.60329			4
2024.10.22	00:53:00.525	0.60305	0.60328			6
2024.10.22	00:53:00.849		0.60330			4
2024.10.22	00:53:02.084		0.60329			4
2024.10.22	00:53:03.133		0.60328			4
2024.10.22	00:53:03.600		0.60329			4
2024.10.22	00:53:15.221		0.60328			4
2024.10.22	00:53:16.081		0.60329			4
2024.10.22	00:53:17.061		0.60330			4
2024.10.22	00:53:22.049		0.60329			4
2024.10.22	00:53:24.034		0.60331			4
2024.10.22	00:53:27.383		0.60329			4
2024.10.22	00:53:27.707		0.60328			4
2024.10.22	00:53:29.222		0.60329			4
2024.10.22	00:53:29.555		0.60330			4
2024.10.22	00:53:30.255		0.60329			4
2024.10.22	00:53:32.916		0.60330			4
2024.10.22	00:53:35.249		0.60331			4
2024.10.22	00:53:36.263		0.60332			4
2024.10.22	00:53:37.625		0.60331			4
2024.10.22	00:53:38.115		0.60330			4
2024.10.22	00:53:40.055		0.60331			4
2024.10.22	00:53:44.222		0.60330			4
2024.10.22	00:53:45.205		0.60331			4
2024.10.22	00:53:47.127		0.60330			4
2024.10.22	00:53:50.526		0.60328			4
2024.10.22	00:53:51.629		0.60330			4
2024.10.22	00:53:55.537		0.60331			4
2024.10.22	00:53:57.452		0.60330			4
2024.10.22	00:53:58.475		0.60328			4
2024.10.22	00:53:58.779		0.60330			4
2024.10.22	00:54:00.055	0.60305	0.60329			6
2024.10.22	00:54:01.982		0.60328			4
2024.10.22	00:54:02.294		0.60329			4
2024.10.22	00:54:02.723		0.60328			4
2024.10.22	00:54:03.725		0.60329			4
2024.10.22	00:54:04.221		0.60326			4
2024.10.22	00:54:07.372		0.60327			4
2024.10.22	00:54:07.696		0.60326			4
2024.10.22	00:54:11.723		0.60328			4
2024.10.22	00:54:12.416		0.60329			4
2024.10.22	00:54:19.506		0.60330			4
2024.10.22	00:54:19.811		0.60326			4
2024.10.22	00:54:21.238		0.60329			4
2024.10.22	00:54:23.445		0.60327			4
2024.10.22	00:54:38.562		0.60332			4
2024.10.22	00:54:38.962		0.60329			4
2024.10.22	00:54:41.086		0.60330			4
2024.10.22	00:54:43.468		0.60331			4
2024.10.22	00:54:44.248		0.60328			4
2024.10.22	00:54:44.556		0.60327			4
2024.10.22	00:54:45.364		0.60329			4
2024.10.22	00:54:45.797		0.60328			4
2024.10.22	00:54:47.556		0.60325			4
2024.10.22	00:54:52.336		0.60324			4
2024.10.22	00:54:53.560		0.60325			4
2024.10.22	00:55:01.743	0.60305				2
2024.10.22	00:55:41.803	0.60295	0.60320			6
2024.10.22	00:55:46.402		0.60321			4
2024.10.22	00:55:48.493		0.60320			4
2024.10.22	00:55:51.503		0.60321			4
2024.10.22	00:55:52.153		0.60320			4
2024.10.22	00:55:56.078		0.60319			4
2024.10.22	00:55:57.689		0.60320			4
2024.10.22	00:56:05.667	0.60295	0.60316			6
2024.10.22	00:56:06.145		0.60315			4
2024.10.22	00:56:06.454		0.60312			4
2024.10.22	00:56:06.762		0.60311			4
2024.10.22	00:56:07.680		0.60310			4
2024.10.22	00:56:09.518		0.60313			4
2024.10.22	00:56:10.319		0.60312			4
2024.10.22	00:56:16.164		0.60311			4
2024.10.22	00:56:21.142		0.60310			4
2024.10.22	00:56:22.144		0.60309			4
2024.10.22	00:56:26.368		0.60306			4
2024.10.22	00:56:27.151		0.60307			4
2024.10.22	00:56:29.208		0.60306			4
2024.10.22	00:56:30.335		0.60305			4
2024.10.22	00:56:31.342		0.60304			4
2024.10.22	00:56:31.981		0.60305			4
2024.10.22	00:56:36.015		0.60304			4
2024.10.22	00:56:41.195		0.60303			4
2024.10.22	00:56:42.506	0.60290	0.60304			6
2024.10.22	00:56:42.814		0.60306			4
2024.10.22	00:56:43.293		0.60310			4
2024.10.22	00:56:43.800		0.60308			4
2024.10.22	00:56:44.480		0.60309			4
2024.10.22	00:57:00.322	0.60290				2
2024.10.22	00:57:52.425		0.60309			4
2024.10.22	00:57:59.615		0.60308			4
2024.10.22	00:58:02.766	0.60290	0.60311			6
2024.10.22	00:58:07.535		0.60312			4
2024.10.22	00:58:08.129		0.60315			4
2024.10.22	00:58:08.635		0.60313			4
2024.10.22	00:58:09.137		0.60314			4
2024.10.22	00:58:14.061		0.60315			4
2024.10.22	00:58:14.369		0.60314			4
2024.10.22	00:58:20.460		0.60315			4
2024.10.22	00:58:21.593		0.60313			4
2024.10.22	00:58:25.153		0.60311			4
2024.10.22	00:58:25.460		0.60312			4
2024.10.22	00:58:26.176		0.60315			4
2024.10.22	00:58:26.678		0.60314			4
2024.10.22	00:58:42.661		0.60315			4
2024.10.22	00:58:51.308		0.60313			4
2024.10.22	00:58:51.818		0.60314			4
2024.10.22	00:59:06.169	0.60290				2
2024.10.22	00:59:11.313		0.60312			4
2024.10.22	00:59:12.248		0.60311			4
2024.10.22	00:59:25.598		0.60312			4
2024.10.22	00:59:25.941		0.60315			4
2024.10.22	00:59:26.487		0.60313			4
2024.10.22	00:59:26.923		0.60312			4
2024.10.22	00:59:27.229		0.60313			4
2024.10.22	00:59:30.083		0.60312			4
2024.10.22	00:59:32.722		0.60311			4
2024.10.22	00:59:33.335		0.60312			4
2024.10.22	00:59:33.941		0.60311			4
2024.10.22	00:59:34.243		0.60313			4
2024.10.22	00:59:36.286		0.60314			4
2024.10.22	00:59:40.623		0.60313			4
2024.10.22	00:59:41.542		0.60315			4
2024.10.22	00:59:49.354		0.60312			4
2024.10.22	00:59:49.656		0.60314			4
2024.10.22	00:59:49.965		0.60313			4
2024.10.22	00:59:53.202		0.60312			4
2024.10.22	00:59:53.834		0.60313			4
2024.10.22	00:59:54.160		0.60312			4
2024.10.22	00:59:54.820		0.60314			4
2024.10.22	00:59:55.165		0.60313			4
2024.10.22	00:59:55.525		0.60314			4
2024.10.22	00:59:56.261		0.60316			4
2024.10.22	01:00:00.310	0.60290	0.60309			6
2024.10.22	01:00:00.626		0.60311			4
2024.10.22	01:00:00.930		0.60310			4
2024.10.22	01:00:01.246		0.60312			4
2024.10.22	01:00:01.591		0.60316			4
2024.10.22	01:00:02.030		0.60314			4
2024.10.22	01:00:02.387		0.60317			4
2024.10.22	01:00:04.430		0.60314			4
2024.10.22	01:00:06.833		0.60313			4
2024.10.22	01:00:11.587		0.60309			4
2024.10.22	01:00:18.223		0.60307			4
2024.10.22	01:00:20.358		0.60305			4
2024.10.22	01:00:24.690		0.60307			4
2024.10.22	01:00:26.057		0.60308			4
2024.10.22	01:00:31.525	0.60288	0.60305			6
2024.10.22	01:00:34.229	0.60295	0.60307			6
2024.10.22	01:00:40.215	0.60297				2
2024.10.22	01:00:46.877	0.60298	0.60306			6
2024.10.22	01:00:48.748	0.60297				2
2024.10.22	01:01:00.310	0.60297	0.60307			6
2024.10.22	01:01:01.377		0.60306			4
2024.10.22	01:01:06.320	0.60295	0.60305			6
2024.10.22	01:01:29.222	0.60297	0.60306			6
2024.10.22	01:01:33.001		0.60307			4
2024.10.22	01:01:35.610	0.60300				2
2024.10.22	01:02:00.392	0.60300				2
2024.10.22	01:02:01.232	0.60299				2
2024.10.22	01:02:25.556	0.60306	0.60310			6
2024.10.22	01:02:29.522	0.60307				2
2024.10.22	01:02:31.185	0.60310	0.60315			6
2024.10.22	01:02:38.971	0.60311				2
2024.10.22	01:02:42.825	0.60313	0.60320			6
2024.10.22	01:03:00.444	0.60313				2
2024.10.22	01:03:00.852	0.60315	0.60322			6
2024.10.22	01:03:19.583		0.60321			4
2024.10.22	01:03:22.021		0.60322			4
2024.10.22	01:03:29.022		0.60321			4
2024.10.22	01:03:30.345		0.60322			4
2024.10.22	01:03:31.235		0.60321			4
2024.10.22	01:04:00.595	0.60315				2
2024.10.22	01:04:10.955	0.60318	0.60324			6
2024.10.22	01:04:12.024	0.60319	0.60325			6
2024.10.22	01:04:20.850		0.60324			4
2024.10.22	01:04:22.027	0.60318				2
2024.10.22	01:04:36.968	0.60320	0.60327			6
2024.10.22	01:04:47.566	0.60319	0.60326			6
2024.10.22	01:04:53.729		0.60325			4
2024.10.22	01:04:56.035	0.60316	0.60323			6
2024.10.22	01:05:01.197	0.60316				2
2024.10.22	01:05:01.577	0.60317				2
2024.10.22	01:05:21.543		0.60324			4
2024.10.22	01:05:30.046		0.60323			4
2024.10.22	01:05:50.301	0.60314	0.60319			6
2024.10.22	01:06:01.018	0.60314				2
2024.10.22	01:06:01.548		0.60318			4
2024.10.22	01:06:29.943		0.60317			4
2024.10.22	01:06:46.387	0.60313				2
2024.10.22	01:06:51.141		0.60318			4
2024.10.22	01:06:51.459		0.60317			4
2024.10.22	01:07:00.434	0.60313				2
2024.10.22	01:07:03.239	0.60314	0.60320			6
2024.10.22	01:07:04.175		0.60318			4
2024.10.22	01:08:00.429	0.60314				2
2024.10.22	01:08:06.441		0.60318			4
2024.10.22	01:08:12.457	0.60313				2
2024.10.22	01:09:01.722	0.60313				2
2024.10.22	01:09:10.721		0.60318			4
2024.10.22	01:10:00.443	0.60313				2
2024.10.22	01:10:11.319		0.60318			4
2024.10.22	01:10:37.146		0.60319			4
2024.10.22	01:11:00.222	0.60313	0.60318			6
2024.10.22	01:11:20.290	0.60312				2
2024.10.22	01:12:01.421	0.60312	0.60318			6
2024.10.22	01:12:08.195	0.60307	0.60313			6
2024.10.22	01:12:09.563		0.60314			4
2024.10.22	01:13:00.689	0.60307				2
2024.10.22	01:13:05.705		0.60315			4
2024.10.22	01:13:06.717		0.60314			4
2024.10.22	01:13:07.739		0.60315			4
2024.10.22	01:13:09.140	0.60309				2
2024.10.22	01:14:02.022	0.60309				2
2024.10.22	01:14:06.837	0.60310	0.60316			6
2024.10.22	01:14:07.218	0.60309				2
2024.10.22	01:14:56.993	0.60310				2
2024.10.22	01:15:00.412	0.60310				2
2024.10.22	01:15:06.855		0.60316			4
2024.10.22	01:15:07.165	0.60309	0.60315			6
2024.10.22	01:15:15.618	0.60313	0.60318			6
2024.10.22	01:15:16.951		0.60317			4
2024.10.22	01:15:18.072	0.60310	0.60315			6
2024.10.22	01:15:19.174	0.60306	0.60311			6
2024.10.22	01:15:33.217	0.60304	0.60309			6
2024.10.22	01:15:52.100		0.60310			4
2024.10.22	01:16:00.554	0.60304				2
2024.10.22	01:16:11.589	0.60305				2
2024.10.22	01:16:29.519	0.60306				2
2024.10.22	01:16:53.407		0.60310			4
2024.10.22	01:17:01.374	0.60306				2
2024.10.22	01:17:54.535		0.60310			4
2024.10.22	01:18:02.916	0.60306				2
2024.10.22	01:18:07.343	0.60307	0.60312			6
2024.10.22	01:18:40.350		0.60314			4
2024.10.22	01:18:59.817	0.60309				2
2024.10.22	01:19:00.124	0.60308	0.60313			6
2024.10.22	01:19:00.446		0.60314			4
2024.10.22	01:19:02.085		0.60313			4
2024.10.22	01:19:06.089		0.60314			4
2024.10.22	01:19:12.364	0.60307	0.60313			6
2024.10.22	01:19:13.390	0.60308				2
2024.10.22	01:19:22.687	0.60307	0.60314			6
2024.10.22	01:19:23.726	0.60308				2
2024.10.22	01:20:00.221	0.60307				2
2024.10.22	01:20:01.394	0.60308				2
2024.10.22	01:20:22.706		0.60314			4
2024.10.22	01:21:00.580	0.60308				2
2024.10.22	01:21:01.411	0.60307				2
2024.10.22	01:21:02.459	0.60308				2
2024.10.22	01:21:26.221		0.60313			4
2024.10.22	01:21:28.733		0.60312			4
2024.10.22	01:21:37.763	0.60307	0.60313			6
2024.10.22	01:21:39.061	0.60309				2
2024.10.22	01:21:50.761	0.60303	0.60309			6
2024.10.22	01:22:02.011	0.60303				2
2024.10.22	01:22:50.877		0.60309			4
2024.10.22	01:23:00.367	0.60303				2
2024.10.22	01:23:15.942		0.60307			4
2024.10.22	01:23:30.289	0.60304				2
2024.10.22	01:23:34.303		0.60308			4
2024.10.22	01:23:41.187		0.60309			4
2024.10.22	01:24:00.920	0.60304				2
2024.10.22	01:24:11.163	0.60309	0.60313			6
2024.10.22	01:24:13.335		0.60314			4
2024.10.22	01:24:23.647	0.60310				2
2024.10.22	01:24:24.754	0.60309	0.60313			6
2024.10.22	01:24:25.981	0.60310				2
2024.10.22	01:24:34.227	0.60313	0.60314			6
2024.10.22	01:24:34.533	0.60310	0.60313			6
2024.10.22	01:25:01.039	0.60310				2
2024.10.22	01:25:19.741	0.60308	0.60311			6
2024.10.22	01:25:21.394	0.60309				2
2024.10.22	01:25:44.659		0.60310			4
2024.10.22	01:25:51.652	0.60308	0.60311			6
2024.10.22	01:25:59.621	0.60306				2
2024.10.22	01:26:00.255	0.60306				2
2024.10.22	01:26:19.771	0.60305	0.60310			6
2024.10.22	01:26:39.724	0.60307	0.60312			6
2024.10.22	01:26:40.028	0.60306				2
2024.10.22	01:26:46.174	0.60307				2
2024.10.22	01:26:59.660	0.60308	0.60311			6
2024.10.22	01:27:00.647	0.60307				2
2024.10.22	01:27:39.742	0.60306	0.60313			6
2024.10.22	01:27:40.067	0.60305				2
2024.10.22	01:27:41.800		0.60312			4
2024.10.22	01:27:45.590		0.60313			4
2024.10.22	01:27:59.740	0.60306				2
2024.10.22	01:28:05.922	0.60306				2
2024.10.22	01:28:09.748		0.60312			4
2024.10.22	01:28:30.906	0.60307				2
2024.10.22	01:28:36.742	0.60304	0.60310			6
2024.10.22	01:28:40.931	0.60306				2
2024.10.22	01:28:47.424		0.60312			4
2024.10.22	01:28:49.815	0.60307				2
2024.10.22	01:28:57.056	0.60306	0.60310			6
2024.10.22	01:28:59.118		0.60311			4
2024.10.22	01:29:00.028	0.60306	0.60312			6
2024.10.22	01:29:08.002		0.60311			4
2024.10.22	01:29:11.581	0.60307				2
2024.10.22	01:29:12.618	0.60306	0.60310			6
2024.10.22	01:29:15.720	0.60307	0.60311			6
2024.10.22	01:29:16.745	0.60308				2
2024.10.22	01:29:18.948	0.60310	0.60314			6
2024.10.22	01:29:31.263	0.60311				2
2024.10.22	01:29:37.412	0.60310				2
2024.10.22	01:29:49.724		0.60313			4
2024.10.22	01:29:56.330		0.60314			4
2024.10.22	01:30:00.368	0.60313	0.60316			6
2024.10.22	01:30:00.707		0.60317			4
2024.10.22	01:30:01.734	0.60314				2
2024.10.22	01:30:05.136	0.60313				2
2024.10.22	01:30:07.407	0.60314	0.60318			6
2024.10.22	01:30:33.332	0.60315				2
2024.10.22	01:30:36.301	0.60314				2
2024.10.22	01:30:49.749	0.60315				2
2024.10.22	01:30:58.131	0.60314	0.60317			6
2024.10.22	01:30:58.524	0.60315	0.60318			6
2024.10.22	01:31:00.217	0.60315				2
2024.10.22	01:31:03.347	0.60314				2
2024.10.22	01:31:03.952	0.60311	0.60315			6
2024.10.22	01:31:05.146	0.60312	0.60316			6
2024.10.22	01:31:08.892		0.60315			4
2024.10.22	01:31:10.144		0.60316			4
2024.10.22	01:31:11.278	0.60315	0.60319			6
2024.10.22	01:31:12.351		0.60318			4
2024.10.22	01:31:32.581		0.60319			4
2024.10.22	01:31:37.437		0.60318			4
2024.10.22	01:31:39.757	0.60314				2
2024.10.22	01:31:46.707	0.60312	0.60314			6
2024.10.22	01:31:48.758	0.60313				2
2024.10.22	01:31:49.077	0.60312				2
2024.10.22	01:32:02.923	0.60312				2
2024.10.22	01:32:12.627	0.60311				2
2024.10.22	01:32:16.649	0.60310				2
2024.10.22	01:32:19.153	0.60311				2
2024.10.22	01:32:25.722	0.60309	0.60313			6
2024.10.22	01:32:26.346	0.60307	0.60309			6
2024.10.22	01:32:43.690	0.60306				2
2024.10.22	01:32:49.752	0.60307	0.60308			6
2024.10.22	01:32:53.938	0.60306				2
2024.10.22	01:32:59.807		0.60309			4
2024.10.22	01:33:03.332	0.60306				2
2024.10.22	01:33:05.813		0.60310			4
2024.10.22	01:33:06.625		0.60309			4
2024.10.22	01:33:13.420	0.60307				2
2024.10.22	01:33:18.338		0.60310			4
2024.10.22	01:33:28.071	0.60309	0.60312			6
2024.10.22	01:33:33.389	0.60307	0.60310			6
2024.10.22	01:33:34.368	0.60305	0.60308			6
2024.10.22	01:33:34.676	0.60306				2
2024.10.22	01:33:37.447	0.60307	0.60310			6
2024.10.22	01:33:38.773		0.60311			4
2024.10.22	01:33:57.447	0.60305	0.60309			6
2024.10.22	01:34:00.348	0.60305				2
2024.10.22	01:34:02.819		0.60308			4
2024.10.22	01:34:11.407	0.60302	0.60305			6
2024.10.22	01:34:14.212	0.60301	0.60303			6
2024.10.22	01:34:15.842	0.60302	0.60304			6
2024.10.22	01:34:16.153	0.60301				2
2024.10.22	01:34:17.453	0.60299	0.60300			6
2024.10.22	01:34:36.165	0.60300	0.60301			6
2024.10.22	01:34:39.533		0.60302			4
2024.10.22	01:34:58.000	0.60299	0.60301			6
2024.10.22	01:34:59.341	0.60298	0.60299			6
2024.10.22	01:35:00.762	0.60298				2
2024.10.22	01:35:09.764	0.60295	0.60298			6
2024.10.22	01:35:26.026	0.60294				2
2024.10.22	01:35:31.677	0.60295				2
2024.10.22	01:35:36.378	0.60292	0.60295			6
2024.10.22	01:35:36.822	0.60291	0.60293			6
2024.10.22	01:35:37.181	0.60290				2
2024.10.22	01:35:43.376	0.60289				2
2024.10.22	01:36:00.381	0.60289				2
2024.10.22	01:36:09.760		0.60292			4
2024.10.22	01:36:12.422		0.60293			4
2024.10.22	01:36:39.255		0.60291			4
2024.10.22	01:36:39.564	0.60287				2
2024.10.22	01:36:53.822	0.60288				2
2024.10.22	01:36:57.100	0.60290	0.60293			6
2024.10.22	01:37:00.432	0.60290				2
2024.10.22	01:37:01.038	0.60289	0.60294			6
2024.10.22	01:37:04.436	0.60290				2
2024.10.22	01:37:04.741		0.60293			4
2024.10.22	01:37:22.525		0.60294			4
2024.10.22	01:37:31.557	0.60289				2
2024.10.22	01:37:59.763	0.60285	0.60290			6
2024.10.22	01:38:00.372	0.60285				2
2024.10.22	01:38:09.769		0.60289			4
2024.10.22	01:38:53.379		0.60287			4
2024.10.22	01:38:53.697		0.60289			4
2024.10.22	01:39:00.471	0.60284	0.60287			6
2024.10.22	01:39:00.787		0.60288			4
2024.10.22	01:39:19.851	0.60281	0.60285			6
2024.10.22	01:39:20.176	0.60280				2
2024.10.22	01:39:21.371	0.60281				2
2024.10.22	01:39:25.016	0.60280	0.60284			6
2024.10.22	01:39:26.993		0.60285			4
2024.10.22	01:39:31.516	0.60285	0.60289			6
2024.10.22	01:39:36.221	0.60284				2
2024.10.22	01:39:41.531	0.60285				2
2024.10.22	01:39:44.718	0.60286				2
2024.10.22	01:39:45.029	0.60290	0.60293			6
2024.10.22	01:39:50.022		0.60292			4
2024.10.22	01:39:55.785		0.60293			4
2024.10.22	01:39:58.158	0.60291				2
2024.10.22	01:40:00.634	0.60294	0.60297			6
2024.10.22	01:40:02.342	0.60298	0.60299			6
2024.10.22	01:40:08.549	0.60297	0.60298			6
2024.10.22	01:40:29.770	0.60294	0.60296			6
2024.10.22	01:40:32.971	0.60293				2
2024.10.22	01:40:49.017	0.60292				2
2024.10.22	01:40:59.007	0.60293				2
2024.10.22	01:41:00.282	0.60293				2
2024.10.22	01:41:03.559	0.60292				2
2024.10.22	01:41:15.506	0.60293				2
2024.10.22	01:41:23.841	0.60292	0.60295			6
2024.10.22	01:41:26.098		0.60296			4
2024.10.22	01:41:29.478		0.60295			4
2024.10.22	01:41:29.783		0.60296			4
2024.10.22	01:41:31.483		0.60295			4
2024.10.22	01:41:32.140	0.60291				2
2024.10.22	01:41:43.119	0.60289	0.60293			6
2024.10.22	01:41:45.686	0.60285	0.60288			6
2024.10.22	01:41:46.758	0.60283	0.60285			6
2024.10.22	01:41:50.687	0.60281	0.60283			6
2024.10.22	01:41:52.804		0.60284			4
2024.10.22	01:41:55.562	0.60280	0.60283			6
2024.10.22	01:42:00.261	0.60279				2
2024.10.22	01:42:03.715	0.60280				2
2024.10.22	01:42:04.537		0.60282			4
2024.10.22	01:42:39.777	0.60278	0.60281			6
2024.10.22	01:42:40.365	0.60279				2
2024.10.22	01:42:41.962	0.60280				2
2024.10.22	01:42:43.003	0.60279	0.60283			6
2024.10.22	01:42:48.372	0.60280				2
2024.10.22	01:42:51.629		0.60282			4
2024.10.22	01:42:58.395	0.60278	0.60279			6
2024.10.22	01:42:58.708	0.60277				2
2024.10.22	01:43:00.368	0.60277				2
2024.10.22	01:43:00.957		0.60280			4
2024.10.22	01:43:04.501	0.60278				2
2024.10.22	01:43:15.949	0.60276	0.60279			6
2024.10.22	01:43:29.781	0.60275	0.60278			6
2024.10.22	01:43:30.689	0.60274	0.60276			6
2024.10.22	01:43:41.831		0.60277			4
2024.10.22	01:43:49.779	0.60272	0.60275			6
2024.10.22	01:44:00.669	0.60273				2
2024.10.22	01:44:04.500	0.60272				2
2024.10.22	01:44:08.847	0.60273	0.60276			6
2024.10.22	01:44:19.535	0.60275	0.60277			6
2024.10.22	01:44:20.226	0.60274	0.60276			6
2024.10.22	01:44:27.773		0.60277			4
2024.10.22	01:44:39.379	0.60271	0.60275			6
2024.10.22	01:44:40.034		0.60274			4
2024.10.22	01:44:46.859		0.60275			4
2024.10.22	01:44:52.501		0.60274			4
2024.10.22	01:44:54.723		0.60275			4
2024.10.22	01:44:55.437		0.60274			4
2024.10.22	01:45:01.419	0.60270				2
2024.10.22	01:45:02.500		0.60273			4
2024.10.22	01:45:05.033	0.60271	0.60274			6
2024.10.22	01:45:08.719	0.60274	0.60278			6
2024.10.22	01:45:09.782	0.60272	0.60275			6
2024.10.22	01:45:10.825	0.60273	0.60276			6
2024.10.22	01:45:13.318		0.60275			4
2024.10.22	01:45:20.787	0.60272				2
2024.10.22	01:45:22.205	0.60275	0.60276			6
2024.10.22	01:45:22.506	0.60272	0.60275			6
2024.10.22	01:45:30.525	0.60274	0.60278			6
2024.10.22	01:45:49.786	0.60275				2
2024.10.22	01:45:59.758	0.60272	0.60276			6
2024.10.22	01:46:00.074	0.60273				2
2024.10.22	01:46:08.536	0.60274	0.60277			6
2024.10.22	01:46:08.887	0.60273				2
2024.10.22	01:46:12.160		0.60276			4
2024.10.22	01:46:17.792		0.60277			4
2024.10.22	01:46:18.917		0.60276			4
2024.10.22	01:46:19.956	0.60275				2
2024.10.22	01:46:44.841	0.60274				2
2024.10.22	01:46:45.968		0.60275			4
2024.10.22	01:46:51.603		0.60276			4
2024.10.22	01:46:57.192	0.60273				2
2024.10.22	01:46:59.807	0.60275	0.60277			6
2024.10.22	01:47:00.367	0.60275				2
2024.10.22	01:47:01.655	0.60276	0.60278			6
2024.10.22	01:47:05.030	0.60275	0.60277			6
2024.10.22	01:47:07.268		0.60276			4
2024.10.22	01:47:19.791	0.60274				2
2024.10.22	01:47:21.755	0.60275				2
2024.10.22	01:47:41.995	0.60274	0.60275			6
2024.10.22	01:47:58.411	0.60276	0.60279			6
2024.10.22	01:48:03.819	0.60276				2
2024.10.22	01:48:12.234	0.60275	0.60278			6
2024.10.22	01:48:19.450	0.60274	0.60277			6
2024.10.22	01:48:54.198	0.60275	0.60278			6
2024.10.22	01:49:00.076	0.60275				2
2024.10.22	01:49:09.242		0.60277			4
2024.10.22	01:49:11.137	0.60274				2
2024.10.22	01:49:12.895	0.60275				2
2024.10.22	01:49:25.724	0.60274				2
2024.10.22	01:49:59.792	0.60271	0.60274			6
2024.10.22	01:50:00.362	0.60271				2
2024.10.22	01:50:01.982	0.60272				2
2024.10.22	01:50:10.020	0.60271				2
2024.10.22	01:50:12.492	0.60270				2
2024.10.22	01:50:16.220	0.60271				2
2024.10.22	01:50:23.945	0.60274	0.60277			6
2024.10.22	01:50:29.791	0.60272	0.60274			6
2024.10.22	01:50:30.438		0.60273			4
2024.10.22	01:50:30.972		0.60274			4
2024.10.22	01:50:31.317		0.60273			4
2024.10.22	01:50:31.625		0.60274			4
2024.10.22	01:50:32.252	0.60273	0.60275			6
2024.10.22	01:50:36.665		0.60276			4
2024.10.22	01:50:38.038	0.60274				2
2024.10.22	01:50:39.162		0.60275			4
2024.10.22	01:50:44.014		0.60278			4
2024.10.22	01:50:57.078		0.60277			4
2024.10.22	01:50:59.664	0.60273	0.60274			6
2024.10.22	01:50:59.964		0.60275			4
2024.10.22	01:51:00.464	0.60273				2
2024.10.22	01:51:18.837	0.60274				2
2024.10.22	01:51:28.785		0.60276			4
2024.10.22	01:51:33.525	0.60272	0.60273			6
2024.10.22	01:51:33.838	0.60271				2
2024.10.22	01:51:35.871		0.60274			4
2024.10.22	01:51:37.530	0.60272				2
2024.10.22	01:51:42.734	0.60273	0.60275			6
2024.10.22	01:51:45.361		0.60276			4
2024.10.22	01:51:47.241	0.60272	0.60274			6
2024.10.22	01:51:54.675	0.60271				2
2024.10.22	01:52:02.162	0.60272	0.60276			6
2024.10.22	01:52:04.485	0.60273				2
2024.10.22	01:52:11.241	0.60272				2
2024.10.22	01:52:11.844	0.60273				2
2024.10.22	01:52:14.469		0.60277			4
2024.10.22	01:52:15.735		0.60276			4
2024.10.22	01:52:23.626	0.60275	0.60280			6
2024.10.22	01:52:25.749	0.60280	0.60285			6
2024.10.22	01:52:27.749		0.60283			4
2024.10.22	01:52:29.444	0.60279				2
2024.10.22	01:52:32.242	0.60277	0.60281			6
2024.10.22	01:52:32.641	0.60276				2
2024.10.22	01:52:34.056	0.60277				2
2024.10.22	01:52:34.983		0.60282			4
2024.10.22	01:52:44.262	0.60278				2
2024.10.22	01:52:44.771	0.60280	0.60284			6
2024.10.22	01:52:46.079		0.60283			4
2024.10.22	01:52:46.438	0.60281	0.60285			6
2024.10.22	01:52:46.966		0.60286			4
2024.10.22	01:52:47.506	0.60282				2
2024.10.22	01:52:49.333	0.60284	0.60288			6
2024.10.22	01:52:49.641		0.60287			4
2024.10.22	01:52:51.934	0.60283				2
2024.10.22	01:52:53.028	0.60284				2
2024.10.22	01:52:54.034	0.60283				2
2024.10.22	01:52:57.770	0.60284				2
2024.10.22	01:52:59.189	0.60285				2
2024.10.22	01:52:59.490	0.60289	0.60292			6
2024.10.22	01:52:59.836		0.60291			4
2024.10.22	01:53:00.379	0.60290	0.60293			6
2024.10.22	01:53:03.493	0.60291				2
2024.10.22	01:53:05.375	0.60292	0.60294			6
2024.10.22	01:53:05.686	0.60294	0.60296			6
2024.10.22	01:53:06.723	0.60295	0.60297			6
2024.10.22	01:53:07.029		0.60296			4
2024.10.22	01:53:20.447	0.60293				2
2024.10.22	01:53:38.301	0.60292	0.60295			6
2024.10.22	01:53:38.759		0.60293			4
2024.10.22	01:53:42.843		0.60294			4
2024.10.22	01:53:43.292	0.60289	0.60292			6
2024.10.22	01:53:43.657		0.60291			4
2024.10.22	01:53:48.976	0.60287	0.60290			6
2024.10.22	01:53:58.869		0.60289			4
2024.10.22	01:53:59.657		0.60290			4
2024.10.22	01:54:00.241	0.60287				2
2024.10.22	01:54:11.121	0.60288				2
2024.10.22	01:54:13.874		0.60289			4
2024.10.22	01:54:16.894		0.60290			4
2024.10.22	01:54:18.166	0.60285	0.60287			6
2024.10.22	01:54:20.168	0.60286	0.60288			6
2024.10.22	01:54:27.791		0.60289			4
2024.10.22	01:54:31.764	0.60284	0.60287			6
2024.10.22	01:54:33.297		0.60286			4
2024.10.22	01:54:33.617		0.60287			4
2024.10.22	01:54:37.642		0.60286			4
2024.10.22	01:54:45.103	0.60285				2
2024.10.22	01:54:45.462		0.60287			4
2024.10.22	01:54:49.042		0.60286			4
2024.10.22	01:55:00.311	0.60283	0.60285			6
2024.10.22	01:55:00.911		0.60286			4
2024.10.22	01:55:01.427		0.60285			4
2024.10.22	01:55:02.492		0.60286			4
2024.10.22	01:55:17.173	0.60284				2
2024.10.22	01:55:19.466	0.60283				2
2024.10.22	01:55:31.357		0.60285			4
2024.10.22	01:55:31.863		0.60286			4
2024.10.22	01:55:32.992	0.60284				2
2024.10.22	01:55:37.499		0.60285			4
2024.10.22	01:55:38.630		0.60286			4
2024.10.22	01:55:49.898	0.60283				2
2024.10.22	01:55:51.374	0.60285	0.60288			6
2024.10.22	01:55:51.927	0.60286				2
2024.10.22	01:55:52.382	0.60285				2
2024.10.22	01:55:59.801	0.60282	0.60283			6
2024.10.22	01:56:00.115	0.60281				2
2024.10.22	01:56:01.400	0.60283	0.60286			6
2024.10.22	01:56:37.324	0.60276	0.60280			6
2024.10.22	01:56:43.012	0.60278	0.60281			6
2024.10.22	01:56:48.944	0.60277				2
2024.10.22	01:56:50.721	0.60276	0.60277			6
2024.10.22	01:56:51.568	0.60275				2
2024.10.22	01:56:53.159	0.60274	0.60275			6
2024.10.22	01:56:53.500	0.60273				2
2024.10.22	01:56:54.253	0.60274				2
2024.10.22	01:56:54.558		0.60276			4
2024.10.22	01:56:57.378		0.60277			4
2024.10.22	01:57:00.392	0.60274				2
2024.10.22	01:57:30.486	0.60272	0.60275			6
2024.10.22	01:57:35.738	0.60271	0.60274			6
2024.10.22	01:57:41.505		0.60273			4
2024.10.22	01:57:41.812	0.60270				2
2024.10.22	01:57:45.488	0.60267	0.60270			6
2024.10.22	01:57:52.445	0.60265	0.60268			6
2024.10.22	01:57:54.357		0.60267			4
2024.10.22	01:57:55.679	0.60264	0.60266			6
2024.10.22	01:57:55.999		0.60267			4
2024.10.22	01:57:57.381	0.60263	0.60266			6
2024.10.22	01:57:58.498	0.60264				2
2024.10.22	01:58:00.592	0.60264	0.60267			6
2024.10.22	01:58:01.281	0.60263	0.60266			6
2024.10.22	01:58:08.268	0.60264				2
2024.10.22	01:58:08.569		0.60267			4
2024.10.22	01:58:12.348	0.60263				2
2024.10.22	01:58:14.068		0.60265			4
2024.10.22	01:58:17.398		0.60266			4
2024.10.22	01:58:18.676	0.60262	0.60265			6
2024.10.22	01:58:20.811	0.60263				2
2024.10.22	01:58:21.575	0.60262				2
2024.10.22	01:58:21.941	0.60263				2
2024.10.22	01:58:24.127	0.60264				2
2024.10.22	01:58:25.324	0.60263				2
2024.10.22	01:58:26.449	0.60264				2
2024.10.22	01:58:27.579	0.60263				2
2024.10.22	01:58:28.701	0.60264				2
2024.10.22	01:58:29.834		0.60266			4
2024.10.22	01:58:31.607		0.60265			4
2024.10.22	01:58:32.833		0.60266			4
2024.10.22	01:58:35.470	0.60265	0.60267			6
2024.10.22	01:58:41.215	0.60264	0.60265			6
2024.10.22	01:58:42.342	0.60262	0.60264			6
2024.10.22	01:58:43.348		0.60265			4
2024.10.22	01:58:44.601	0.60263				2
2024.10.22	01:58:48.497		0.60266			4
2024.10.22	01:58:49.270		0.60265			4
2024.10.22	01:58:49.624		0.60266			4
2024.10.22	01:58:50.565	0.60264	0.60267			6
2024.10.22	01:58:52.927	0.60266	0.60269			6
2024.10.22	01:58:55.156	0.60267				2
2024.10.22	01:58:58.897	0.60266				2
2024.10.22	01:58:59.906		0.60268			4
2024.10.22	01:59:00.431	0.60266	0.60269			6
2024.10.22	01:59:01.455		0.60268			4
2024.10.22	01:59:01.763	0.60267	0.60270			6
2024.10.22	01:59:02.423		0.60269			4
2024.10.22	01:59:03.037	0.60263	0.60267			6
2024.10.22	01:59:03.361	0.60262				2
2024.10.22	01:59:06.574		0.60266			4
2024.10.22	01:59:18.903		0.60265			4
2024.10.22	01:59:19.205		0.60266			4
2024.10.22	01:59:20.076	0.60263				2
2024.10.22	01:59:20.390	0.60264	0.60267			6
2024.10.22	01:59:20.748	0.60263				2
2024.10.22	01:59:28.475	0.60261	0.60266			6
2024.10.22	01:59:29.241		0.60265			4
2024.10.22	01:59:29.570	0.60263				2
2024.10.22	01:59:29.878	0.60262				2
2024.10.22	01:59:30.524	0.60260	0.60263			6
2024.10.22	01:59:31.166	0.60262				2
2024.10.22	01:59:34.640		0.60264			4
2024.10.22	01:59:44.505	0.60263				2
2024.10.22	01:59:44.896	0.60262				2
2024.10.22	01:59:48.055	0.60263				2
2024.10.22	01:59:49.298	0.60262				2
2024.10.22	01:59:57.179	0.60261				2
2024.10.22	01:59:57.494	0.60260	0.60262			6
2024.10.22	01:59:57.822	0.60259				2
2024.10.22	01:59:58.137	0.60260				2
2024.10.22	01:59:58.499	0.60259				2
2024.10.22	01:59:59.153	0.60260				2
2024.10.22	02:00:00.324	0.60261				2
2024.10.22	02:00:01.189	0.60263	0.60265			6
2024.10.22	02:00:06.725		0.60266			4
2024.10.22	02:00:07.736	0.60261	0.60264			6
2024.10.22	02:00:08.169	0.60260				2
2024.10.22	02:00:08.535		0.60265			4
2024.10.22	02:00:09.430	0.60261				2
2024.10.22	02:00:10.461	0.60264	0.60267			6
2024.10.22	02:00:10.762		0.60268			4
2024.10.22	02:00:12.699		0.60267			4
2024.10.22	02:00:13.006	0.60263	0.60266			6
2024.10.22	02:00:14.128		0.60265			4
2024.10.22	02:00:14.553		0.60266			4
2024.10.22	02:00:17.133		0.60265			4
2024.10.22	02:00:19.059	0.60262	0.60266			6
2024.10.22	02:00:23.111	0.60263	0.60265			6
2024.10.22	02:00:26.497	0.60262				2
2024.10.22	02:00:26.817	0.60263				2
2024.10.22	02:00:31.006	0.60262				2
2024.10.22	02:00:37.839	0.60261	0.60264			6
2024.10.22	02:00:39.953	0.60260	0.60263			6
2024.10.22	02:00:42.573	0.60259	0.60262			6
2024.10.22	02:00:46.476	0.60260	0.60261			6
2024.10.22	02:00:47.354		0.60262			4
2024.10.22	02:00:47.666	0.60258	0.60260			6
2024.10.22	02:00:49.836		0.60261			4
2024.10.22	02:00:50.216		0.60260			4
2024.10.22	02:00:50.957		0.60261			4
2024.10.22	02:00:57.063		0.60259			4
2024.10.22	02:00:57.365		0.60260			4
2024.10.22	02:01:00.725	0.60258				2
2024.10.22	02:01:01.855	0.60255	0.60259			6
2024.10.22	02:01:02.557	0.60254	0.60258			6
2024.10.22	02:01:04.097		0.60257			4
2024.10.22	02:01:11.230	0.60251	0.60254			6
2024.10.22	02:01:16.658	0.60252				2
2024.10.22	02:01:17.537	0.60251				2
2024.10.22	02:01:25.878		0.60253			4
2024.10.22	02:01:28.746	0.60249				2
2024.10.22	02:01:29.167		0.60252			4
2024.10.22	02:01:29.494	0.60245	0.60249			6
2024.10.22	02:01:30.103	0.60248	0.60251			6
2024.10.22	02:01:31.531	0.60246	0.60249			6
2024.10.22	02:01:32.141	0.60245				2
2024.10.22	02:01:37.066	0.60244				2
2024.10.22	02:01:37.485	0.60247	0.60250			6
2024.10.22	02:01:37.833		0.60249			4
2024.10.22	02:01:38.145	0.60246				2
2024.10.22	02:01:38.708	0.60247				2
2024.10.22	02:01:39.093	0.60246				2
2024.10.22	02:01:39.563	0.60245				2
2024.10.22	02:01:40.523	0.60248	0.60250			6
2024.10.22	02:01:45.369		0.60251			4
2024.10.22	02:01:50.603	0.60247	0.60250			6
2024.10.22	02:01:52.291	0.60246	0.60247			6
2024.10.22	02:01:52.603	0.60243	0.60246			6
2024.10.22	02:01:54.888	0.60245	0.60248			6
2024.10.22	02:01:55.534	0.60244	0.60246			6
2024.10.22	02:01:57.132		0.60247			4
2024.10.22	02:01:57.665	0.60243				2
2024.10.22	02:01:59.791	0.60244				2
2024.10.22	02:02:00.166	0.60244				2
2024.10.22	02:02:00.472	0.60243	0.60246			6
2024.10.22	02:02:01.491	0.60246	0.60248			6
2024.10.22	02:02:01.867	0.60245				2
2024.10.22	02:02:05.566	0.60246				2
2024.10.22	02:02:05.870		0.60249			4
2024.10.22	02:02:07.830	0.60247				2
2024.10.22	02:02:09.581	0.60246				2
2024.10.22	02:02:12.670	0.60247	0.60250			6
2024.10.22	02:02:14.967	0.60246	0.60249			6
2024.10.22	02:02:20.611		0.60250			4
2024.10.22	02:02:21.657	0.60243	0.60246			6
2024.10.22	02:02:23.444	0.60245	0.60248			6
2024.10.22	02:02:24.584		0.60249			4
2024.10.22	02:02:34.057	0.60248	0.60251			6
2024.10.22	02:02:38.674	0.60250	0.60253			6
2024.10.22	02:02:41.165		0.60254			4
2024.10.22	02:02:43.914		0.60253			4
2024.10.22	02:02:49.358	0.60251	0.60254			6
2024.10.22	02:02:51.036	0.60252				2
2024.10.22	02:02:51.502	0.60253				2
2024.10.22	02:02:53.725	0.60252	0.60255			6
2024.10.22	02:02:56.012	0.60251	0.60254			6
2024.10.22	02:03:00.044	0.60251				2
2024.10.22	02:03:08.781	0.60252				2
2024.10.22	02:03:09.395	0.60253	0.60255			6
2024.10.22	02:03:10.654	0.60252				2
2024.10.22	02:03:12.824	0.60248	0.60252			6
2024.10.22	02:03:13.128	0.60247				2
2024.10.22	02:03:19.511	0.60249	0.60253			6
2024.10.22	02:03:25.991	0.60247	0.60252			6
2024.10.22	02:03:26.307		0.60251			4
2024.10.22	02:03:26.961		0.60252			4
2024.10.22	02:03:35.090		0.60251			4
2024.10.22	02:03:35.408		0.60252			4
2024.10.22	02:03:36.320		0.60251			4
2024.10.22	02:03:37.611	0.60246				2
2024.10.22	02:03:37.916		0.60250			4
2024.10.22	02:03:39.812		0.60251			4
2024.10.22	02:03:48.219	0.60245	0.60249			6
2024.10.22	02:03:48.791	0.60244				2
2024.10.22	02:03:50.678		0.60248			4
2024.10.22	02:03:52.709	0.60243	0.60247			6
2024.10.22	02:03:55.668	0.60242	0.60246			6
2024.10.22	02:04:00.198	0.60242				2
2024.10.22	02:04:02.452	0.60243	0.60247			6
2024.10.22	02:04:03.071	0.60242				2
2024.10.22	02:04:07.741	0.60244	0.60248			6
2024.10.22	02:04:14.623	0.60245	0.60249			6
2024.10.22	02:04:19.818	0.60246	0.60250			6
2024.10.22	02:04:22.558	0.60247				2
2024.10.22	02:04:22.867	0.60249	0.60253			6
2024.10.22	02:04:25.124		0.60254			4
2024.10.22	02:04:25.961	0.60250				2
2024.10.22	02:04:46.796		0.60253			4
2024.10.22	02:04:47.490	0.60251	0.60254			6
2024.10.22	02:04:48.596	0.60250	0.60252			6
2024.10.22	02:04:48.904	0.60247	0.60251			6
2024.10.22	02:04:49.955		0.60250			4
2024.10.22	02:04:52.736	0.60248	0.60251			6
2024.10.22	02:04:54.532	0.60249	0.60252			6
2024.10.22	02:04:54.884	0.60248	0.60251			6
2024.10.22	02:04:55.444		0.60252			4
2024.10.22	02:04:57.307		0.60251			4
2024.10.22	02:05:00.170	0.60248				2
2024.10.22	02:05:01.044	0.60249	0.60252			6
2024.10.22	02:05:01.370	0.60248				2
2024.10.22	02:05:02.422	0.60249				2
2024.10.22	02:05:03.281		0.60253			4
2024.10.22	02:05:03.593	0.60250				2
2024.10.22	02:05:03.963	0.60249				2
2024.10.22	02:05:04.916	0.60250				2
2024.10.22	02:05:08.606		0.60251			4
2024.10.22	02:05:08.908		0.60253			4
2024.10.22	02:05:12.979	0.60248	0.60251			6
2024.10.22	02:05:17.523	0.60249				2
2024.10.22	02:05:20.901	0.60248				2
2024.10.22	02:05:26.305		0.60252			4
2024.10.22	02:05:36.691	0.60249				2
2024.10.22	02:05:37.809		0.60251			4
2024.10.22	02:05:38.126	0.60250	0.60253			6
2024.10.22	02:05:38.451		0.60254			4
2024.10.22	02:05:41.764		0.60253			4
2024.10.22	02:05:52.172	0.60251				2
2024.10.22	02:05:55.593	0.60250				2
2024.10.22	02:06:00.614	0.60250				2
2024.10.22	02:06:13.862		0.60254			4
2024.10.22	02:06:28.150		0.60253			4
2024.10.22	02:06:39.824	0.60248	0.60252			6
2024.10.22	02:06:40.197		0.60253			4
2024.10.22	02:06:42.300		0.60252			4
2024.10.22	02:06:47.537	0.60249				2
2024.10.22	02:06:58.034	0.60248				2
2024.10.22	02:06:59.173	0.60249				2
2024.10.22	02:07:00.413	0.60249				2
2024.10.22	02:07:02.037	0.60245	0.60248			6
2024.10.22	02:07:04.018		0.60250			4
2024.10.22	02:07:06.068		0.60248			4
2024.10.22	02:07:08.133	0.60246	0.60249			6
2024.10.22	02:07:13.483	0.60245	0.60248			6
2024.10.22	02:07:14.194		0.60249			4
2024.10.22	02:07:21.303	0.60246	0.60250			6
2024.10.22	02:07:24.249	0.60247				2
2024.10.22	02:07:25.324	0.60246	0.60249			6
2024.10.22	02:07:36.940	0.60248	0.60250			6
2024.10.22	02:07:40.639	0.60246				2
2024.10.22	02:07:41.395	0.60247				2
2024.10.22	02:07:45.847	0.60245	0.60249			6
2024.10.22	02:07:49.819	0.60241	0.60245			6
2024.10.22	02:07:50.160	0.60242				2
2024.10.22	02:07:55.221	0.60241				2
2024.10.22	02:07:55.528	0.60240	0.60244			6
2024.10.22	02:08:00.222	0.60240	0.60245			6
2024.10.22	02:08:09.589	0.60241				2
2024.10.22	02:08:09.901	0.60242				2
2024.10.22	02:08:10.712	0.60241				2
2024.10.22	02:08:13.350	0.60242				2
2024.10.22	02:08:25.521	0.60243				2
2024.10.22	02:08:28.052		0.60246			4
2024.10.22	02:08:29.922		0.60247			4
2024.10.22	02:08:33.976	0.60244				2
2024.10.22	02:08:35.077		0.60248			4
2024.10.22	02:08:36.299	0.60247	0.60251			6
2024.10.22	02:08:36.705	0.60245	0.60248			6
2024.10.22	02:08:39.120		0.60249			4
2024.10.22	02:08:40.026	0.60247				2
2024.10.22	02:08:40.327	0.60245				2
2024.10.22	02:08:44.114		0.60248			4
2024.10.22	02:08:45.559		0.60249			4
2024.10.22	02:09:01.076	0.60245				2
2024.10.22	02:09:03.967	0.60251	0.60255			6
2024.10.22	02:09:05.744		0.60254			4
2024.10.22	02:09:09.063	0.60247	0.60251			6
2024.10.22	02:09:09.376	0.60249	0.60252			6
2024.10.22	02:09:10.590		0.60253			4
2024.10.22	02:09:20.308	0.60250	0.60254			6
2024.10.22	02:09:21.702	0.60251				2
2024.10.22	02:09:22.109		0.60255			4
2024.10.22	02:09:25.418	0.60253	0.60257			6
2024.10.22	02:09:27.021	0.60252	0.60256			6
2024.10.22	02:09:29.747	0.60254	0.60258			6
2024.10.22	02:09:36.528		0.60256			4
2024.10.22	02:09:36.842	0.60252	0.60255			6
2024.10.22	02:09:47.451	0.60251	0.60254			6
2024.10.22	02:09:47.762	0.60250	0.60253			6
2024.10.22	02:09:48.559	0.60249				2
2024.10.22	02:09:51.538	0.60248	0.60252			6
2024.10.22	02:09:52.956	0.60246	0.60249			6
2024.10.22	02:10:00.112	0.60246				2
2024.10.22	02:10:00.769	0.60242	0.60245			6
2024.10.22	02:10:01.095		0.60246			4
2024.10.22	02:10:04.345	0.60243				2
2024.10.22	02:10:18.129	0.60244	0.60247			6
2024.10.22	02:10:18.433	0.60245	0.60249			6
2024.10.22	02:10:19.859		0.60248			4
2024.10.22	02:10:21.550		0.60249			4
2024.10.22	02:10:25.327	0.60246	0.60250			6
2024.10.22	02:10:29.566	0.60247				2
2024.10.22	02:10:48.356		0.60249			4
2024.10.22	02:10:49.423	0.60248	0.60251			6
2024.10.22	02:10:49.726	0.60247				2
2024.10.22	02:10:51.772	0.60249	0.60252			6
2024.10.22	02:10:52.153	0.60248	0.60251			6
2024.10.22	02:11:00.061	0.60248				2
2024.10.22	02:11:04.576	0.60249	0.60253			6
2024.10.22	02:11:09.370	0.60246	0.60248			6
2024.10.22	02:11:09.718	0.60245				2
2024.10.22	02:11:13.006		0.60249			4
2024.10.22	02:11:14.392	0.60246				2
2024.10.22	02:11:19.704		0.60250			4
2024.10.22	02:11:22.237	0.60248	0.60251			6
2024.10.22	02:11:30.359	0.60250	0.60252			6
2024.10.22	02:11:30.667	0.60249				2
2024.10.22	02:11:31.453	0.60248				2
2024.10.22	02:11:32.350	0.60249	0.60253			6
2024.10.22	02:11:34.756	0.60250				2
2024.10.22	02:11:36.624		0.60252			4
2024.10.22	02:11:36.930		0.60253			4
2024.10.22	02:11:46.847		0.60254			4
2024.10.22	02:11:50.315		0.60253			4
2024.10.22	02:12:00.203	0.60250				2
2024.10.22	02:12:05.889	0.60252	0.60254			6
2024.10.22	02:12:06.206		0.60255			4
2024.10.22	02:12:06.554		0.60256			4
2024.10.22	02:12:06.874		0.60255			4
2024.10.22	02:12:17.675	0.60253				2
2024.10.22	02:12:20.686	0.60254	0.60257			6
2024.10.22	02:12:27.156		0.60258			4
2024.10.22	02:12:30.551		0.60257			4
2024.10.22	02:12:30.855	0.60250	0.60252			6
2024.10.22	02:12:41.220		0.60253			4
2024.10.22	02:12:45.222		0.60254			4
2024.10.22	02:12:55.800		0.60253			4
2024.10.22	02:13:00.801	0.60250				2
2024.10.22	02:13:05.203	0.60252	0.60255			6
2024.10.22	02:13:07.302	0.60254	0.60257			6
2024.10.22	02:13:07.606	0.60253				2
2024.10.22	02:13:08.377		0.60256			4
2024.10.22	02:13:09.607	0.60254	0.60257			6
2024.10.22	02:13:25.829		0.60255			4
2024.10.22	02:13:28.213		0.60256			4
2024.10.22	02:13:32.282		0.60257			4
2024.10.22	02:13:42.627	0.60255				2
2024.10.22	02:13:55.464		0.60258			4
2024.10.22	02:14:00.381	0.60255				2
2024.10.22	02:14:05.174		0.60257			4
2024.10.22	02:14:08.410	0.60251	0.60253			6
2024.10.22	02:14:09.558		0.60252			4
2024.10.22	02:14:11.754	0.60247	0.60249			6
2024.10.22	02:14:12.061		0.60250			4
2024.10.22	02:14:16.368		0.60249			4
2024.10.22	02:14:17.354		0.60248			4
2024.10.22	02:14:29.476		0.60249			4
2024.10.22	02:14:31.234	0.60246				2
2024.10.22	02:14:35.307		0.60248			4
2024.10.22	02:15:00.318	0.60246				2
2024.10.22	02:15:11.368	0.60247				2
2024.10.22	02:15:15.783		0.60249			4
2024.10.22	02:15:23.241		0.60248			4
2024.10.22	02:15:24.719		0.60249			4
2024.10.22	02:15:48.524		0.60248			4
2024.10.22	02:15:48.857		0.60249			4
2024.10.22	02:15:51.219		0.60248			4
2024.10.22	02:15:51.739		0.60249			4
2024.10.22	02:15:54.326		0.60248			4
2024.10.22	02:16:00.453	0.60247	0.60249			6
2024.10.22	02:16:01.012		0.60248			4
2024.10.22	02:16:12.950	0.60250	0.60253			6
2024.10.22	02:16:16.172	0.60251	0.60254			6
2024.10.22	02:16:21.757		0.60253			4
2024.10.22	02:16:26.557	0.60250				2
2024.10.22	02:16:26.969	0.60251	0.60254			6
2024.10.22	02:16:29.204		0.60253			4
2024.10.22	02:16:32.189	0.60252	0.60254			6
2024.10.22	02:16:41.100	0.60251	0.60253			6
2024.10.22	02:16:42.160		0.60254			4
2024.10.22	02:16:54.273		0.60253			4
2024.10.22	02:16:56.521		0.60254			4
2024.10.22	02:17:00.698	0.60251				2
2024.10.22	02:17:08.462		0.60253			4
2024.10.22	02:17:15.533		0.60252			4
2024.10.22	02:17:20.504		0.60253			4
2024.10.22	02:17:40.550	0.60250	0.60252			6
2024.10.22	02:17:59.838		0.60253			4
2024.10.22	02:18:00.321	0.60250				2
2024.10.22	02:18:05.746		0.60252			4
2024.10.22	02:18:51.618	0.60249				2
2024.10.22	02:18:59.477	0.60251	0.60254			6
2024.10.22	02:18:59.789	0.60250	0.60253			6
2024.10.22	02:19:00.372	0.60250				2
2024.10.22	02:19:03.898	0.60251	0.60254			6
2024.10.22	02:19:06.766		0.60253			4
2024.10.22	02:19:10.163		0.60254			4
2024.10.22	02:19:14.674		0.60253			4
2024.10.22	02:19:22.224		0.60255			4
2024.10.22	02:19:23.883	0.60250	0.60254			6
2024.10.22	02:19:25.365		0.60255			4
2024.10.22	02:19:26.369		0.60254			4
2024.10.22	02:19:30.714		0.60255			4
2024.10.22	02:19:38.004	0.60252	0.60256			6
2024.10.22	02:19:48.984	0.60254	0.60258			6
2024.10.22	02:19:50.234		0.60259			4
2024.10.22	02:19:59.764		0.60258			4
2024.10.22	02:20:00.067	0.60254	0.60257			6
2024.10.22	02:20:02.281	0.60250	0.60254			6
2024.10.22	02:20:02.928		0.60253			4
2024.10.22	02:20:03.696	0.60249				2
2024.10.22	02:20:10.962	0.60250				2
2024.10.22	02:20:11.640	0.60249				2
2024.10.22	02:20:16.770	0.60250				2
2024.10.22	02:20:17.893		0.60254			4
2024.10.22	02:20:37.913	0.60252	0.60256			6
2024.10.22	02:20:38.997	0.60251				2
2024.10.22	02:20:43.334	0.60252				2
2024.10.22	02:20:43.818	0.60251				2
2024.10.22	02:20:46.340	0.60252				2
2024.10.22	02:20:46.855	0.60250	0.60254			6
2024.10.22	02:20:58.417	0.60251	0.60255			6
2024.10.22	02:21:01.098	0.60251				2
2024.10.22	02:21:15.879	0.60252				2
2024.10.22	02:21:32.680	0.60251				2
2024.10.22	02:21:38.790	0.60248	0.60252			6
2024.10.22	02:21:41.561	0.60249				2
2024.10.22	02:21:54.926	0.60245	0.60248			6
2024.10.22	02:21:55.230	0.60244				2
2024.10.22	02:22:00.390	0.60244				2
2024.10.22	02:22:10.536		0.60247			4
2024.10.22	02:22:21.928		0.60248			4
2024.10.22	02:22:22.245	0.60245				2
2024.10.22	02:22:24.873		0.60247			4
2024.10.22	02:22:33.715	0.60246				2
2024.10.22	02:22:35.056	0.60245				2
2024.10.22	02:22:35.544	0.60243				2
2024.10.22	02:22:35.865	0.60244				2
2024.10.22	02:22:41.812		0.60248			4
2024.10.22	02:22:52.602	0.60247	0.60250			6
2024.10.22	02:22:52.910	0.60246	0.60249			6
2024.10.22	02:22:53.231	0.60245				2
2024.10.22	02:22:54.303	0.60246				2
2024.10.22	02:22:56.366	0.60245	0.60248			6
2024.10.22	02:23:00.114	0.60245				2
2024.10.22	02:23:06.154	0.60246	0.60250			6
2024.10.22	02:23:51.524	0.60249	0.60253			6
2024.10.22	02:23:56.002	0.60253	0.60254			6
2024.10.22	02:23:56.306	0.60252	0.60255			6
2024.10.22	02:23:56.824	0.60250	0.60253			6
2024.10.22	02:23:57.813		0.60252			4
2024.10.22	02:24:04.811	0.60250				2
2024.10.22	02:24:38.476	0.60245	0.60248			6
2024.10.22	02:24:39.873	0.60246	0.60249			6
2024.10.22	02:24:45.670	0.60247	0.60251			6
2024.10.22	02:24:55.834	0.60249	0.60252			6
2024.10.22	02:24:56.448		0.60253			4
2024.10.22	02:24:57.525		0.60252			4
2024.10.22	02:25:00.472	0.60249				2
2024.10.22	02:25:02.807	0.60247	0.60250			6
2024.10.22	02:25:19.465	0.60249	0.60252			6
2024.10.22	02:25:24.222		0.60253			4
2024.10.22	02:25:24.563		0.60252			4
2024.10.22	02:25:24.880		0.60253			4
2024.10.22	02:25:28.271	0.60250				2
2024.10.22	02:25:30.187	0.60249	0.60252			6
2024.10.22	02:25:52.469		0.60253			4
2024.10.22	02:26:00.595	0.60249				2
2024.10.22	02:26:13.145	0.60250				2
2024.10.22	02:26:14.144	0.60253	0.60256			6
2024.10.22	02:26:27.803	0.60251	0.60254			6
2024.10.22	02:26:28.211	0.60252	0.60255			6
2024.10.22	02:26:33.311		0.60254			4
2024.10.22	02:26:35.329		0.60255			4
2024.10.22	02:26:36.093		0.60254			4
2024.10.22	02:26:43.105		0.60253			4
2024.10.22	02:26:45.636		0.60254			4
2024.10.22	02:26:49.253	0.60250	0.60253			6
2024.10.22	02:26:58.095		0.60252			4
2024.10.22	02:27:01.702	0.60250	0.60253			6
2024.10.22	02:27:11.618	0.60249				2
2024.10.22	02:27:13.165		0.60252			4
2024.10.22	02:27:17.768		0.60253			4
2024.10.22	02:27:37.143		0.60254			4
2024.10.22	02:27:52.831		0.60253			4
2024.10.22	02:28:00.496	0.60249	0.60250			6
2024.10.22	02:28:00.914		0.60253			4
2024.10.22	02:28:08.139	0.60248	0.60252			6
2024.10.22	02:28:13.856		0.60251			4
2024.10.22	02:28:14.159		0.60252			4
2024.10.22	02:28:20.601		0.60253			4
2024.10.22	02:28:21.675	0.60249				2
2024.10.22	02:28:35.019		0.60252			4
2024.10.22	02:28:42.216	0.60248	0.60251			6
2024.10.22	02:28:43.118	0.60247				2
2024.10.22	02:28:43.429		0.60250			4
2024.10.22	02:28:45.384	0.60246	0.60249			6
2024.10.22	02:28:48.959	0.60247				2
2024.10.22	02:28:51.171	0.60249	0.60251			6
2024.10.22	02:28:51.533		0.60252			4
2024.10.22	02:28:55.400	0.60248	0.60251			6
2024.10.22	02:28:55.705	0.60245	0.60248			6
2024.10.22	02:29:00.223	0.60245				2
2024.10.22	02:29:04.497	0.60244				2
2024.10.22	02:29:05.724		0.60247			4
2024.10.22	02:29:07.016	0.60243	0.60246			6
2024.10.22	02:29:07.402	0.60244				2
2024.10.22	02:29:08.970	0.60243				2
2024.10.22	02:29:09.292		0.60247			4
2024.10.22	02:29:10.541	0.60240	0.60244			6
2024.10.22	02:29:10.841		0.60243			4
2024.10.22	02:29:15.545	0.60239				2
2024.10.22	02:29:15.860		0.60242			4
2024.10.22	02:29:16.205		0.60243			4
2024.10.22	02:29:17.646	0.60240	0.60242			6
2024.10.22	02:29:25.061		0.60243			4
2024.10.22	02:29:28.402	0.60235	0.60238			6
2024.10.22	02:29:28.719		0.60239			4
2024.10.22	02:29:29.174		0.60238			4
2024.10.22	02:29:34.242		0.60237			4
2024.10.22	02:29:34.866		0.60238			4
2024.10.22	02:29:38.347		0.60237			4
2024.10.22	02:29:38.659	0.60234	0.60238			6
2024.10.22	02:29:43.849	0.60236	0.60240			6
2024.10.22	02:29:45.161	0.60237				2
2024.10.22	02:29:45.890	0.60236				2
2024.10.22	02:29:53.420	0.60238	0.60242			6
2024.10.22	02:29:53.721		0.60241			4
2024.10.22	02:29:55.952		0.60242			4
2024.10.22	02:29:57.004	0.60240	0.60244			6
2024.10.22	02:30:00.396	0.60240				2
2024.10.22	02:30:01.128		0.60243			4
2024.10.22	02:30:07.969	0.60239				2
2024.10.22	02:30:18.830	0.60237	0.60241			6
2024.10.22	02:30:26.939		0.60240			4
2024.10.22	02:30:27.248		0.60241			4
2024.10.22	02:30:39.521	0.60238	0.60242			6
2024.10.22	02:30:49.486	0.60237	0.60241			6
2024.10.22	02:30:53.104	0.60239	0.60242			6
2024.10.22	02:30:53.409	0.60242	0.60244			6
2024.10.22	02:30:54.192		0.60245			4
2024.10.22	02:31:00.042	0.60241				2
2024.10.22	02:31:00.756	0.60244	0.60248			6
2024.10.22	02:31:01.062		0.60247			4
2024.10.22	02:31:07.302		0.60248			4
2024.10.22	02:31:07.723		0.60247			4
2024.10.22	02:31:09.343	0.60245	0.60248			6
2024.10.22	02:31:09.651	0.60242	0.60246			6
2024.10.22	02:31:16.361		0.60245			4
2024.10.22	02:31:16.670		0.60246			4
2024.10.22	02:31:31.630	0.60243				2
2024.10.22	02:31:32.193	0.60245	0.60248			6
2024.10.22	02:31:37.846	0.60243	0.60246			6
2024.10.22	02:31:38.165	0.60242				2
2024.10.22	02:31:42.818	0.60243	0.60247			6
2024.10.22	02:31:43.889	0.60244				2
2024.10.22	02:31:46.539	0.60243				2
2024.10.22	02:31:46.987	0.60244				2
2024.10.22	02:31:48.378	0.60245	0.60248			6
2024.10.22	02:31:56.407	0.60244				2
2024.10.22	02:32:00.273	0.60244	0.60247			6
2024.10.22	02:32:11.596	0.60241	0.60243			6
2024.10.22	02:32:11.938	0.60239	0.60242			6
2024.10.22	02:32:15.196	0.60241	0.60244			6
2024.10.22	02:32:25.749	0.60240	0.60243			6
2024.10.22	02:32:26.836		0.60244			4
2024.10.22	02:32:29.987	0.60241				2
2024.10.22	02:32:30.551	0.60242	0.60245			6
2024.10.22	02:32:37.479	0.60241				2
2024.10.22	02:32:37.791	0.60240	0.60243			6
2024.10.22	02:32:43.460	0.60239	0.60242			6
2024.10.22	02:32:45.547	0.60238	0.60241			6
2024.10.22	02:32:48.862	0.60237	0.60240			6
2024.10.22	02:32:53.110	0.60238				2
2024.10.22	02:32:53.442	0.60237				2
2024.10.22	02:32:55.615	0.60234	0.60237			6
2024.10.22	02:32:56.703	0.60235	0.60238			6
2024.10.22	02:32:57.609	0.60233	0.60236			6
2024.10.22	02:32:58.795	0.60235	0.60238			6
2024.10.22	02:33:00.158	0.60235				2
2024.10.22	02:33:10.542	0.60234	0.60237			6
2024.10.22	02:33:13.665	0.60231	0.60234			6
2024.10.22	02:33:13.979	0.60232				2
2024.10.22	02:33:14.501	0.60234	0.60237			6
2024.10.22	02:33:15.506	0.60233	0.60236			6
2024.10.22	02:33:22.346	0.60234	0.60237			6
2024.10.22	02:33:23.067	0.60235				2
2024.10.22	02:33:25.598	0.60233	0.60236			6
2024.10.22	02:33:29.859	0.60232				2
2024.10.22	02:33:34.494	0.60229	0.60234			6
2024.10.22	02:33:36.380	0.60233	0.60238			6
2024.10.22	02:33:40.659	0.60234	0.60239			6
2024.10.22	02:33:45.689		0.60238			4
2024.10.22	02:33:48.727	0.60236	0.60239			6
2024.10.22	02:33:49.451		0.60240			4
2024.10.22	02:33:49.765	0.60237				2
2024.10.22	02:33:54.224		0.60241			4
2024.10.22	02:33:55.630	0.60235	0.60239			6
2024.10.22	02:34:02.594	0.60233	0.60236			6
2024.10.22	02:34:29.891	0.60232	0.60235			6
2024.10.22	02:34:35.628	0.60230				2
2024.10.22	02:34:35.947	0.60229	0.60234			6
2024.10.22	02:34:48.842	0.60231	0.60235			6
2024.10.22	02:34:49.218	0.60232				2
2024.10.22	02:34:50.588	0.60231				2
2024.10.22	02:35:04.348	0.60231				2
2024.10.22	02:35:17.420	0.60232				2
2024.10.22	02:35:36.247	0.60234	0.60238			6
2024.10.22	02:35:40.676	0.60232	0.60237			6
2024.10.22	02:35:41.126	0.60233				2
2024.10.22	02:35:45.667	0.60231	0.60236			6
2024.10.22	02:35:59.958	0.60232				2
2024.10.22	02:36:00.664	0.60232				2
2024.10.22	02:36:20.699	0.60234	0.60237			6
2024.10.22	02:36:21.026		0.60238			4
2024.10.22	02:36:29.529	0.60235				2
2024.10.22	02:36:30.672	0.60234				2
2024.10.22	02:36:42.813	0.60237	0.60242			6
2024.10.22	02:36:45.679		0.60241			4
2024.10.22	02:36:52.348		0.60242			4
2024.10.22	02:36:53.292		0.60241			4
2024.10.22	02:37:00.410	0.60238	0.60242			6
2024.10.22	02:37:01.418	0.60239	0.60244			6
2024.10.22	02:37:04.719		0.60243			4
2024.10.22	02:37:05.461	0.60238				2
2024.10.22	02:37:10.662		0.60242			4
2024.10.22	02:37:19.247	0.60237	0.60241			6
2024.10.22	02:37:19.743	0.60238				2
2024.10.22	02:37:20.656	0.60235	0.60239			6
2024.10.22	02:37:29.736	0.60234	0.60238			6
2024.10.22	02:37:30.134	0.60235				2
2024.10.22	02:37:30.642		0.60239			4
2024.10.22	02:37:46.140	0.60234				2
2024.10.22	02:37:56.907	0.60233	0.60238			6
2024.10.22	02:37:57.984	0.60232	0.60237			6
2024.10.22	02:38:00.250	0.60232				2
2024.10.22	02:38:18.340	0.60239	0.60242			6
2024.10.22	02:38:18.683	0.60238				2
2024.10.22	02:38:19.057	0.60237	0.60241			6
2024.10.22	02:38:27.023	0.60234	0.60239			6
2024.10.22	02:38:35.660	0.60233	0.60238			6
2024.10.22	02:38:36.001	0.60234				2
2024.10.22	02:38:40.348	0.60235				2
2024.10.22	02:38:40.691	0.60233	0.60236			6
2024.10.22	02:38:42.243	0.60232				2
2024.10.22	02:38:49.732	0.60233	0.60238			6
2024.10.22	02:38:55.645		0.60237			4
2024.10.22	02:39:00.225	0.60233				2
2024.10.22	02:39:06.540	0.60232				2
2024.10.22	02:39:25.627		0.60238			4
2024.10.22	02:39:40.238	0.60233				2
2024.10.22	02:39:41.043	0.60235	0.60239			6
2024.10.22	02:40:00.424	0.60235				2
2024.10.22	02:40:05.416		0.60238			4
2024.10.22	02:40:05.722	0.60231	0.60236			6
2024.10.22	02:40:23.562		0.60235			4
2024.10.22	02:40:25.634	0.60229	0.60232			6
2024.10.22	02:40:31.599	0.60225	0.60228			6
2024.10.22	02:40:31.901		0.60227			4
2024.10.22	02:40:35.447	0.60224				2
2024.10.22	02:40:39.222	0.60225				2
2024.10.22	02:40:43.541	0.60226				2
2024.10.22	02:40:43.846	0.60227	0.60228			6
2024.10.22	02:40:45.559	0.60228	0.60229			6
2024.10.22	02:40:49.794	0.60230	0.60231			6
2024.10.22	02:40:50.657	0.60227	0.60229			6
2024.10.22	02:40:58.823	0.60228				2
2024.10.22	02:41:00.080	0.60228				2
2024.10.22	02:41:00.725	0.60227				2
2024.10.22	02:41:05.215		0.60230			4
2024.10.22	02:41:05.548	0.60226				2
2024.10.22	02:41:06.985	0.60227				2
2024.10.22	02:41:07.769	0.60225	0.60228			6
2024.10.22	02:41:14.393		0.60227			4
2024.10.22	02:41:22.404	0.60222	0.60226			6
2024.10.22	02:41:25.668	0.60221	0.60224			6
2024.10.22	02:41:26.042		0.60225			4
2024.10.22	02:41:27.050	0.60223				2
2024.10.22	02:41:34.357	0.60222				2
2024.10.22	02:41:34.886	0.60223				2
2024.10.22	02:41:45.498		0.60226			4
2024.10.22	02:41:53.923	0.60224				2
2024.10.22	02:41:54.225	0.60222				2
2024.10.22	02:41:54.531	0.60223				2
2024.10.22	02:42:00.360	0.60223				2
2024.10.22	02:42:02.265	0.60225				2
2024.10.22	02:42:05.437	0.60229	0.60230			6
2024.10.22	02:42:05.747	0.60230	0.60233			6
2024.10.22	02:42:09.005		0.60234			4
2024.10.22	02:42:10.192	0.60231				2
2024.10.22	02:42:16.428		0.60233			4
2024.10.22	02:42:20.348		0.60234			4
2024.10.22	02:42:20.924	0.60229	0.60231			6
2024.10.22	02:42:30.380		0.60232			4
2024.10.22	02:42:32.441	0.60228				2
2024.10.22	02:43:01.235	0.60228				2
2024.10.22	02:43:10.403		0.60233			4
2024.10.22	02:43:25.780	0.60230	0.60234			6
2024.10.22	02:43:35.973	0.60228	0.60232			6
2024.10.22	02:43:37.125		0.60231			4
2024.10.22	02:43:44.845		0.60232			4
2024.10.22	02:43:51.479	0.60225	0.60228			6
2024.10.22	02:43:51.785	0.60224				2
2024.10.22	02:43:52.347	0.60225	0.60229			6
2024.10.22	02:44:00.030	0.60225				2
2024.10.22	02:44:25.657	0.60226	0.60230			6
2024.10.22	02:44:27.709		0.60229			4
2024.10.22	02:44:28.063	0.60228	0.60232			6
2024.10.22	02:44:29.047	0.60230				2
2024.10.22	02:44:29.353	0.60228				2
2024.10.22	02:44:34.959	0.60227	0.60231			6
2024.10.22	02:44:37.094	0.60228				2
2024.10.22	02:44:57.246	0.60226	0.60229			6
2024.10.22	02:44:58.327	0.60225	0.60228			6
2024.10.22	02:44:58.628	0.60223	0.60227			6
2024.10.22	02:44:59.791	0.60224	0.60228			6
2024.10.22	02:45:00.439	0.60224				2
2024.10.22	02:45:01.046	0.60225				2
2024.10.22	02:45:03.659		0.60229			4
2024.10.22	02:45:09.464	0.60226				2
2024.10.22	02:45:09.769	0.60228	0.60232			6
2024.10.22	02:45:10.653		0.60231			4
2024.10.22	02:45:11.536		0.60232			4
2024.10.22	02:45:21.880	0.60232	0.60236			6
2024.10.22	02:45:22.183	0.60231				2
2024.10.22	02:45:23.945	0.60232				2
2024.10.22	02:45:26.054		0.60237			4
2024.10.22	02:45:30.532		0.60236			4
2024.10.22	02:45:34.727	0.60230	0.60235			6
2024.10.22	02:45:35.030	0.60229	0.60234			6
2024.10.22	02:45:37.611		0.60232			4
2024.10.22	02:45:40.660		0.60231			4
2024.10.22	02:45:45.674	0.60227	0.60229			6
2024.10.22	02:45:53.960	0.60229	0.60231			6
2024.10.22	02:45:55.671	0.60227	0.60230			6
2024.10.22	02:45:58.209	0.60226				2
2024.10.22	02:46:00.489	0.60226				2
2024.10.22	02:46:01.821		0.60231			4
2024.10.22	02:46:04.931	0.60225	0.60230			6
2024.10.22	02:46:05.236	0.60224	0.60228			6
2024.10.22	02:46:05.679	0.60223				2
2024.10.22	02:46:07.726	0.60224				2
2024.10.22	02:46:10.503		0.60229			4
2024.10.22	02:46:33.411		0.60227			4
2024.10.22	02:46:33.726	0.60221	0.60224			6
2024.10.22	02:46:34.072	0.60220	0.60225			6
2024.10.22	02:46:34.374		0.60224			4
2024.10.22	02:46:35.681	0.60222	0.60226			6
2024.10.22	02:46:42.868	0.60224	0.60227			6
2024.10.22	02:46:46.045		0.60228			4
2024.10.22	02:46:48.641	0.60226	0.60229			6
2024.10.22	02:46:48.946	0.60225				2
2024.10.22	02:46:49.672	0.60226	0.60230			6
2024.10.22	02:46:50.446	0.60225	0.60229			6
2024.10.22	02:46:53.213		0.60230			4
2024.10.22	02:46:57.404		0.60228			4
2024.10.22	02:46:57.707		0.60230			4
2024.10.22	02:47:00.137	0.60225				2
2024.10.22	02:47:00.442	0.60226				2
2024.10.22	02:47:12.297	0.60229	0.60233			6
2024.10.22	02:47:25.035		0.60232			4
2024.10.22	02:47:29.202		0.60233			4
2024.10.22	02:47:31.623		0.60232			4
2024.10.22	02:47:34.389	0.60230				2
2024.10.22	02:47:40.277	0.60229				2
2024.10.22	02:47:46.292	0.60231	0.60234			6
2024.10.22	02:47:47.687	0.60230	0.60233			6
2024.10.22	02:47:58.092	0.60232	0.60234			6
2024.10.22	02:47:58.399	0.60231				2
2024.10.22	02:47:59.044	0.60230	0.60233			6
2024.10.22	02:48:00.180	0.60230	0.60234			6
2024.10.22	02:48:01.879	0.60229				2
2024.10.22	02:48:04.408		0.60231			4
2024.10.22	02:48:04.723	0.60227				2
2024.10.22	02:48:06.959	0.60226				2
2024.10.22	02:48:14.702		0.60230			4
2024.10.22	02:48:17.715	0.60227	0.60231			6
2024.10.22	02:48:34.389		0.60230			4
2024.10.22	02:48:35.305	0.60224	0.60228			6
2024.10.22	02:48:38.802	0.60227	0.60230			6
2024.10.22	02:48:44.113	0.60228				2
2024.10.22	02:48:47.312		0.60231			4
2024.10.22	02:48:47.768	0.60227				2
2024.10.22	02:48:51.364	0.60228				2
2024.10.22	02:48:57.262	0.60227				2
2024.10.22	02:49:00.193	0.60227				2
2024.10.22	02:49:41.851	0.60226	0.60229			6
2024.10.22	02:49:43.099		0.60230			4
2024.10.22	02:49:50.735	0.60227				2
2024.10.22	02:49:51.342		0.60231			4
2024.10.22	02:49:51.655	0.60228				2
2024.10.22	02:49:52.594	0.60229	0.60232			6
2024.10.22	02:49:55.762	0.60228				2
2024.10.22	02:49:56.068	0.60227	0.60231			6
2024.10.22	02:49:59.663	0.60228				2
2024.10.22	02:50:00.322	0.60228				2
2024.10.22	02:50:01.474	0.60229				2
2024.10.22	02:50:20.008		0.60230			4
2024.10.22	02:50:24.901	0.60228				2
2024.10.22	02:50:28.206		0.60231			4
2024.10.22	02:50:30.508		0.60230			4
2024.10.22	02:50:32.562		0.60231			4
2024.10.22	02:50:33.071		0.60230			4
2024.10.22	02:50:34.998		0.60231			4
2024.10.22	02:50:35.676	0.60229				2
2024.10.22	02:50:36.001		0.60232			4
2024.10.22	02:50:36.796		0.60231			4
2024.10.22	02:50:43.802		0.60232			4
2024.10.22	02:50:44.842		0.60231			4
2024.10.22	02:50:54.092	0.60230	0.60233			6
2024.10.22	02:50:58.962	0.60229	0.60232			6
2024.10.22	02:51:01.233	0.60229				2
2024.10.22	02:51:08.764	0.60230	0.60234			6
2024.10.22	02:51:09.077		0.60233			4
2024.10.22	02:51:10.001		0.60234			4
2024.10.22	02:51:13.028	0.60229				2
2024.10.22	02:51:15.676	0.60228	0.60232			6
2024.10.22	02:51:18.037		0.60231			4
2024.10.22	02:51:21.544	0.60226	0.60228			6
2024.10.22	02:51:25.660	0.60229	0.60232			6
2024.10.22	02:51:25.966	0.60230	0.60233			6
2024.10.22	02:51:26.285		0.60234			4
2024.10.22	02:51:28.478	0.60231				2
2024.10.22	02:51:34.952	0.60230				2
2024.10.22	02:51:37.349	0.60229	0.60232			6
2024.10.22	02:51:42.829	0.60230	0.60234			6
2024.10.22	02:51:44.743	0.60231				2
2024.10.22	02:52:00.181	0.60231				2
2024.10.22	02:52:05.915		0.60233			4
2024.10.22	02:52:11.234	0.60230				2
2024.10.22	02:52:16.045		0.60234			4
2024.10.22	02:52:20.308	0.60231	0.60235			6
2024.10.22	02:52:22.531	0.60230	0.60234			6
2024.10.22	02:52:29.010		0.60233			4
2024.10.22	02:52:30.081	0.60229				2
2024.10.22	02:52:38.695	0.60230	0.60234			6
2024.10.22	02:52:51.100		0.60232			4
2024.10.22	02:52:51.405	0.60229				2
2024.10.22	02:52:56.119	0.60226	0.60230			6
2024.10.22	02:52:59.312	0.60228				2
2024.10.22	02:53:01.004	0.60228				2
2024.10.22	02:53:01.450	0.60227				2
2024.10.22	02:53:01.882	0.60228				2
2024.10.22	02:53:12.299	0.60229	0.60232			6
2024.10.22	02:53:15.956	0.60228	0.60231			6
2024.10.22	02:53:17.095	0.60229	0.60232			6
2024.10.22	02:53:22.224	0.60230				2
2024.10.22	02:53:28.970		0.60233			4
2024.10.22	02:53:33.827	0.60229	0.60232			6
2024.10.22	02:53:35.336	0.60228				2
2024.10.22	02:53:35.724	0.60229				2
2024.10.22	02:53:37.313	0.60228				2
2024.10.22	02:53:37.647	0.60229				2
2024.10.22	02:53:38.677	0.60228				2
2024.10.22	02:53:39.819		0.60231			4
2024.10.22	02:53:40.687		0.60232			4
2024.10.22	02:53:49.114		0.60231			4
2024.10.22	02:53:49.441		0.60230			4
2024.10.22	02:53:54.830	0.60227	0.60231			6
2024.10.22	02:53:57.356		0.60230			4
2024.10.22	02:54:00.225	0.60227				2
2024.10.22	02:54:02.438	0.60226	0.60229			6
2024.10.22	02:54:03.127	0.60225				2
2024.10.22	02:54:04.969	0.60224	0.60228			6
2024.10.22	02:54:06.300	0.60223	0.60226			6
2024.10.22	02:54:07.565	0.60222	0.60225			6
2024.10.22	02:54:12.284	0.60223	0.60226			6
2024.10.22	02:54:12.597	0.60222	0.60225			6
2024.10.22	02:54:16.216		0.60226			4
2024.10.22	02:54:20.558	0.60224	0.60227			6
2024.10.22	02:54:20.866	0.60225	0.60228			6
2024.10.22	02:54:23.538	0.60224				2
2024.10.22	02:54:26.098	0.60223	0.60226			6
2024.10.22	02:54:29.619		0.60225			4
2024.10.22	02:54:30.624		0.60226			4
2024.10.22	02:54:31.232	0.60222				2
2024.10.22	02:54:40.675		0.60225			4
2024.10.22	02:54:40.997	0.60223	0.60226			6
2024.10.22	02:54:46.212	0.60225	0.60228			6
2024.10.22	02:55:00.275	0.60225				2
2024.10.22	02:55:10.294	0.60222	0.60225			6
2024.10.22	02:55:10.965	0.60223	0.60226			6
2024.10.22	02:55:16.352	0.60218	0.60221			6
2024.10.22	02:55:16.665	0.60217	0.60220			6
2024.10.22	02:55:24.219	0.60218	0.60221			6
2024.10.22	02:55:32.014	0.60217				2
2024.10.22	02:55:32.622		0.60220			4
2024.10.22	02:55:40.136		0.60221			4
2024.10.22	02:55:41.762		0.60220			4
2024.10.22	02:55:42.065	0.60218	0.60221			6
2024.10.22	02:56:00.500	0.60218				2
2024.10.22	02:56:02.609	0.60219	0.60222			6
2024.10.22	02:56:04.354	0.60220	0.60223			6
2024.10.22	02:56:13.945		0.60224			4
2024.10.22	02:56:20.835	0.60219	0.60222			6
2024.10.22	02:56:31.270	0.60218	0.60221			6
2024.10.22	02:56:41.631	0.60216	0.60219			6
2024.10.22	02:56:47.957	0.60219	0.60222			6
2024.10.22	02:57:01.515	0.60221	0.60224			6
2024.10.22	02:57:23.341		0.60223			4
2024.10.22	02:57:25.460	0.60223	0.60226			6
2024.10.22	02:57:25.767	0.60224	0.60227			6
2024.10.22	02:57:28.869	0.60223	0.60225			6
2024.10.22	02:57:53.180	0.60224	0.60227			6
2024.10.22	02:57:54.888		0.60228			4
2024.10.22	02:58:00.236	0.60224				2
2024.10.22	02:58:10.394	0.60225				2
2024.10.22	02:58:11.809	0.60228	0.60229			6
2024.10.22	02:58:12.112	0.60225	0.60228			6
2024.10.22	02:58:20.347	0.60228	0.60231			6
2024.10.22	02:58:21.760		0.60232			4
2024.10.22	02:58:22.627	0.60229				2
2024.10.22	02:58:22.964		0.60233			4
2024.10.22	02:58:29.055	0.60230				2
2024.10.22	02:58:34.627		0.60234			4
2024.10.22	02:58:34.945	0.60231				2
2024.10.22	02:58:35.265	0.60230	0.60233			6
2024.10.22	02:58:40.226		0.60232			4
2024.10.22	02:58:40.678	0.60229				2
2024.10.22	02:58:50.441	0.60230	0.60233			6
2024.10.22	02:58:53.439	0.60231	0.60234			6
2024.10.22	02:58:54.221		0.60235			4
2024.10.22	02:58:55.523	0.60233				2
2024.10.22	02:58:55.844	0.60231	0.60234			6
2024.10.22	02:58:56.709	0.60233	0.60236			6
2024.10.22	02:59:00.708	0.60233				2
2024.10.22	02:59:01.917	0.60232	0.60235			6
2024.10.22	02:59:05.470	0.60231				2
2024.10.22	02:59:06.686		0.60234			4
2024.10.22	02:59:16.448	0.60230	0.60233			6
2024.10.22	02:59:23.035	0.60228	0.60231			6
2024.10.22	02:59:23.367		0.60232			4
2024.10.22	02:59:23.681	0.60227	0.60230			6
2024.10.22	02:59:27.180		0.60229			4
2024.10.22	02:59:31.295		0.60230			4
2024.10.22	02:59:31.762	0.60228				2
2024.10.22	02:59:34.808	0.60229	0.60231			6
2024.10.22	02:59:35.933	0.60228				2
2024.10.22	02:59:36.251		0.60230			4
2024.10.22	02:59:39.948	0.60227				2
2024.10.22	02:59:44.621	0.60228				2
2024.10.22	02:59:52.044	0.60231	0.60233			6
2024.10.22	02:59:53.180	0.60230				2
2024.10.22	02:59:58.431		0.60232			4
2024.10.22	02:59:58.869		0.60233			4
2024.10.22	03:00:00.323	0.60227	0.60230			6
2024.10.22	03:00:00.625	0.60229	0.60232			6
2024.10.22	03:00:00.925	0.60227	0.60230			6
2024.10.22	03:00:02.362	0.60228				2
2024.10.22	03:00:02.673		0.60231			4
2024.10.22	03:00:03.008	0.60225	0.60228			6
2024.10.22	03:00:03.960	0.60227	0.60229			6
2024.10.22	03:00:04.265	0.60228	0.60230			6
2024.10.22	03:00:05.400		0.60231			4
2024.10.22	03:00:07.790	0.60233	0.60235			6
2024.10.22	03:00:08.110	0.60231	0.60233			6
2024.10.22	03:00:08.418	0.60232	0.60235			6
2024.10.22	03:00:10.084	0.60233	0.60236			6
2024.10.22	03:00:10.881		0.60235			4
2024.10.22	03:00:11.276	0.60231	0.60234			6
2024.10.22	03:00:11.598	0.60232	0.60235			6
2024.10.22	03:00:12.337	0.60231	0.60234			6
2024.10.22	03:00:12.641	0.60232	0.60235			6
2024.10.22	03:00:12.947	0.60231	0.60234			6
2024.10.22	03:00:13.265	0.60230	0.60233			6
2024.10.22	03:00:13.937	0.60226	0.60229			6
2024.10.22	03:00:14.577	0.60223	0.60226			6
2024.10.22	03:00:19.285	0.60224	0.60227			6
2024.10.22	03:00:19.605		0.60226			4
2024.10.22	03:00:19.957		0.60227			4
2024.10.22	03:00:20.265	0.60227	0.60229			6
2024.10.22	03:00:20.570	0.60226				2
2024.10.22	03:00:22.104	0.60224	0.60227			6
2024.10.22	03:00:22.406	0.60223	0.60226			6
2024.10.22	03:00:22.725		0.60225			4
2024.10.22	03:00:23.267	0.60222	0.60223			6
2024.10.22	03:00:23.581	0.60220	0.60222			6
2024.10.22	03:00:23.986	0.60219	0.60221			6
2024.10.22	03:00:24.290	0.60218	0.60220			6
2024.10.22	03:00:27.068	0.60217				2
2024.10.22	03:00:29.067	0.60218				2
2024.10.22	03:00:29.554	0.60217				2
2024.10.22	03:00:30.156	0.60221	0.60223			6
2024.10.22	03:00:30.466		0.60224			4
2024.10.22	03:00:31.173	0.60222				2
2024.10.22	03:00:32.436	0.60223	0.60225			6
2024.10.22	03:00:32.740		0.60226			4
2024.10.22	03:00:35.897		0.60225			4
2024.10.22	03:00:36.223	0.60218	0.60220			6
2024.10.22	03:00:36.570		0.60221			4
2024.10.22	03:00:39.023	0.60220	0.60223			6
2024.10.22	03:00:40.848	0.60221				2
2024.10.22	03:00:41.501	0.60225	0.60227			6
2024.10.22	03:00:41.805	0.60226	0.60228			6
2024.10.22	03:00:42.191	0.60228	0.60230			6
2024.10.22	03:00:42.512	0.60229				2
2024.10.22	03:00:42.824	0.60234	0.60236			6
2024.10.22	03:00:43.144	0.60233				2
2024.10.22	03:00:43.445		0.60235			4
2024.10.22	03:00:43.750		0.60236			4
2024.10.22	03:00:44.677		0.60234			4
2024.10.22	03:00:44.985		0.60235			4
2024.10.22	03:00:46.590	0.60232				2
2024.10.22	03:00:47.183		0.60233			4
2024.10.22	03:00:47.484		0.60235			4
2024.10.22	03:00:47.822	0.60233				2
2024.10.22	03:00:48.214	0.60232				2
2024.10.22	03:00:49.143	0.60233				2
2024.10.22	03:00:49.484	0.60232				2
2024.10.22	03:00:51.406	0.60233				2
2024.10.22	03:00:52.022	0.60232				2
2024.10.22	03:00:52.354	0.60233	0.60236			6
2024.10.22	03:00:53.005	0.60234	0.60237			6
2024.10.22	03:00:56.694	0.60238	0.60241			6
2024.10.22	03:00:56.998	0.60239	0.60242			6
2024.10.22	03:00:57.304	0.60240	0.60243			6
2024.10.22	03:00:57.613		0.60244			4
2024.10.22	03:00:59.066		0.60243			4
2024.10.22	03:01:00.080	0.60240				2
2024.10.22	03:01:00.433	0.60242	0.60245			6
2024.10.22	03:01:00.746	0.60243	0.60246			6
2024.10.22	03:01:01.250	0.60242	0.60245			6
2024.10.22	03:01:01.776	0.60243	0.60246			6
2024.10.22	03:01:02.086	0.60241	0.60243			6
2024.10.22	03:01:02.703	0.60243	0.60246			6
2024.10.22	03:01:03.439	0.60246	0.60247			6
2024.10.22	03:01:03.776	0.60245	0.60246			6
2024.10.22	03:01:05.659	0.60248	0.60251			6
2024.10.22	03:01:06.644	0.60250				2
2024.10.22	03:01:07.636	0.60249	0.60250			6
2024.10.22	03:01:12.871		0.60251			4
2024.10.22	03:01:13.689		0.60250			4
2024.10.22	03:01:14.007	0.60248	0.60249			6
2024.10.22	03:01:14.326	0.60247	0.60248			6
2024.10.22	03:01:14.967		0.60249			4
2024.10.22	03:01:16.336	0.60249	0.60250			6
2024.10.22	03:01:17.999		0.60251			4
2024.10.22	03:01:20.306		0.60250			4
2024.10.22	03:01:20.611	0.60248	0.60251			6
2024.10.22	03:01:21.929	0.60246	0.60249			6
2024.10.22	03:01:23.537	0.60245				2
2024.10.22	03:01:25.104	0.60246				2
2024.10.22	03:01:30.153	0.60245	0.60246			6
2024.10.22	03:01:30.465	0.60242	0.60245			6
2024.10.22	03:01:32.275	0.60241	0.60244			6
2024.10.22	03:01:32.950	0.60239	0.60242			6
2024.10.22	03:01:35.641	0.60243	0.60246			6
2024.10.22	03:01:38.933		0.60245			4
2024.10.22	03:01:40.789	0.60241	0.60244			6
2024.10.22	03:01:41.273	0.60242				2
2024.10.22	03:01:41.586	0.60243	0.60245			6
2024.10.22	03:01:45.158		0.60244			4
2024.10.22	03:01:45.460		0.60245			4
2024.10.22	03:01:45.982	0.60241	0.60244			6
2024.10.22	03:01:48.596	0.60243	0.60245			6
2024.10.22	03:01:48.965	0.60244				2
2024.10.22	03:01:54.857		0.60247			4
2024.10.22	03:01:57.391	0.60243	0.60246			6
2024.10.22	03:02:00.344	0.60243	0.60245			6
2024.10.22	03:02:00.665		0.60246			4
2024.10.22	03:02:01.469		0.60245			4
2024.10.22	03:02:02.447		0.60246			4
2024.10.22	03:02:04.606	0.60241	0.60244			6
2024.10.22	03:02:04.965		0.60243			4
2024.10.22	03:02:05.267		0.60244			4
2024.10.22	03:02:07.088	0.60242				2
2024.10.22	03:02:09.168	0.60243	0.60245			6
2024.10.22	03:02:09.478	0.60242	0.60243			6
2024.10.22	03:02:09.797	0.60241				2
2024.10.22	03:02:10.766		0.60242			4
2024.10.22	03:02:11.378		0.60244			4
2024.10.22	03:02:11.680		0.60243			4
2024.10.22	03:02:12.613		0.60244			4
2024.10.22	03:02:15.007		0.60243			4
2024.10.22	03:02:15.609	0.60240	0.60241			6
2024.10.22	03:02:15.918	0.60236	0.60239			6
2024.10.22	03:02:18.967	0.60234	0.60238			6
2024.10.22	03:02:22.365	0.60232	0.60234			6
2024.10.22	03:02:23.885	0.60231				2
2024.10.22	03:02:24.511	0.60232				2
2024.10.22	03:02:25.303	0.60233	0.60236			6
2024.10.22	03:02:30.668		0.60235			4
2024.10.22	03:02:30.984		0.60236			4
2024.10.22	03:02:31.343		0.60235			4
2024.10.22	03:02:31.748		0.60236			4
2024.10.22	03:02:33.654	0.60232	0.60234			6
2024.10.22	03:02:34.046	0.60233				2
2024.10.22	03:02:35.928		0.60235			4
2024.10.22	03:02:38.438	0.60232				2
2024.10.22	03:02:38.743	0.60233				2
2024.10.22	03:02:41.231		0.60236			4
2024.10.22	03:02:41.950		0.60235			4
2024.10.22	03:02:42.307		0.60236			4
2024.10.22	03:02:43.468		0.60235			4
2024.10.22	03:02:43.929		0.60236			4
2024.10.22	03:02:45.050		0.60235			4
2024.10.22	03:02:45.449		0.60236			4
2024.10.22	03:02:46.946		0.60235			4
2024.10.22	03:02:49.532		0.60236			4
2024.10.22	03:02:49.897		0.60235			4
2024.10.22	03:02:50.420		0.60236			4
2024.10.22	03:02:50.755		0.60235			4
2024.10.22	03:02:51.236	0.60232	0.60233			6
2024.10.22	03:02:51.547	0.60233	0.60235			6
2024.10.22	03:02:51.884		0.60234			4
2024.10.22	03:02:52.979	0.60235	0.60237			6
2024.10.22	03:02:53.489	0.60236				2
2024.10.22	03:02:53.799		0.60238			4
2024.10.22	03:02:56.323	0.60235	0.60236			6
2024.10.22	03:02:56.628		0.60237			4
2024.10.22	03:02:58.998	0.60236	0.60238			6
2024.10.22	03:02:59.890	0.60238	0.60239			6
2024.10.22	03:03:00.258	0.60238				2
2024.10.22	03:03:00.688	0.60239	0.60240			6
2024.10.22	03:03:01.042	0.60235	0.60238			6
2024.10.22	03:03:01.347	0.60234	0.60237			6
2024.10.22	03:03:01.658		0.60236			4
2024.10.22	03:03:03.206	0.60235				2
2024.10.22	03:03:04.052	0.60234				2
2024.10.22	03:03:05.095	0.60235	0.60237			6
2024.10.22	03:03:12.396	0.60234	0.60236			6
2024.10.22	03:03:13.119	0.60235	0.60237			6
2024.10.22	03:03:13.861	0.60234	0.60235			6
2024.10.22	03:03:14.231		0.60236			4
2024.10.22	03:03:14.975	0.60232	0.60234			6
2024.10.22	03:03:15.343	0.60231				2
2024.10.22	03:03:15.648		0.60233			4
2024.10.22	03:03:15.974		0.60234			4
2024.10.22	03:03:17.046	0.60232				2
2024.10.22	03:03:18.878		0.60235			4
2024.10.22	03:03:19.185		0.60234			4
2024.10.22	03:03:19.877	0.60231				2
2024.10.22	03:03:20.184	0.60230	0.60233			6
2024.10.22	03:03:21.617	0.60231	0.60234			6
2024.10.22	03:03:21.936		0.60233			4
2024.10.22	03:03:22.244	0.60230				2
2024.10.22	03:03:22.558	0.60231	0.60234			6
2024.10.22	03:03:22.863	0.60232	0.60235			6
2024.10.22	03:03:23.747	0.60233				2
2024.10.22	03:03:24.871		0.60236			4
2024.10.22	03:03:25.312	0.60234				2
2024.10.22	03:03:29.633	0.60233				2
2024.10.22	03:03:36.334	0.60231	0.60234			6
2024.10.22	03:03:37.488	0.60230	0.60233			6
2024.10.22	03:03:42.292	0.60231	0.60234			6
2024.10.22	03:03:42.613		0.60233			4
2024.10.22	03:03:44.170	0.60230				2
2024.10.22	03:03:44.494	0.60231	0.60234			6
2024.10.22	03:03:45.175	0.60226	0.60229			6
2024.10.22	03:03:45.488	0.60227	0.60230			6
2024.10.22	03:03:46.262	0.60228				2
2024.10.22	03:03:46.580	0.60227				2
2024.10.22	03:03:54.458	0.60224	0.60226			6
2024.10.22	03:03:54.766	0.60221	0.60224			6
2024.10.22	03:03:56.179	0.60222	0.60225			6
2024.10.22	03:03:56.955	0.60223	0.60226			6
2024.10.22	03:04:00.741	0.60223				2
2024.10.22	03:04:03.696	0.60224				2
2024.10.22	03:04:07.016	0.60223				2
2024.10.22	03:04:08.944	0.60222	0.60224			6
2024.10.22	03:04:09.247	0.60223	0.60225			6
2024.10.22	03:04:16.312	0.60222				2
2024.10.22	03:04:16.713	0.60223				2
2024.10.22	03:04:17.022		0.60224			4
2024.10.22	03:04:20.672	0.60222				2
2024.10.22	03:04:20.974	0.60221				2
2024.10.22	03:04:25.683	0.60223				2
2024.10.22	03:04:26.429		0.60225			4
2024.10.22	03:04:32.809	0.60221	0.60223			6
2024.10.22	03:04:33.521	0.60220				2
2024.10.22	03:04:35.873	0.60221	0.60224			6
2024.10.22	03:04:48.432	0.60222				2
2024.10.22	03:04:50.187	0.60221				2
2024.10.22	03:04:50.505		0.60223			4
2024.10.22	03:04:55.980	0.60219	0.60222			6
2024.10.22	03:04:56.600	0.60220	0.60223			6
2024.10.22	03:05:00.076	0.60220				2
2024.10.22	03:05:00.419	0.60221	0.60224			6
2024.10.22	03:05:02.306		0.60223			4
2024.10.22	03:05:02.607		0.60224			4
2024.10.22	03:05:05.183		0.60223			4
2024.10.22	03:05:05.848	0.60217	0.60220			6
2024.10.22	03:05:06.159	0.60219				2
2024.10.22	03:05:06.465	0.60218				2
2024.10.22	03:05:10.978		0.60219			4
2024.10.22	03:05:12.791	0.60220	0.60221			6
2024.10.22	03:05:13.816	0.60214	0.60217			6
2024.10.22	03:05:14.122	0.60217	0.60219			6
2024.10.22	03:05:15.130		0.60220			4
2024.10.22	03:05:15.436		0.60219			4
2024.10.22	03:05:17.525		0.60220			4
2024.10.22	03:05:18.077	0.60219	0.60221			6
2024.10.22	03:05:19.752	0.60223	0.60224			6
2024.10.22	03:05:20.064	0.60222	0.60225			6
2024.10.22	03:05:20.374	0.60221	0.60223			6
2024.10.22	03:05:21.791	0.60218	0.60221			6
2024.10.22	03:05:26.327	0.60219				2
2024.10.22	03:05:28.300	0.60220	0.60222			6
2024.10.22	03:05:28.631	0.60221				2
2024.10.22	03:05:28.960	0.60219				2
2024.10.22	03:05:29.317	0.60220				2
2024.10.22	03:05:31.481	0.60217	0.60219			6
2024.10.22	03:05:31.818		0.60218			4
2024.10.22	03:05:32.177		0.60219			4
2024.10.22	03:05:32.638		0.60218			4
2024.10.22	03:05:33.015		0.60219			4
2024.10.22	03:05:34.406		0.60220			4
2024.10.22	03:05:34.877	0.60218				2
2024.10.22	03:05:35.865	0.60217				2
2024.10.22	03:05:36.764	0.60218				2
2024.10.22	03:05:42.688	0.60217				2
2024.10.22	03:05:43.446	0.60218				2
2024.10.22	03:05:44.072	0.60219	0.60222			6
2024.10.22	03:05:44.524	0.60220				2
2024.10.22	03:05:45.351	0.60219				2
2024.10.22	03:05:46.870		0.60221			4
2024.10.22	03:05:48.658		0.60222			4
2024.10.22	03:05:50.838		0.60221			4
2024.10.22	03:05:51.230	0.60218				2
2024.10.22	03:05:51.574	0.60219	0.60222			6
2024.10.22	03:05:57.757	0.60218	0.60221			6
2024.10.22	03:05:58.388	0.60219				2
2024.10.22	03:05:59.433		0.60222			4
2024.10.22	03:06:00.408	0.60220	0.60223			6
2024.10.22	03:06:01.132	0.60222	0.60224			6
2024.10.22	03:06:01.432	0.60221				2
2024.10.22	03:06:07.867	0.60222				2
2024.10.22	03:06:10.383	0.60228	0.60229			6
2024.10.22	03:06:10.717	0.60226				2
2024.10.22	03:06:13.639	0.60227	0.60230			6
2024.10.22	03:06:14.644	0.60228	0.60231			6
2024.10.22	03:06:14.947	0.60230	0.60232			6
2024.10.22	03:06:15.309	0.60229				2
2024.10.22	03:06:20.146		0.60231			4
2024.10.22	03:06:20.614	0.60227				2
2024.10.22	03:06:23.910	0.60230	0.60233			6
2024.10.22	03:06:24.219	0.60229				2
2024.10.22	03:06:27.752	0.60228	0.60232			6
2024.10.22	03:06:30.947		0.60233			4
2024.10.22	03:06:31.513		0.60231			4
2024.10.22	03:06:31.818	0.60226	0.60230			6
2024.10.22	03:06:33.405	0.60229				2
2024.10.22	03:06:33.713	0.60226				2
2024.10.22	03:06:39.132	0.60225	0.60229			6
2024.10.22	03:06:41.141		0.60228			4
2024.10.22	03:06:42.907	0.60221	0.60224			6
2024.10.22	03:06:43.804	0.60220	0.60223			6
2024.10.22	03:06:44.148	0.60219				2
2024.10.22	03:06:45.389	0.60220	0.60224			6
2024.10.22	03:06:45.704	0.60219	0.60223			6
2024.10.22	03:06:46.103	0.60220				2
2024.10.22	03:06:47.365	0.60221	0.60224			6
2024.10.22	03:06:47.901	0.60220				2
2024.10.22	03:06:49.813	0.60221				2
2024.10.22	03:06:53.993	0.60224	0.60227			6
2024.10.22	03:06:54.727		0.60226			4
2024.10.22	03:06:55.111	0.60225	0.60228			6
2024.10.22	03:06:56.237	0.60223	0.60226			6
2024.10.22	03:06:56.542		0.60227			4
2024.10.22	03:06:56.844		0.60226			4
2024.10.22	03:06:58.997	0.60222				2
2024.10.22	03:07:00.371	0.60222	0.60225			6
2024.10.22	03:07:00.693	0.60223	0.60226			6
2024.10.22	03:07:01.398	0.60222				2
2024.10.22	03:07:07.568	0.60225	0.60228			6
2024.10.22	03:07:09.249	0.60224	0.60229			6
2024.10.22	03:07:12.347		0.60228			4
2024.10.22	03:07:13.148		0.60229			4
2024.10.22	03:07:22.900	0.60222	0.60227			6
2024.10.22	03:07:28.417	0.60221	0.60226			6
2024.10.22	03:07:32.610		0.60225			4
2024.10.22	03:07:36.599		0.60226			4
2024.10.22	03:07:41.059		0.60225			4
2024.10.22	03:07:42.374	0.60222	0.60226			6
2024.10.22	03:07:42.805	0.60223				2
2024.10.22	03:07:43.120		0.60227			4
2024.10.22	03:07:44.864	0.60225	0.60228			6
2024.10.22	03:07:45.507	0.60224	0.60227			6
2024.10.22	03:07:46.543		0.60225			4
2024.10.22	03:07:46.846		0.60227			4
2024.10.22	03:07:47.164	0.60223	0.60226			6
2024.10.22	03:07:47.730	0.60222	0.60225			6
2024.10.22	03:07:48.039	0.60223	0.60226			6
2024.10.22	03:07:51.817		0.60227			4
2024.10.22	03:07:54.770		0.60226			4
2024.10.22	03:07:59.076	0.60222	0.60225			6
2024.10.22	03:07:59.781		0.60226			4
2024.10.22	03:08:00.312	0.60223	0.60227			6
2024.10.22	03:08:00.626	0.60226	0.60229			6
2024.10.22	03:08:00.928	0.60225	0.60228			6
2024.10.22	03:08:02.581	0.60226	0.60229			6
2024.10.22	03:08:04.964	0.60225	0.60228			6
2024.10.22	03:08:05.597	0.60223	0.60226			6
2024.10.22	03:08:07.868	0.60222				2
2024.10.22	03:08:10.040	0.60223				2
2024.10.22	03:08:18.219	0.60220	0.60224			6
2024.10.22	03:08:18.527	0.60219	0.60222			6
2024.10.22	03:08:20.622	0.60218	0.60223			6
2024.10.22	03:08:21.013	0.60217	0.60221			6
2024.10.22	03:08:21.649		0.60220			4
2024.10.22	03:08:21.964	0.60216				2
2024.10.22	03:08:22.953	0.60215	0.60219			6
2024.10.22	03:08:23.270	0.60213	0.60218			6
2024.10.22	03:08:24.347	0.60214				2
2024.10.22	03:08:24.657	0.60215				2
2024.10.22	03:08:24.962		0.60219			4
2024.10.22	03:08:25.322	0.60217	0.60221			6
2024.10.22	03:08:29.986	0.60216	0.60220			6
2024.10.22	03:08:30.379	0.60215	0.60219			6
2024.10.22	03:08:38.855	0.60217	0.60221			6
2024.10.22	03:08:39.896		0.60220			4
2024.10.22	03:08:40.282		0.60221			4
2024.10.22	03:08:40.663	0.60215	0.60219			6
2024.10.22	03:08:42.460	0.60216	0.60220			6
2024.10.22	03:08:42.768	0.60217	0.60221			6
2024.10.22	03:08:43.318	0.60218				2
2024.10.22	03:08:43.951	0.60211	0.60214			6
2024.10.22	03:08:44.258	0.60212	0.60215			6
2024.10.22	03:08:44.620	0.60213	0.60217			6
2024.10.22	03:08:45.662		0.60216			4
2024.10.22	03:08:53.428	0.60215	0.60218			6
2024.10.22	03:08:54.477	0.60216	0.60219			6
2024.10.22	03:08:54.900	0.60215				2
2024.10.22	03:08:57.218	0.60216				2
2024.10.22	03:08:59.576	0.60215				2
2024.10.22	03:09:00.363	0.60215				2
2024.10.22	03:09:03.018	0.60218				2
2024.10.22	03:09:03.321	0.60215				2
2024.10.22	03:09:07.906	0.60216	0.60218			6
2024.10.22	03:09:08.455	0.60219	0.60222			6
2024.10.22	03:09:12.403	0.60221				2
2024.10.22	03:09:12.969	0.60218	0.60221			6
2024.10.22	03:09:15.767	0.60217				2
2024.10.22	03:09:17.100	0.60219	0.60222			6
2024.10.22	03:09:17.404	0.60220				2
2024.10.22	03:09:18.167	0.60218	0.60221			6
2024.10.22	03:09:18.470		0.60222			4
2024.10.22	03:09:19.312	0.60219				2
2024.10.22	03:09:19.625	0.60220				2
2024.10.22	03:09:20.355	0.60223	0.60224			6
2024.10.22	03:09:21.712	0.60222				2
2024.10.22	03:09:22.897		0.60226			4
2024.10.22	03:09:30.682		0.60225			4
2024.10.22	03:09:34.387	0.60224	0.60227			6
2024.10.22	03:09:34.699	0.60225	0.60228			6
2024.10.22	03:09:36.387	0.60224				2
2024.10.22	03:09:36.776	0.60225				2
2024.10.22	03:09:38.764	0.60224				2
2024.10.22	03:09:40.114	0.60225				2
2024.10.22	03:09:51.502	0.60222	0.60226			6
2024.10.22	03:09:52.860	0.60224	0.60228			6
2024.10.22	03:09:53.904	0.60223	0.60226			6
2024.10.22	03:09:55.866	0.60224	0.60227			6
2024.10.22	03:09:58.338	0.60223	0.60226			6
2024.10.22	03:10:00.389	0.60224	0.60227			6
2024.10.22	03:10:02.970		0.60226			4
2024.10.22	03:10:04.067	0.60223				2
2024.10.22	03:10:05.024		0.60227			4
2024.10.22	03:10:07.230		0.60226			4
2024.10.22	03:10:08.814	0.60226	0.60228			6
2024.10.22	03:10:11.240	0.60230	0.60232			6
2024.10.22	03:10:11.922	0.60229				2
2024.10.22	03:10:12.764		0.60233			4
2024.10.22	03:10:14.969	0.60230				2
2024.10.22	03:10:19.251	0.60232	0.60236			6
2024.10.22	03:10:19.567		0.60235			4
2024.10.22	03:10:21.386	0.60231	0.60233			6
2024.10.22	03:10:30.038	0.60233	0.60236			6
2024.10.22	03:10:35.463	0.60234				2
2024.10.22	03:10:36.466	0.60235	0.60237			6
2024.10.22	03:10:37.680		0.60238			4
2024.10.22	03:10:43.552	0.60237				2
2024.10.22	03:10:43.867	0.60241	0.60243			6
2024.10.22	03:10:50.001	0.60243	0.60245			6
2024.10.22	03:10:52.160		0.60244			4
2024.10.22	03:10:53.347		0.60245			4
2024.10.22	03:10:56.183	0.60241				2
2024.10.22	03:10:56.504	0.60242				2
2024.10.22	03:10:58.697	0.60243				2
2024.10.22	03:10:59.439	0.60242				2
2024.10.22	03:11:00.191	0.60242				2
2024.10.22	03:11:03.536	0.60241				2
2024.10.22	03:11:03.877	0.60242				2
2024.10.22	03:11:04.209		0.60244			4
2024.10.22	03:11:05.129		0.60245			4
2024.10.22	03:11:05.439	0.60243	0.60246			6
2024.10.22	03:11:07.328	0.60242	0.60244			6
2024.10.22	03:11:10.520		0.60243			4
2024.10.22	03:11:10.825	0.60239	0.60242			6
2024.10.22	03:11:11.950	0.60237	0.60239			6
2024.10.22	03:11:12.268	0.60239	0.60243			6
2024.10.22	03:11:12.628	0.60240				2
2024.10.22	03:11:15.418	0.60239	0.60242			6
2024.10.22	03:11:15.936	0.60240	0.60243			6
2024.10.22	03:11:16.303	0.60239	0.60242			6
2024.10.22	03:11:16.628	0.60240	0.60243			6
2024.10.22	03:11:17.261	0.60239	0.60242			6
2024.10.22	03:11:21.692	0.60240	0.60243			6
2024.10.22	03:11:23.747	0.60238	0.60241			6
2024.10.22	03:11:24.056		0.60240			4
2024.10.22	03:11:28.690		0.60241			4
2024.10.22	03:11:29.002	0.60234	0.60237			6
2024.10.22	03:11:29.349	0.60235	0.60238			6
2024.10.22	03:11:29.654	0.60234	0.60237			6
2024.10.22	03:11:29.993		0.60236			4
2024.10.22	03:11:30.298	0.60233	0.60235			6
2024.10.22	03:11:31.159		0.60236			4
2024.10.22	03:11:34.233	0.60232	0.60235			6
2024.10.22	03:11:34.558	0.60233	0.60236			6
2024.10.22	03:11:40.995		0.60235			4
2024.10.22	03:11:41.646		0.60234			4
2024.10.22	03:11:41.968	0.60231	0.60233			6
2024.10.22	03:11:42.295	0.60230				2
2024.10.22	03:11:46.612		0.60232			4
2024.10.22	03:11:46.966		0.60233			4
2024.10.22	03:11:47.698	0.60233	0.60234			6
2024.10.22	03:11:48.008	0.60232	0.60235			6
2024.10.22	03:11:50.260	0.60230	0.60232			6
2024.10.22	03:11:50.906		0.60233			4
2024.10.22	03:11:51.626		0.60234			4
2024.10.22	03:11:56.897	0.60225	0.60229			6
2024.10.22	03:12:00.107	0.60225	0.60230			6
2024.10.22	03:12:00.410	0.60226				2
2024.10.22	03:12:03.834	0.60228	0.60232			6
2024.10.22	03:12:04.247	0.60227				2
2024.10.22	03:12:04.586		0.60231			4
2024.10.22	03:12:06.630	0.60225	0.60229			6
2024.10.22	03:12:07.032		0.60228			4
2024.10.22	03:12:07.756	0.60224				2
2024.10.22	03:12:08.803	0.60225	0.60229			6
2024.10.22	03:12:09.415	0.60226				2
2024.10.22	03:12:11.122	0.60224	0.60228			6
2024.10.22	03:12:12.656	0.60225				2
2024.10.22	03:12:13.007		0.60229			4
2024.10.22	03:12:14.109		0.60228			4
2024.10.22	03:12:14.670		0.60229			4
2024.10.22	03:12:14.974		0.60228			4
2024.10.22	03:12:15.284		0.60229			4
2024.10.22	03:12:16.785	0.60224				2
2024.10.22	03:12:17.437	0.60225				2
2024.10.22	03:12:18.343	0.60224				2
2024.10.22	03:12:18.665		0.60228			4
2024.10.22	03:12:19.286	0.60225	0.60229			6
2024.10.22	03:12:23.011	0.60222	0.60226			6
2024.10.22	03:12:23.360	0.60223				2
2024.10.22	03:12:24.433		0.60227			4
2024.10.22	03:12:27.244	0.60220	0.60224			6
2024.10.22	03:12:29.837	0.60221				2
2024.10.22	03:12:30.744	0.60223				2
2024.10.22	03:12:31.184	0.60221				2
2024.10.22	03:12:32.294	0.60223				2
2024.10.22	03:12:32.694	0.60224	0.60225			6
2024.10.22	03:12:33.015	0.60221	0.60224			6
2024.10.22	03:12:33.371	0.60220				2
2024.10.22	03:12:33.752		0.60223			4
2024.10.22	03:12:34.056	0.60221				2
2024.10.22	03:12:37.264	0.60220				2
2024.10.22	03:12:37.565	0.60221				2
2024.10.22	03:12:38.206	0.60220				2
2024.10.22	03:12:42.219	0.60221				2
2024.10.22	03:12:43.318	0.60220				2
2024.10.22	03:12:44.900		0.60224			4
2024.10.22	03:12:45.796	0.60221	0.60225			6
2024.10.22	03:12:46.935	0.60224	0.60226			6
2024.10.22	03:12:47.294		0.60227			4
2024.10.22	03:12:50.713	0.60225				2
2024.10.22	03:12:52.511	0.60224				2
2024.10.22	03:12:53.890	0.60223	0.60225			6
2024.10.22	03:12:54.204	0.60221	0.60224			6
2024.10.22	03:12:57.122	0.60220				2
2024.10.22	03:13:00.112	0.60220				2
2024.10.22	03:13:01.527		0.60223			4
2024.10.22	03:13:02.989	0.60219				2
2024.10.22	03:13:04.690	0.60220				2
2024.10.22	03:13:08.968	0.60219				2
2024.10.22	03:13:09.737		0.60222			4
2024.10.22	03:13:10.097		0.60223			4
2024.10.22	03:13:12.021	0.60222	0.60226			6
2024.10.22	03:13:13.258	0.60223				2
2024.10.22	03:13:20.103	0.60222				2
2024.10.22	03:13:22.844	0.60223				2
2024.10.22	03:13:23.501	0.60218	0.60222			6
2024.10.22	03:13:30.685	0.60219				2
2024.10.22	03:13:32.999		0.60223			4
2024.10.22	03:13:34.594	0.60218	0.60222			6
2024.10.22	03:13:37.571	0.60219	0.60223			6
2024.10.22	03:13:40.583	0.60220				2
2024.10.22	03:13:41.733	0.60215	0.60216			6
2024.10.22	03:13:42.078	0.60214				2
2024.10.22	03:13:42.467	0.60211	0.60215			6
2024.10.22	03:13:42.771	0.60214	0.60218			6
2024.10.22	03:13:43.107	0.60213	0.60216			6
2024.10.22	03:13:45.527	0.60214	0.60217			6
2024.10.22	03:13:46.242	0.60213				2
2024.10.22	03:13:46.664	0.60214				2
2024.10.22	03:13:48.366	0.60213	0.60216			6
2024.10.22	03:13:51.946	0.60214	0.60218			6
2024.10.22	03:13:52.293		0.60217			4
2024.10.22	03:14:00.415	0.60214				2
2024.10.22	03:14:02.691	0.60216	0.60219			6
2024.10.22	03:14:03.007	0.60218	0.60221			6
