<DATE>	<TIME>	<BID>	<ASK>	<LAST>	<VOLUME>	<FLAGS>
2024.12.05	00:00:00.162	0.58484	0.58526			6
2024.12.05	00:00:00.673	0.58463	0.58524			6
2024.12.05	00:00:31.202	0.58464				2
2024.12.05	00:01:00.206	0.58464				2
2024.12.05	00:01:00.809		0.58524			4
2024.12.05	00:01:08.966	0.58469				2
2024.12.05	00:01:44.365	0.58468				2
2024.12.05	00:01:45.576	0.58469				2
2024.12.05	00:02:00.075	0.58469				2
2024.12.05	00:02:00.982		0.58524			4
2024.12.05	00:03:00.041	0.58469				2
2024.12.05	00:03:00.644		0.58525			4
2024.12.05	00:03:07.292		0.58526			4
2024.12.05	00:03:50.301		0.58525			4
2024.12.05	00:03:57.598	0.58474				2
2024.12.05	00:04:00.016	0.58474				2
2024.12.05	00:04:26.604		0.58526			4
2024.12.05	00:04:27.157		0.58525			4
2024.12.05	00:05:00.095	0.58474				2
2024.12.05	00:05:27.287		0.58525			4
2024.12.05	00:06:00.218	0.58474				2
2024.12.05	00:06:27.459		0.58525			4
2024.12.05	00:06:49.565	0.58480	0.58522			6
2024.12.05	00:07:04.518	0.58480				2
2024.12.05	00:07:14.548		0.58523			4
2024.12.05	00:07:16.079	0.58479	0.58522			6
2024.12.05	00:07:26.501	0.58477	0.58520			6
2024.12.05	00:07:27.505		0.58519			4
2024.12.05	00:07:27.997		0.58520			4
2024.12.05	00:07:45.051		0.58519			4
2024.12.05	00:07:47.135	0.58472	0.58516			6
2024.12.05	00:08:04.605	0.58472				2
2024.12.05	00:08:14.108	0.58471	0.58514			6
2024.12.05	00:08:14.621	0.58472	0.58516			6
2024.12.05	00:09:04.997	0.58472				2
2024.12.05	00:09:15.025		0.58516			4
2024.12.05	00:10:05.207	0.58472				2
2024.12.05	00:10:14.588		0.58515			4
2024.12.05	00:11:05.484	0.58472				2
2024.12.05	00:11:15.509		0.58515			4
2024.12.05	00:11:18.199		0.58516			4
2024.12.05	00:11:18.689		0.58515			4
2024.12.05	00:11:26.391		0.58516			4
2024.12.05	00:11:26.885		0.58517			4
2024.12.05	00:11:39.166	0.58471	0.58514			6
2024.12.05	00:12:00.740	0.58471				2
2024.12.05	00:12:01.662		0.58519			4
2024.12.05	00:13:01.666	0.58471	0.58519			6
2024.12.05	00:13:08.525	0.58469				2
2024.12.05	00:13:14.885	0.58470				2
2024.12.05	00:13:15.188	0.58471				2
2024.12.05	00:13:30.496	0.58472	0.58526			6
2024.12.05	00:13:33.461	0.58471				2
2024.12.05	00:13:39.488	0.58472	0.58530			6
2024.12.05	00:13:46.152		0.58532			4
2024.12.05	00:13:56.204	0.58475				2
2024.12.05	00:14:01.855	0.58475				2
2024.12.05	00:14:06.277		0.58534			4
2024.12.05	00:14:16.308	0.58473				2
2024.12.05	00:14:21.395	0.58474				2
2024.12.05	00:14:27.379	0.58478	0.58536			6
2024.12.05	00:14:28.012	0.58480				2
2024.12.05	00:14:34.356		0.58533			4
2024.12.05	00:14:43.115	0.58478				2
2024.12.05	00:14:47.648		0.58529			4
2024.12.05	00:14:53.741	0.58480				2
2024.12.05	00:14:57.668	0.58477				2
2024.12.05	00:15:00.084	0.58477				2
2024.12.05	00:15:25.209	0.58471				2
2024.12.05	00:15:29.439		0.58528			4
2024.12.05	00:15:37.595		0.58530			4
2024.12.05	00:15:44.183	0.58474				2
2024.12.05	00:15:44.724	0.58477				2
2024.12.05	00:15:45.299	0.58479				2
2024.12.05	00:15:58.175	0.58475				2
2024.12.05	00:16:37.002	0.58477				2
2024.12.05	00:16:37.576	0.58474				2
2024.12.05	00:17:35.301	0.58474	0.58530			6
2024.12.05	00:18:41.384	0.58471	0.58530			6
2024.12.05	00:18:42.391	0.58473				2
2024.12.05	00:19:55.955	0.58473	0.58530			6
2024.12.05	00:20:12.979	0.58473				2
2024.12.05	00:21:25.300	0.58471	0.58530			6
2024.12.05	00:21:26.650	0.58474				2
2024.12.05	00:21:36.736	0.58477	0.58519			6
2024.12.05	00:21:38.841	0.58476	0.58518			6
2024.12.05	00:21:41.403	0.58479	0.58521			6
2024.12.05	00:21:59.824	0.58480	0.58522			6
2024.12.05	00:22:01.362	0.58481	0.58524			6
2024.12.05	00:22:03.879	0.58480	0.58528			6
2024.12.05	00:22:04.811		0.58525			4
2024.12.05	00:22:05.952		0.58523			4
2024.12.05	00:22:17.037		0.58524			4
2024.12.05	00:22:22.208		0.58523			4
2024.12.05	00:22:37.022	0.58479	0.58521			6
2024.12.05	00:22:41.980	0.58480	0.58522			6
2024.12.05	00:22:46.515	0.58479	0.58521			6
2024.12.05	00:22:54.814	0.58481	0.58523			6
2024.12.05	00:22:55.592	0.58482	0.58524			6
2024.12.05	00:22:57.406	0.58481	0.58523			6
2024.12.05	00:23:00.616	0.58482	0.58524			6
2024.12.05	00:23:46.526	0.58479	0.58521			6
2024.12.05	00:23:51.922	0.58480	0.58522			6
2024.12.05	00:24:16.080	0.58480				2
2024.12.05	00:24:18.867	0.58481	0.58523			6
2024.12.05	00:25:05.640	0.58480	0.58522			6
2024.12.05	00:25:19.654	0.58479	0.58521			6
2024.12.05	00:25:20.161	0.58480	0.58522			6
2024.12.05	00:26:51.917	0.58480	0.58522			6
2024.12.05	00:27:20.252	0.58480				2
2024.12.05	00:27:41.279	0.58478	0.58520			6
2024.12.05	00:27:51.937	0.58479	0.58527			6
2024.12.05	00:28:09.385	0.58479				2
2024.12.05	00:28:18.871	0.58480				2
2024.12.05	00:28:52.012		0.58527			4
2024.12.05	00:29:03.863	0.58482				2
2024.12.05	00:30:00.417	0.58480	0.58527			6
2024.12.05	00:30:04.608	0.58481				2
2024.12.05	00:30:28.481	0.58482	0.58528			6
2024.12.05	00:30:34.340	0.58473	0.58530			6
2024.12.05	00:30:52.673	0.58469				2
2024.12.05	00:31:01.434	0.58484	0.58534			6
2024.12.05	00:31:03.528		0.58535			4
2024.12.05	00:31:05.249		0.58536			4
2024.12.05	00:31:09.549	0.58476	0.58532			6
2024.12.05	00:31:18.477	0.58472				2
2024.12.05	00:31:37.697		0.58533			4
2024.12.05	00:31:50.945	0.58471				2
2024.12.05	00:31:52.167	0.58472				2
2024.12.05	00:31:53.978	0.58473				2
2024.12.05	00:31:56.093	0.58480				2
2024.12.05	00:32:01.548	0.58475				2
2024.12.05	00:32:08.279	0.58477				2
2024.12.05	00:32:37.811	0.58478	0.58533			6
2024.12.05	00:32:46.432	0.58473				2
2024.12.05	00:32:47.025	0.58472				2
2024.12.05	00:32:58.582		0.58532			4
2024.12.05	00:33:00.093	0.58472				2
2024.12.05	00:33:01.907	0.58471				2
2024.12.05	00:33:07.958		0.58533			4
2024.12.05	00:33:14.041	0.58472				2
2024.12.05	00:33:15.854		0.58532			4
2024.12.05	00:33:30.053		0.58533			4
2024.12.05	00:33:37.608		0.58532			4
2024.12.05	00:33:43.347	0.58471				2
2024.12.05	00:34:00.266	0.58471				2
2024.12.05	00:34:03.287		0.58533			4
2024.12.05	00:34:32.643		0.58532			4
2024.12.05	00:34:36.871		0.58528			4
2024.12.05	00:34:51.119	0.58478	0.58534			6
2024.12.05	00:34:51.452		0.58536			4
2024.12.05	00:34:51.765	0.58480	0.58537			6
2024.12.05	00:34:52.759	0.58478	0.58538			6
2024.12.05	00:34:53.063	0.58476	0.58536			6
2024.12.05	00:34:55.546	0.58475				2
2024.12.05	00:34:59.481		0.58534			4
2024.12.05	00:34:59.781	0.58479				2
2024.12.05	00:35:00.150	0.58481				2
2024.12.05	00:35:01.315		0.58536			4
2024.12.05	00:35:01.626		0.58537			4
2024.12.05	00:35:02.754		0.58535			4
2024.12.05	00:35:10.957		0.58536			4
2024.12.05	00:35:13.166	0.58476				2
2024.12.05	00:35:14.761	0.58478	0.58535			6
2024.12.05	00:35:15.118	0.58477	0.58536			6
2024.12.05	00:35:21.333	0.58476	0.58533			6
2024.12.05	00:35:21.721		0.58534			4
2024.12.05	00:35:27.340		0.58533			4
2024.12.05	00:35:32.683		0.58532			4
2024.12.05	00:35:37.185	0.58474	0.58529			6
2024.12.05	00:35:37.528		0.58530			4
2024.12.05	00:35:38.222		0.58529			4
2024.12.05	00:35:38.528		0.58530			4
2024.12.05	00:35:38.828		0.58529			4
2024.12.05	00:35:47.691		0.58531			4
2024.12.05	00:35:53.970		0.58532			4
2024.12.05	00:36:02.438	0.58474				2
2024.12.05	00:36:03.187	0.58477				2
2024.12.05	00:36:06.648	0.58480				2
2024.12.05	00:36:22.050	0.58482				2
2024.12.05	00:36:30.473	0.58480				2
2024.12.05	00:36:37.188		0.58531			4
2024.12.05	00:36:54.015	0.58483	0.58532			6
2024.12.05	00:36:55.256	0.58480	0.58531			6
2024.12.05	00:36:56.466	0.58482				2
2024.12.05	00:37:00.485	0.58479	0.58532			6
2024.12.05	00:37:09.760		0.58533			4
2024.12.05	00:37:11.582	0.58478	0.58529			6
2024.12.05	00:37:12.231		0.58527			4
2024.12.05	00:37:20.756		0.58529			4
2024.12.05	00:37:27.047	0.58484	0.58528			6
2024.12.05	00:37:28.021		0.58529			4
2024.12.05	00:37:33.204		0.58530			4
2024.12.05	00:37:38.687	0.58485				2
2024.12.05	00:37:48.805	0.58484	0.58529			6
2024.12.05	00:37:49.800	0.58485	0.58530			6
2024.12.05	00:37:50.704		0.58529			4
2024.12.05	00:38:00.279	0.58485				2
2024.12.05	00:38:01.255		0.58528			4
2024.12.05	00:38:10.718	0.58484				2
2024.12.05	00:38:14.740	0.58482	0.58526			6
2024.12.05	00:38:17.566		0.58529			4
2024.12.05	00:39:12.694	0.58483	0.58530			6
2024.12.05	00:39:14.807	0.58482				2
2024.12.05	00:39:48.279	0.58483				2
2024.12.05	00:39:48.782	0.58482				2
2024.12.05	00:39:51.928		0.58529			4
2024.12.05	00:40:15.627	0.58482				2
2024.12.05	00:40:52.010		0.58529			4
2024.12.05	00:41:05.646	0.58482				2
2024.12.05	00:41:52.023		0.58529			4
2024.12.05	00:41:56.903	0.58489	0.58530			6
2024.12.05	00:41:57.870	0.58490				2
2024.12.05	00:42:00.189	0.58490				2
2024.12.05	00:42:00.667	0.58486				2
2024.12.05	00:42:12.249	0.58487				2
2024.12.05	00:42:28.910	0.58486				2
2024.12.05	00:42:46.498	0.58488				2
2024.12.05	00:42:46.987	0.58487				2
2024.12.05	00:42:57.951		0.58530			4
2024.12.05	00:43:05.441	0.58487				2
2024.12.05	00:44:00.692	0.58487	0.58530			6
2024.12.05	00:44:02.202	0.58488				2
2024.12.05	00:45:06.047	0.58488	0.58530			6
2024.12.05	00:45:07.963	0.58500	0.58517			6
2024.12.05	00:45:33.344	0.58501				2
2024.12.05	00:45:48.341	0.58499				2
2024.12.05	00:46:00.618	0.58499				2
2024.12.05	00:46:07.048		0.58520			4
2024.12.05	00:46:15.947		0.58516			4
2024.12.05	00:46:23.584		0.58518			4
2024.12.05	00:46:27.215		0.58516			4
2024.12.05	00:46:30.784		0.58518			4
2024.12.05	00:46:35.725		0.58519			4
2024.12.05	00:46:41.291		0.58518			4
2024.12.05	00:47:02.100	0.58488	0.58525			6
2024.12.05	00:47:03.948	0.58496	0.58518			6
2024.12.05	00:47:11.422	0.58504	0.58517			6
2024.12.05	00:47:29.949		0.58516			4
2024.12.05	00:48:00.647	0.58504				2
2024.12.05	00:48:05.094	0.58499				2
2024.12.05	00:48:11.185	0.58504	0.58524			6
2024.12.05	00:49:00.415	0.58504				2
2024.12.05	00:49:11.309		0.58524			4
2024.12.05	00:50:01.302	0.58504				2
2024.12.05	00:50:11.899	0.58502	0.58525			6
2024.12.05	00:50:24.400		0.58526			4
2024.12.05	00:51:05.382	0.58502	0.58525			6
2024.12.05	00:51:30.019	0.58501				2
2024.12.05	00:52:07.221	0.58501	0.58525			6
2024.12.05	00:52:08.375		0.58524			4
2024.12.05	00:52:14.925	0.58504	0.58527			6
2024.12.05	00:52:22.457		0.58526			4
2024.12.05	00:52:35.759	0.58505	0.58528			6
2024.12.05	00:52:40.198		0.58527			4
2024.12.05	00:52:40.547	0.58504	0.58526			6
2024.12.05	00:52:46.244	0.58505	0.58527			6
2024.12.05	00:52:46.844	0.58504				2
2024.12.05	00:52:57.052		0.58526			4
2024.12.05	00:53:01.178	0.58504	0.58527			6
2024.12.05	00:53:01.547	0.58505				2
2024.12.05	00:53:18.096	0.58504	0.58526			6
2024.12.05	00:53:53.249	0.58501	0.58524			6
2024.12.05	00:53:57.550	0.58502				2
2024.12.05	00:54:07.501	0.58504	0.58526			6
2024.12.05	00:54:07.920		0.58524			4
2024.12.05	00:54:09.721		0.58523			4
2024.12.05	00:55:00.416	0.58504	0.58520			6
2024.12.05	00:55:12.538		0.58515			4
2024.12.05	00:55:22.323	0.58499	0.58510			6
2024.12.05	00:55:38.543	0.58489	0.58505			6
2024.12.05	00:55:38.848	0.58494	0.58500			6
2024.12.05	00:55:39.873	0.58491	0.58504			6
2024.12.05	00:55:40.201		0.58505			4
2024.12.05	00:55:51.813	0.58500	0.58515			6
2024.12.05	00:55:52.118	0.58501				2
2024.12.05	00:55:52.442	0.58502	0.58514			6
2024.12.05	00:55:54.866		0.58515			4
2024.12.05	00:56:00.335	0.58502				2
2024.12.05	00:56:02.695	0.58504				2
2024.12.05	00:56:06.507	0.58501	0.58510			6
2024.12.05	00:56:07.316	0.58500				2
2024.12.05	00:56:12.774	0.58501				2
2024.12.05	00:56:16.089	0.58500				2
2024.12.05	00:56:24.096	0.58495	0.58504			6
2024.12.05	00:56:24.405	0.58494	0.58509			6
2024.12.05	00:56:29.442	0.58495				2
2024.12.05	00:56:43.789	0.58492	0.58504			6
2024.12.05	00:56:44.218	0.58491				2
2024.12.05	00:56:51.908		0.58505			4
2024.12.05	00:56:54.699	0.58487	0.58500			6
2024.12.05	00:57:05.644	0.58487				2
2024.12.05	00:57:16.327	0.58493	0.58510			6
2024.12.05	00:57:29.562	0.58494				2
2024.12.05	00:57:31.899	0.58493				2
2024.12.05	00:57:32.508	0.58498	0.58515			6
2024.12.05	00:57:39.566	0.58499				2
2024.12.05	00:57:49.870	0.58498	0.58510			6
2024.12.05	00:57:50.394	0.58497				2
2024.12.05	00:57:53.563	0.58498				2
2024.12.05	00:58:02.954	0.58498				2
2024.12.05	00:58:03.256	0.58497				2
2024.12.05	00:58:05.507	0.58500				2
2024.12.05	00:58:08.928	0.58497				2
2024.12.05	00:58:09.241	0.58496				2
2024.12.05	00:58:13.961		0.58507			4
2024.12.05	00:58:17.593		0.58508			4
2024.12.05	00:58:22.775	0.58491	0.58504			6
2024.12.05	00:58:30.524	0.58489	0.58502			6
2024.12.05	00:58:30.844		0.58501			4
2024.12.05	00:58:32.391		0.58503			4
2024.12.05	00:58:51.884		0.58501			4
2024.12.05	00:59:00.169	0.58489	0.58503			6
2024.12.05	00:59:05.461	0.58486	0.58499			6
2024.12.05	00:59:07.755		0.58500			4
2024.12.05	00:59:21.660	0.58488	0.58504			6
2024.12.05	00:59:24.279		0.58503			4
2024.12.05	00:59:24.714		0.58504			4
2024.12.05	00:59:25.685		0.58503			4
2024.12.05	00:59:27.709		0.58504			4
2024.12.05	00:59:32.998		0.58503			4
2024.12.05	00:59:36.439		0.58504			4
2024.12.05	01:00:00.042	0.58488	0.58502			6
2024.12.05	01:00:00.375		0.58497			4
2024.12.05	01:00:00.682	0.58485	0.58494			6
2024.12.05	01:00:00.984	0.58483	0.58492			6
2024.12.05	01:00:01.287	0.58485	0.58494			6
2024.12.05	01:00:02.221	0.58483	0.58493			6
2024.12.05	01:00:03.131	0.58485	0.58495			6
2024.12.05	01:00:04.357	0.58486	0.58494			6
2024.12.05	01:00:04.661	0.58488	0.58497			6
2024.12.05	01:00:06.475	0.58486	0.58495			6
2024.12.05	01:00:07.108	0.58487	0.58496			6
2024.12.05	01:00:07.410	0.58482	0.58491			6
2024.12.05	01:00:07.714	0.58484	0.58493			6
2024.12.05	01:00:13.860	0.58485				2
2024.12.05	01:00:14.807	0.58484				2
2024.12.05	01:00:15.740	0.58489				2
2024.12.05	01:00:18.120	0.58491	0.58500			6
2024.12.05	01:00:18.747	0.58490	0.58499			6
2024.12.05	01:00:19.050	0.58491	0.58498			6
2024.12.05	01:00:19.365	0.58490	0.58497			6
2024.12.05	01:00:19.704	0.58491				2
2024.12.05	01:00:20.611	0.58490				2
2024.12.05	01:00:23.331	0.58491				2
2024.12.05	01:00:23.935	0.58490				2
2024.12.05	01:00:25.144	0.58486	0.58495			6
2024.12.05	01:00:39.653	0.58487				2
2024.12.05	01:00:39.955		0.58496			4
2024.12.05	01:00:40.257	0.58489	0.58494			6
2024.12.05	01:00:42.372	0.58491	0.58496			6
2024.12.05	01:00:45.092	0.58496	0.58501			6
2024.12.05	01:00:59.651	0.58498	0.58503			6
2024.12.05	01:01:00.254	0.58498				2
2024.12.05	01:01:06.098	0.58496	0.58501			6
2024.12.05	01:01:14.866	0.58495	0.58499			6
2024.12.05	01:01:15.470	0.58496	0.58501			6
2024.12.05	01:01:16.377	0.58497				2
2024.12.05	01:01:26.351	0.58498				2
2024.12.05	01:01:26.652		0.58499			4
2024.12.05	01:01:26.956	0.58497	0.58500			6
2024.12.05	01:01:30.027		0.58501			4
2024.12.05	01:01:30.337	0.58498				2
2024.12.05	01:01:36.425	0.58497	0.58500			6
2024.12.05	01:01:39.751		0.58501			4
2024.12.05	01:01:40.658		0.58500			4
2024.12.05	01:02:00.303	0.58497				2
2024.12.05	01:02:29.673	0.58496	0.58499			6
2024.12.05	01:02:31.485	0.58502	0.58506			6
2024.12.05	01:02:31.788	0.58506	0.58509			6
2024.12.05	01:02:32.392	0.58505				2
2024.12.05	01:02:44.482	0.58506	0.58510			6
2024.12.05	01:02:48.161	0.58505	0.58509			6
2024.12.05	01:02:54.023	0.58506	0.58510			6
2024.12.05	01:03:00.099	0.58506				2
2024.12.05	01:03:16.121		0.58511			4
2024.12.05	01:03:16.434	0.58510	0.58514			6
2024.12.05	01:03:17.076	0.58508	0.58513			6
2024.12.05	01:03:39.143	0.58509				2
2024.12.05	01:03:56.117	0.58510	0.58514			6
2024.12.05	01:04:00.100	0.58510				2
2024.12.05	01:04:01.308	0.58511	0.58515			6
2024.12.05	01:04:02.215	0.58512	0.58516			6
2024.12.05	01:04:04.029		0.58515			4
2024.12.05	01:04:17.629	0.58513	0.58516			6
2024.12.05	01:04:28.285	0.58514				2
2024.12.05	01:04:57.426	0.58510	0.58513			6
2024.12.05	01:04:58.076	0.58511	0.58514			6
2024.12.05	01:05:00.193	0.58511				2
2024.12.05	01:05:00.494	0.58507	0.58510			6
2024.12.05	01:05:02.057	0.58508	0.58511			6
2024.12.05	01:05:02.661	0.58507				2
2024.12.05	01:05:05.079	0.58509	0.58513			6
2024.12.05	01:05:14.147	0.58506	0.58509			6
2024.12.05	01:05:14.449		0.58508			4
2024.12.05	01:05:19.287		0.58507			4
2024.12.05	01:05:32.890	0.58505				2
2024.12.05	01:05:37.122	0.58506				2
2024.12.05	01:05:37.424	0.58505	0.58508			6
2024.12.05	01:05:43.772	0.58506	0.58510			6
2024.12.05	01:05:44.376	0.58507	0.58511			6
2024.12.05	01:05:44.678	0.58508	0.58512			6
2024.12.05	01:05:46.239		0.58511			4
2024.12.05	01:05:46.541	0.58507				2
2024.12.05	01:05:55.308		0.58510			4
2024.12.05	01:06:00.144	0.58507				2
2024.12.05	01:06:01.352		0.58509			4
2024.12.05	01:06:01.655	0.58505	0.58508			6
2024.12.05	01:06:03.771		0.58509			4
2024.12.05	01:06:04.376		0.58508			4
2024.12.05	01:06:06.189	0.58504				2
2024.12.05	01:06:07.396	0.58505	0.58509			6
2024.12.05	01:06:10.422	0.58504	0.58508			6
2024.12.05	01:06:10.725	0.58503	0.58507			6
2024.12.05	01:06:15.359		0.58506			4
2024.12.05	01:06:30.167	0.58504	0.58507			6
2024.12.05	01:07:00.244	0.58504				2
2024.12.05	01:07:09.664	0.58506	0.58509			6
2024.12.05	01:07:17.829	0.58504	0.58507			6
2024.12.05	01:07:52.380	0.58506	0.58509			6
2024.12.05	01:07:54.851	0.58505	0.58508			6
2024.12.05	01:08:00.295	0.58505				2
2024.12.05	01:08:45.145	0.58506				2
2024.12.05	01:08:55.124		0.58508			4
2024.12.05	01:09:00.264	0.58506				2
2024.12.05	01:09:18.103	0.58508	0.58509			6
2024.12.05	01:09:18.409	0.58510	0.58512			6
2024.12.05	01:09:19.312	0.58509	0.58513			6
2024.12.05	01:09:32.854	0.58510				2
2024.12.05	01:09:35.327	0.58509				2
2024.12.05	01:09:42.612		0.58512			4
2024.12.05	01:10:00.305	0.58509				2
2024.12.05	01:10:27.160	0.58506	0.58509			6
2024.12.05	01:10:29.326		0.58508			4
2024.12.05	01:10:35.423	0.58509	0.58511			6
2024.12.05	01:10:37.310	0.58507				2
2024.12.05	01:10:37.642		0.58512			4
2024.12.05	01:10:47.374		0.58510			4
2024.12.05	01:10:48.381		0.58511			4
2024.12.05	01:10:50.801		0.58512			4
2024.12.05	01:10:57.456	0.58503	0.58508			6
2024.12.05	01:10:58.216		0.58509			4
2024.12.05	01:11:00.029	0.58503				2
2024.12.05	01:11:00.331	0.58502	0.58508			6
2024.12.05	01:11:03.409		0.58507			4
2024.12.05	01:11:03.711	0.58501				2
2024.12.05	01:11:04.365	0.58502	0.58508			6
2024.12.05	01:11:05.020		0.58507			4
2024.12.05	01:11:06.910	0.58503				2
2024.12.05	01:11:11.946		0.58506			4
2024.12.05	01:11:16.316	0.58501	0.58505			6
2024.12.05	01:11:27.808	0.58500				2
2024.12.05	01:11:31.596	0.58502	0.58506			6
2024.12.05	01:11:46.159		0.58504			4
2024.12.05	01:11:46.462	0.58494	0.58499			6
2024.12.05	01:11:47.419	0.58493				2
2024.12.05	01:11:50.195	0.58494				2
2024.12.05	01:11:52.172	0.58495	0.58500			6
2024.12.05	01:11:52.484	0.58496				2
2024.12.05	01:11:53.166	0.58492	0.58496			6
2024.12.05	01:11:53.769	0.58491	0.58493			6
2024.12.05	01:11:54.076	0.58488	0.58494			6
2024.12.05	01:11:57.101	0.58485	0.58491			6
2024.12.05	01:11:59.712	0.58489	0.58494			6
2024.12.05	01:12:00.027	0.58488				2
2024.12.05	01:12:00.362	0.58489	0.58493			6
2024.12.05	01:12:02.545	0.58488				2
2024.12.05	01:12:04.259	0.58487	0.58492			6
2024.12.05	01:12:07.682	0.58486	0.58491			6
2024.12.05	01:12:11.279		0.58490			4
2024.12.05	01:12:12.832	0.58484	0.58489			6
2024.12.05	01:12:13.365	0.58485				2
2024.12.05	01:12:15.258	0.58489	0.58493			6
2024.12.05	01:12:15.641	0.58488				2
2024.12.05	01:12:20.171		0.58492			4
2024.12.05	01:12:20.488		0.58493			4
2024.12.05	01:12:21.224	0.58489				2
2024.12.05	01:12:24.000	0.58491	0.58495			6
2024.12.05	01:12:24.346	0.58492	0.58496			6
2024.12.05	01:12:26.637	0.58491	0.58493			6
2024.12.05	01:12:30.300	0.58490				2
2024.12.05	01:12:33.821	0.58489				2
2024.12.05	01:12:37.971	0.58488				2
2024.12.05	01:12:47.124	0.58489				2
2024.12.05	01:12:50.220	0.58493	0.58496			6
2024.12.05	01:12:51.836	0.58492	0.58495			6
2024.12.05	01:12:53.135		0.58493			4
2024.12.05	01:12:54.658	0.58488	0.58491			6
2024.12.05	01:12:56.611	0.58486	0.58490			6
2024.12.05	01:12:57.242	0.58485	0.58489			6
2024.12.05	01:12:59.052	0.58487	0.58490			6
2024.12.05	01:13:00.746	0.58488	0.58491			6
2024.12.05	01:13:01.651		0.58490			4
2024.12.05	01:13:03.041	0.58487	0.58488			6
2024.12.05	01:13:03.347		0.58489			4
2024.12.05	01:13:03.867	0.58491	0.58493			6
2024.12.05	01:13:04.353		0.58494			4
2024.12.05	01:13:06.357	0.58492	0.58495			6
2024.12.05	01:13:09.488		0.58493			4
2024.12.05	01:13:09.790		0.58494			4
2024.12.05	01:13:11.143	0.58489	0.58492			6
2024.12.05	01:13:21.296	0.58488	0.58491			6
2024.12.05	01:13:36.122	0.58486	0.58489			6
2024.12.05	01:13:37.606	0.58484	0.58488			6
2024.12.05	01:13:44.565		0.58489			4
2024.12.05	01:13:45.660	0.58485				2
2024.12.05	01:14:00.233	0.58485				2
2024.12.05	01:14:15.661	0.58484	0.58488			6
2024.12.05	01:14:33.559		0.58489			4
2024.12.05	01:14:40.508	0.58489	0.58493			6
2024.12.05	01:14:53.031	0.58490	0.58495			6
2024.12.05	01:14:53.881		0.58494			4
2024.12.05	01:14:55.091	0.58489	0.58492			6
2024.12.05	01:14:57.206		0.58494			4
2024.12.05	01:15:00.232	0.58492	0.58496			6
2024.12.05	01:15:00.546	0.58494	0.58498			6
2024.12.05	01:15:00.934		0.58499			4
2024.12.05	01:15:04.749	0.58497	0.58501			6
2024.12.05	01:15:07.094		0.58499			4
2024.12.05	01:15:07.553	0.58496				2
2024.12.05	01:15:12.628	0.58493				2
2024.12.05	01:15:13.761	0.58494				2
2024.12.05	01:15:42.534	0.58495				2
2024.12.05	01:16:00.364	0.58495				2
2024.12.05	01:16:02.869	0.58494	0.58498			6
2024.12.05	01:16:10.128		0.58497			4
2024.12.05	01:16:18.037	0.58499	0.58501			6
2024.12.05	01:16:18.338	0.58500	0.58503			6
2024.12.05	01:16:19.393		0.58504			4
2024.12.05	01:16:21.107	0.58499				2
2024.12.05	01:16:30.504		0.58503			4
2024.12.05	01:16:35.228	0.58497	0.58501			6
2024.12.05	01:16:36.139	0.58499	0.58503			6
2024.12.05	01:16:37.498		0.58504			4
2024.12.05	01:16:41.360		0.58503			4
2024.12.05	01:16:46.525	0.58501	0.58504			6
2024.12.05	01:16:46.873	0.58502	0.58505			6
2024.12.05	01:16:50.381	0.58500	0.58504			6
2024.12.05	01:17:00.088	0.58500				2
2024.12.05	01:17:01.906	0.58499				2
2024.12.05	01:17:02.862		0.58503			4
2024.12.05	01:17:06.871	0.58498				2
2024.12.05	01:17:10.375	0.58499				2
2024.12.05	01:17:26.405		0.58502			4
2024.12.05	01:17:27.616	0.58500	0.58503			6
2024.12.05	01:17:28.826	0.58503	0.58506			6
2024.12.05	01:17:29.131	0.58504	0.58507			6
2024.12.05	01:17:30.389	0.58503	0.58508			6
2024.12.05	01:17:39.416	0.58504				2
2024.12.05	01:17:42.439	0.58508	0.58512			6
2024.12.05	01:17:43.346	0.58507				2
2024.12.05	01:17:45.997		0.58511			4
2024.12.05	01:17:48.137	0.58506	0.58509			6
2024.12.05	01:17:48.444	0.58504				2
2024.12.05	01:17:52.793		0.58508			4
2024.12.05	01:18:02.212	0.58504				2
2024.12.05	01:18:10.946	0.58503				2
2024.12.05	01:18:12.387	0.58504				2
2024.12.05	01:18:18.436	0.58505				2
2024.12.05	01:18:19.043	0.58504				2
2024.12.05	01:18:19.342	0.58505				2
2024.12.05	01:18:19.646	0.58504				2
2024.12.05	01:18:26.372		0.58507			4
2024.12.05	01:18:30.333	0.58505	0.58508			6
2024.12.05	01:18:39.106	0.58506				2
2024.12.05	01:18:39.414	0.58505				2
2024.12.05	01:18:41.274	0.58507				2
2024.12.05	01:18:43.885	0.58506				2
2024.12.05	01:18:44.501	0.58505				2
2024.12.05	01:18:52.114	0.58500	0.58503			6
2024.12.05	01:18:52.419	0.58499	0.58502			6
2024.12.05	01:18:52.725	0.58500	0.58503			6
2024.12.05	01:18:53.376	0.58499	0.58504			6
2024.12.05	01:19:00.432	0.58499				2
2024.12.05	01:19:01.968	0.58500				2
2024.12.05	01:19:05.627	0.58501				2
2024.12.05	01:19:07.561	0.58500				2
2024.12.05	01:19:13.374	0.58504	0.58508			6
2024.12.05	01:19:19.048	0.58508	0.58511			6
2024.12.05	01:19:20.686	0.58505	0.58509			6
2024.12.05	01:19:48.384	0.58506				2
2024.12.05	01:19:49.945	0.58505				2
2024.12.05	01:19:53.287	0.58509	0.58512			6
2024.12.05	01:19:57.410	0.58508	0.58511			6
2024.12.05	01:19:59.271	0.58506	0.58509			6
2024.12.05	01:20:00.181	0.58506	0.58510			6
2024.12.05	01:20:01.780	0.58509	0.58513			6
2024.12.05	01:20:05.181	0.58510	0.58515			6
2024.12.05	01:20:11.082	0.58509	0.58513			6
2024.12.05	01:20:16.417	0.58508				2
2024.12.05	01:20:30.024		0.58512			4
2024.12.05	01:20:31.733		0.58511			4
2024.12.05	01:20:32.045	0.58505	0.58509			6
2024.12.05	01:20:33.205		0.58510			4
2024.12.05	01:20:42.302	0.58508	0.58511			6
2024.12.05	01:20:44.530	0.58506	0.58510			6
2024.12.05	01:20:47.762	0.58511	0.58515			6
2024.12.05	01:20:48.062	0.58512	0.58516			6
2024.12.05	01:20:59.953		0.58517			4
2024.12.05	01:21:00.416	0.58512				2
2024.12.05	01:21:11.508		0.58516			4
2024.12.05	01:21:31.219		0.58517			4
2024.12.05	01:21:32.960		0.58516			4
2024.12.05	01:21:37.188	0.58515	0.58519			6
2024.12.05	01:21:44.266	0.58517				2
2024.12.05	01:21:47.289	0.58515				2
2024.12.05	01:22:00.414	0.58515				2
2024.12.05	01:22:05.984	0.58518	0.58522			6
2024.12.05	01:22:11.154	0.58520	0.58524			6
2024.12.05	01:22:22.875	0.58524	0.58528			6
2024.12.05	01:22:23.178	0.58527	0.58530			6
2024.12.05	01:22:23.481	0.58526				2
2024.12.05	01:22:27.397		0.58529			4
2024.12.05	01:22:27.716		0.58528			4
2024.12.05	01:22:35.387	0.58525				2
2024.12.05	01:22:43.036	0.58527	0.58529			6
2024.12.05	01:22:43.345	0.58526				2
2024.12.05	01:22:46.050	0.58527	0.58531			6
2024.12.05	01:22:46.354	0.58526	0.58529			6
2024.12.05	01:22:59.471	0.58528	0.58531			6
2024.12.05	01:23:00.550	0.58528				2
2024.12.05	01:23:02.760	0.58526	0.58529			6
2024.12.05	01:23:10.757	0.58524	0.58528			6
2024.12.05	01:23:19.399	0.58525				2
2024.12.05	01:23:21.820	0.58526	0.58529			6
2024.12.05	01:23:23.248	0.58530	0.58534			6
2024.12.05	01:23:24.190		0.58535			4
2024.12.05	01:23:31.400		0.58534			4
2024.12.05	01:23:36.238	0.58529				2
2024.12.05	01:23:42.289	0.58530				2
2024.12.05	01:23:50.157		0.58533			4
2024.12.05	01:23:51.668	0.58534	0.58537			6
2024.12.05	01:23:51.971	0.58533	0.58536			6
2024.12.05	01:23:52.272	0.58532	0.58537			6
2024.12.05	01:23:52.900	0.58531	0.58536			6
2024.12.05	01:23:55.281	0.58532				2
2024.12.05	01:23:57.617	0.58533	0.58537			6
2024.12.05	01:24:00.429	0.58534				2
2024.12.05	01:24:01.161	0.58538	0.58540			6
2024.12.05	01:24:02.404	0.58537				2
2024.12.05	01:24:02.784		0.58541			4
2024.12.05	01:24:19.905	0.58533	0.58537			6
2024.12.05	01:24:30.948	0.58535	0.58539			6
2024.12.05	01:24:41.059	0.58538	0.58541			6
2024.12.05	01:24:41.362		0.58542			4
2024.12.05	01:24:45.417		0.58541			4
2024.12.05	01:24:47.232		0.58542			4
2024.12.05	01:24:52.258	0.58541	0.58544			6
2024.12.05	01:24:56.423	0.58542	0.58545			6
2024.12.05	01:24:57.341	0.58543				2
2024.12.05	01:24:58.276	0.58544	0.58546			6
2024.12.05	01:24:59.053	0.58543				2
2024.12.05	01:24:59.375	0.58542	0.58544			6
2024.12.05	01:25:00.569	0.58542				2
2024.12.05	01:25:04.024	0.58540	0.58543			6
2024.12.05	01:25:07.858		0.58544			4
2024.12.05	01:25:12.172	0.58542				2
2024.12.05	01:25:14.241	0.58543	0.58545			6
2024.12.05	01:25:15.053		0.58546			4
2024.12.05	01:25:22.065	0.58540	0.58544			6
2024.12.05	01:25:28.425		0.58543			4
2024.12.05	01:25:31.148		0.58544			4
2024.12.05	01:25:44.407		0.58543			4
2024.12.05	01:25:46.222	0.58541				2
2024.12.05	01:26:00.137	0.58541				2
2024.12.05	01:26:07.395	0.58542	0.58544			6
2024.12.05	01:26:09.512	0.58541	0.58543			6
2024.12.05	01:26:11.329	0.58543	0.58544			6
2024.12.05	01:26:13.747		0.58545			4
2024.12.05	01:26:14.049	0.58542	0.58544			6
2024.12.05	01:26:38.307	0.58541	0.58543			6
2024.12.05	01:26:41.076	0.58542	0.58544			6
2024.12.05	01:26:48.083	0.58543	0.58545			6
2024.12.05	01:27:00.183	0.58543				2
2024.12.05	01:27:00.485	0.58539	0.58541			6
2024.12.05	01:27:00.789	0.58540	0.58542			6
2024.12.05	01:27:01.091	0.58543	0.58545			6
2024.12.05	01:27:05.678	0.58544	0.58546			6
2024.12.05	01:27:06.334	0.58546	0.58548			6
2024.12.05	01:27:07.293	0.58545				2
2024.12.05	01:27:08.843		0.58547			4
2024.12.05	01:27:09.730		0.58548			4
2024.12.05	01:27:11.169	0.58544	0.58546			6
2024.12.05	01:27:11.479	0.58543				2
2024.12.05	01:27:12.411	0.58545	0.58548			6
2024.12.05	01:27:12.721	0.58544				2
2024.12.05	01:27:13.151	0.58546	0.58549			6
2024.12.05	01:27:13.872		0.58548			4
2024.12.05	01:27:15.686	0.58545				2
2024.12.05	01:27:21.296		0.58547			4
2024.12.05	01:27:22.429		0.58548			4
2024.12.05	01:27:24.502		0.58547			4
2024.12.05	01:27:24.805	0.58546				2
2024.12.05	01:27:25.145		0.58548			4
2024.12.05	01:27:27.612	0.58547	0.58549			6
2024.12.05	01:27:29.316	0.58544	0.58547			6
2024.12.05	01:27:30.903	0.58545				2
2024.12.05	01:27:31.206	0.58544				2
2024.12.05	01:27:33.467	0.58543	0.58546			6
2024.12.05	01:27:36.133		0.58545			4
2024.12.05	01:27:40.691	0.58542				2
2024.12.05	01:27:43.173	0.58543				2
2024.12.05	01:27:53.177	0.58542	0.58544			6
2024.12.05	01:28:00.136	0.58542				2
2024.12.05	01:28:00.741	0.58541	0.58543			6
2024.12.05	01:28:05.936	0.58542	0.58544			6
2024.12.05	01:28:07.145	0.58543	0.58545			6
2024.12.05	01:28:08.053	0.58542	0.58544			6
2024.12.05	01:28:08.356		0.58543			4
2024.12.05	01:28:10.880	0.58541				2
2024.12.05	01:28:15.114	0.58545	0.58546			6
2024.12.05	01:28:16.375	0.58544				2
2024.12.05	01:28:17.585	0.58543				2
2024.12.05	01:28:18.212		0.58545			4
2024.12.05	01:28:31.096		0.58546			4
2024.12.05	01:28:33.245	0.58544				2
2024.12.05	01:28:35.080	0.58543	0.58545			6
2024.12.05	01:28:36.290	0.58544	0.58546			6
2024.12.05	01:28:43.552	0.58543	0.58545			6
2024.12.05	01:28:44.761	0.58544	0.58546			6
2024.12.05	01:28:45.670	0.58546	0.58548			6
2024.12.05	01:29:00.241	0.58546				2
2024.12.05	01:29:02.409	0.58545	0.58547			6
2024.12.05	01:29:06.695	0.58544	0.58546			6
2024.12.05	01:29:08.509		0.58545			4
2024.12.05	01:29:27.469	0.58543	0.58544			6
2024.12.05	01:29:30.192	0.58544	0.58545			6
2024.12.05	01:29:31.702	0.58543	0.58544			6
2024.12.05	01:29:32.008	0.58542	0.58543			6
2024.12.05	01:29:34.474	0.58541				2
2024.12.05	01:29:39.516	0.58539	0.58541			6
2024.12.05	01:29:39.849	0.58543	0.58544			6
2024.12.05	01:29:51.715	0.58544	0.58545			6
2024.12.05	01:29:53.585		0.58546			4
2024.12.05	01:29:56.913	0.58546	0.58548			6
2024.12.05	01:30:00.242	0.58546				2
2024.12.05	01:30:00.544	0.58547				2
2024.12.05	01:30:01.206	0.58550	0.58551			6
2024.12.05	01:30:01.552		0.58552			4
2024.12.05	01:30:02.457	0.58552	0.58554			6
2024.12.05	01:30:03.065	0.58551	0.58553			6
2024.12.05	01:30:05.769	0.58552				2
2024.12.05	01:30:10.979		0.58554			4
2024.12.05	01:30:11.287	0.58559	0.58560			6
2024.12.05	01:30:12.737		0.58561			4
2024.12.05	01:30:13.646	0.58558				2
2024.12.05	01:30:14.552		0.58560			4
2024.12.05	01:30:16.927		0.58561			4
2024.12.05	01:30:19.328		0.58560			4
2024.12.05	01:30:27.372	0.58561	0.58564			6
2024.12.05	01:30:27.686		0.58562			4
2024.12.05	01:30:29.983	0.58559	0.58560			6
2024.12.05	01:30:31.852	0.58558	0.58559			6
2024.12.05	01:30:36.899	0.58560	0.58561			6
2024.12.05	01:30:38.002		0.58562			4
2024.12.05	01:30:41.045		0.58563			4
2024.12.05	01:30:41.345		0.58562			4
2024.12.05	01:30:45.050		0.58563			4
2024.12.05	01:30:49.858	0.58559	0.58560			6
2024.12.05	01:30:51.076	0.58560	0.58563			6
2024.12.05	01:30:56.080	0.58558	0.58560			6
2024.12.05	01:30:56.399	0.58561	0.58562			6
2024.12.05	01:30:57.756	0.58559	0.58560			6
2024.12.05	01:31:00.407	0.58559				2
2024.12.05	01:31:00.962		0.58561			4
2024.12.05	01:31:01.306	0.58562	0.58564			6
2024.12.05	01:31:05.688	0.58564	0.58567			6
2024.12.05	01:31:07.882	0.58565				2
2024.12.05	01:31:15.477	0.58567	0.58568			6
2024.12.05	01:31:15.799	0.58564	0.58565			6
2024.12.05	01:31:16.667	0.58565	0.58567			6
2024.12.05	01:31:26.015	0.58566				2
2024.12.05	01:31:28.035	0.58570	0.58571			6
2024.12.05	01:31:29.691	0.58569	0.58570			6
2024.12.05	01:31:31.905	0.58568	0.58569			6
2024.12.05	01:31:38.997	0.58570	0.58571			6
2024.12.05	01:31:40.852	0.58569	0.58570			6
2024.12.05	01:32:00.085	0.58569				2
2024.12.05	01:32:00.522	0.58571	0.58574			6
2024.12.05	01:32:01.224	0.58572				2
2024.12.05	01:32:05.401	0.58570	0.58572			6
2024.12.05	01:32:05.706	0.58569	0.58571			6
2024.12.05	01:32:07.554	0.58568	0.58569			6
2024.12.05	01:32:07.969	0.58569	0.58570			6
2024.12.05	01:32:11.790	0.58563	0.58564			6
2024.12.05	01:32:12.105		0.58565			4
2024.12.05	01:32:17.219	0.58564				2
2024.12.05	01:32:21.003	0.58565	0.58567			6
2024.12.05	01:32:21.307	0.58566	0.58568			6
2024.12.05	01:32:26.206		0.58567			4
2024.12.05	01:32:28.815		0.58568			4
2024.12.05	01:32:31.362		0.58567			4
2024.12.05	01:32:34.746		0.58568			4
2024.12.05	01:32:50.589		0.58567			4
2024.12.05	01:32:51.651		0.58568			4
2024.12.05	01:33:00.667	0.58566				2
2024.12.05	01:33:01.791	0.58568	0.58569			6
2024.12.05	01:33:08.313	0.58569	0.58571			6
2024.12.05	01:33:09.258	0.58568				2
2024.12.05	01:33:09.623		0.58570			4
2024.12.05	01:33:30.342	0.58569				2
2024.12.05	01:33:35.830	0.58568	0.58569			6
2024.12.05	01:33:36.133	0.58565	0.58566			6
2024.12.05	01:33:38.864	0.58567	0.58568			6
2024.12.05	01:33:58.610	0.58564	0.58565			6
2024.12.05	01:34:00.363	0.58564				2
2024.12.05	01:34:01.993		0.58566			4
2024.12.05	01:34:04.574		0.58567			4
2024.12.05	01:34:08.827	0.58565				2
2024.12.05	01:34:20.832	0.58564				2
2024.12.05	01:34:21.138		0.58566			4
2024.12.05	01:34:33.356	0.58565				2
2024.12.05	01:34:36.684	0.58564				2
2024.12.05	01:34:38.568	0.58565	0.58567			6
2024.12.05	01:34:49.189	0.58564	0.58566			6
2024.12.05	01:34:54.508	0.58565				2
2024.12.05	01:34:56.350	0.58564				2
2024.12.05	01:34:57.943	0.58567	0.58568			6
2024.12.05	01:35:00.081	0.58567				2
2024.12.05	01:35:28.669	0.58566				2
2024.12.05	01:35:30.835	0.58567				2
2024.12.05	01:35:36.332	0.58566				2
2024.12.05	01:35:39.359	0.58565	0.58566			6
2024.12.05	01:35:39.661	0.58563	0.58565			6
2024.12.05	01:35:45.881	0.58564				2
2024.12.05	01:35:51.410	0.58563				2
2024.12.05	01:35:55.701	0.58564	0.58566			6
2024.12.05	01:36:00.286	0.58564				2
2024.12.05	01:36:25.996	0.58565	0.58567			6
2024.12.05	01:36:26.299	0.58564	0.58566			6
2024.12.05	01:36:28.113	0.58565				2
2024.12.05	01:36:28.416	0.58564				2
2024.12.05	01:36:31.491	0.58565	0.58567			6
2024.12.05	01:36:31.793	0.58564	0.58566			6
2024.12.05	01:36:32.702	0.58565	0.58567			6
2024.12.05	01:36:33.002	0.58564	0.58566			6
2024.12.05	01:36:33.910	0.58565	0.58567			6
2024.12.05	01:36:34.214	0.58564	0.58566			6
2024.12.05	01:36:36.029	0.58565				2
2024.12.05	01:36:36.329	0.58564				2
2024.12.05	01:36:37.238	0.58565	0.58567			6
2024.12.05	01:36:37.541	0.58564	0.58566			6
2024.12.05	01:36:40.566	0.58565				2
2024.12.05	01:36:40.869	0.58564				2
2024.12.05	01:36:43.897	0.58565				2
2024.12.05	01:36:44.199	0.58564				2
2024.12.05	01:36:45.104	0.58565				2
2024.12.05	01:36:45.408	0.58564				2
2024.12.05	01:36:46.014	0.58565	0.58567			6
2024.12.05	01:37:00.133	0.58565				2
2024.12.05	01:37:03.760	0.58564	0.58566			6
2024.12.05	01:37:17.122	0.58563	0.58565			6
2024.12.05	01:37:17.431	0.58558	0.58559			6
2024.12.05	01:37:18.079	0.58557				2
2024.12.05	01:37:18.383		0.58561			4
2024.12.05	01:37:32.334		0.58560			4
2024.12.05	01:37:33.146		0.58561			4
2024.12.05	01:37:37.841		0.58560			4
2024.12.05	01:37:51.685	0.58555	0.58559			6
2024.12.05	01:37:51.991		0.58558			4
2024.12.05	01:37:52.559	0.58552	0.58555			6
2024.12.05	01:37:53.568	0.58551				2
2024.12.05	01:37:56.295	0.58552				2
2024.12.05	01:38:00.524	0.58552	0.58556			6
2024.12.05	01:38:18.577	0.58551	0.58555			6
2024.12.05	01:38:18.888		0.58554			4
2024.12.05	01:38:24.742	0.58547	0.58551			6
2024.12.05	01:38:25.403		0.58550			4
2024.12.05	01:38:55.948		0.58551			4
2024.12.05	01:39:00.136	0.58547				2
2024.12.05	01:39:03.011	0.58548				2
2024.12.05	01:39:05.921	0.58547				2
2024.12.05	01:39:09.322	0.58548				2
2024.12.05	01:39:10.539	0.58547				2
2024.12.05	01:39:13.498		0.58550			4
2024.12.05	01:39:22.298	0.58548				2
2024.12.05	01:39:22.599	0.58547				2
2024.12.05	01:39:28.402	0.58549	0.58551			6
2024.12.05	01:39:29.029	0.58550	0.58552			6
2024.12.05	01:39:29.329	0.58553	0.58556			6
2024.12.05	01:39:30.268	0.58552				2
2024.12.05	01:39:30.792	0.58553				2
2024.12.05	01:39:40.562	0.58557	0.58559			6
2024.12.05	01:39:40.909		0.58560			4
2024.12.05	01:39:41.839		0.58559			4
2024.12.05	01:39:56.265	0.58553	0.58556			6
2024.12.05	01:40:00.362	0.58553				2
2024.12.05	01:40:04.941		0.58555			4
2024.12.05	01:40:09.382		0.58556			4
2024.12.05	01:40:10.642		0.58555			4
2024.12.05	01:40:16.028	0.58552				2
2024.12.05	01:40:22.206	0.58556	0.58560			6
2024.12.05	01:40:24.111	0.58557				2
2024.12.05	01:40:27.864	0.58558	0.58562			6
2024.12.05	01:40:28.470	0.58560	0.58564			6
2024.12.05	01:40:28.813	0.58561	0.58565			6
2024.12.05	01:41:00.165	0.58561				2
2024.12.05	01:41:15.389		0.58564			4
2024.12.05	01:41:23.261	0.58562				2
2024.12.05	01:41:34.214	0.58563	0.58565			6
2024.12.05	01:41:42.993	0.58562	0.58564			6
2024.12.05	01:41:43.298	0.58561	0.58563			6
2024.12.05	01:41:51.825	0.58559	0.58561			6
2024.12.05	01:41:52.430		0.58560			4
2024.12.05	01:41:53.642	0.58557	0.58559			6
2024.12.05	01:42:00.002	0.58557				2
2024.12.05	01:42:03.635	0.58558	0.58560			6
2024.12.05	01:42:07.570	0.58559				2
2024.12.05	01:42:09.437		0.58561			4
2024.12.05	01:42:09.741	0.58558	0.58560			6
2024.12.05	01:42:12.464		0.58559			4
2024.12.05	01:42:20.943		0.58560			4
2024.12.05	01:42:22.155	0.58559				2
2024.12.05	01:42:22.759	0.58558				2
2024.12.05	01:42:23.061		0.58559			4
2024.12.05	01:42:27.048		0.58560			4
2024.12.05	01:42:27.352		0.58559			4
2024.12.05	01:42:29.470		0.58560			4
2024.12.05	01:42:29.774		0.58559			4
2024.12.05	01:42:36.738	0.58557				2
2024.12.05	01:42:38.983	0.58558				2
2024.12.05	01:42:39.616	0.58557				2
2024.12.05	01:42:46.048	0.58558				2
2024.12.05	01:42:58.838		0.58560			4
2024.12.05	01:43:00.049	0.58558				2
2024.12.05	01:43:11.305	0.58559				2
2024.12.05	01:43:26.799	0.58557	0.58559			6
2024.12.05	01:43:27.923	0.58558	0.58560			6
2024.12.05	01:43:32.498	0.58559				2
2024.12.05	01:43:43.096	0.58560	0.58562			6
2024.12.05	01:43:47.639	0.58564	0.58566			6
2024.12.05	01:43:47.941		0.58565			4
2024.12.05	01:43:48.243	0.58563				2
2024.12.05	01:43:50.663		0.58566			4
2024.12.05	01:43:52.075	0.58564				2
2024.12.05	01:43:52.379	0.58563				2
2024.12.05	01:44:00.320	0.58563				2
2024.12.05	01:44:01.426	0.58564				2
2024.12.05	01:44:03.581	0.58563				2
2024.12.05	01:44:07.418	0.58564				2
2024.12.05	01:44:19.227	0.58563	0.58565			6
2024.12.05	01:44:32.346		0.58564			4
2024.12.05	01:44:32.656	0.58560	0.58562			6
2024.12.05	01:44:33.609	0.58559	0.58561			6
2024.12.05	01:44:41.279		0.58562			4
2024.12.05	01:44:47.335	0.58560				2
2024.12.05	01:44:50.664	0.58558	0.58560			6
2024.12.05	01:44:50.966	0.58557	0.58559			6
2024.12.05	01:44:51.270	0.58555	0.58557			6
2024.12.05	01:44:51.574	0.58554	0.58556			6
2024.12.05	01:44:52.177	0.58552				2
2024.12.05	01:45:00.108	0.58553				2
2024.12.05	01:45:00.439		0.58555			4
2024.12.05	01:45:01.470	0.58552				2
2024.12.05	01:45:06.412	0.58551	0.58554			6
2024.12.05	01:45:07.177	0.58548	0.58551			6
2024.12.05	01:45:08.219	0.58549	0.58552			6
2024.12.05	01:45:17.262	0.58547				2
2024.12.05	01:45:21.444	0.58549	0.58553			6
2024.12.05	01:45:33.082	0.58550				2
2024.12.05	01:45:34.022		0.58554			4
2024.12.05	01:45:39.558	0.58551	0.58555			6
2024.12.05	01:45:45.314		0.58554			4
2024.12.05	01:45:50.506	0.58557	0.58559			6
2024.12.05	01:45:50.811		0.58560			4
2024.12.05	01:45:56.525	0.58561	0.58565			6
2024.12.05	01:45:56.830	0.58562				2
2024.12.05	01:46:00.048	0.58562	0.58566			6
2024.12.05	01:46:00.357	0.58563				2
2024.12.05	01:46:01.304	0.58567	0.58571			6
2024.12.05	01:46:01.635		0.58570			4
2024.12.05	01:46:05.725		0.58571			4
2024.12.05	01:46:09.045		0.58570			4
2024.12.05	01:46:09.350	0.58566	0.58569			6
2024.12.05	01:46:10.386		0.58570			4
2024.12.05	01:46:18.047	0.58567				2
2024.12.05	01:46:35.095	0.58571	0.58574			6
2024.12.05	01:46:35.402	0.58570				2
2024.12.05	01:46:36.361	0.58569	0.58573			6
2024.12.05	01:47:01.475	0.58569				2
2024.12.05	01:47:04.891	0.58570	0.58574			6
2024.12.05	01:47:06.875	0.58572	0.58575			6
2024.12.05	01:47:10.119	0.58571	0.58574			6
2024.12.05	01:47:18.466	0.58572				2
2024.12.05	01:47:20.380		0.58573			4
2024.12.05	01:47:22.841		0.58574			4
2024.12.05	01:47:27.103	0.58571				2
2024.12.05	01:47:33.938	0.58572				2
2024.12.05	01:47:39.029		0.58575			4
2024.12.05	01:47:46.468	0.58573				2
2024.12.05	01:48:00.248	0.58573				2
2024.12.05	01:48:12.638	0.58574				2
2024.12.05	01:48:15.689	0.58576	0.58577			6
2024.12.05	01:48:17.202	0.58575				2
2024.12.05	01:48:20.488	0.58574	0.58576			6
2024.12.05	01:48:30.863		0.58575			4
2024.12.05	01:48:33.906		0.58576			4
2024.12.05	01:48:35.112	0.58577	0.58578			6
2024.12.05	01:48:37.377	0.58576	0.58577			6
2024.12.05	01:48:53.630	0.58574				2
2024.12.05	01:48:54.745	0.58573	0.58575			6
2024.12.05	01:49:00.844	0.58573				2
2024.12.05	01:49:11.408		0.58574			4
2024.12.05	01:49:12.073	0.58572	0.58575			6
2024.12.05	01:49:13.141		0.58574			4
2024.12.05	01:49:13.615	0.58571				2
2024.12.05	01:49:14.879	0.58572				2
2024.12.05	01:49:16.392	0.58571				2
2024.12.05	01:49:18.729	0.58572				2
2024.12.05	01:49:23.961	0.58571	0.58573			6
2024.12.05	01:49:24.276		0.58574			4
2024.12.05	01:49:25.146		0.58573			4
2024.12.05	01:49:26.293	0.58572	0.58574			6
2024.12.05	01:49:28.421	0.58568	0.58570			6
2024.12.05	01:49:29.055		0.58569			4
2024.12.05	01:49:31.923	0.58567				2
2024.12.05	01:49:33.046	0.58568	0.58570			6
2024.12.05	01:49:37.752	0.58569				2
2024.12.05	01:49:42.481	0.58571	0.58573			6
2024.12.05	01:49:44.834	0.58573	0.58575			6
2024.12.05	01:49:46.056		0.58574			4
2024.12.05	01:49:47.639	0.58576	0.58578			6
2024.12.05	01:49:48.534	0.58578	0.58579			6
2024.12.05	01:49:53.942		0.58580			4
2024.12.05	01:49:56.025	0.58579				2
2024.12.05	01:49:56.345	0.58581	0.58584			6
2024.12.05	01:49:57.834	0.58579	0.58580			6
2024.12.05	01:50:00.378	0.58579				2
2024.12.05	01:50:01.798	0.58578				2
2024.12.05	01:50:02.762	0.58577	0.58578			6
2024.12.05	01:50:32.129	0.58576				2
2024.12.05	01:50:45.583	0.58573	0.58577			6
2024.12.05	01:50:45.887	0.58574	0.58578			6
2024.12.05	01:50:51.441	0.58575				2
2024.12.05	01:50:55.146	0.58574	0.58577			6
2024.12.05	01:50:56.382		0.58576			4
2024.12.05	01:50:57.762	0.58575				2
2024.12.05	01:50:58.805	0.58572	0.58575			6
2024.12.05	01:50:59.451	0.58571	0.58574			6
2024.12.05	01:51:00.216	0.58571				2
2024.12.05	01:51:03.398	0.58572				2
2024.12.05	01:51:17.919	0.58571	0.58573			6
2024.12.05	01:51:18.352		0.58574			4
2024.12.05	01:51:21.728		0.58573			4
2024.12.05	01:51:28.693	0.58572	0.58574			6
2024.12.05	01:51:31.117	0.58573	0.58575			6
2024.12.05	01:51:35.708	0.58575	0.58579			6
2024.12.05	01:51:37.751	0.58576				2
2024.12.05	01:51:52.348		0.58580			4
2024.12.05	01:51:52.665	0.58577				2
2024.12.05	01:51:58.848	0.58578				2
2024.12.05	01:52:00.059	0.58578				2
2024.12.05	01:52:01.395		0.58579			4
2024.12.05	01:52:03.555	0.58577	0.58578			6
2024.12.05	01:52:13.300	0.58578	0.58580			6
2024.12.05	01:52:19.049		0.58581			4
2024.12.05	01:52:19.353	0.58577	0.58578			6
2024.12.05	01:52:27.830	0.58576	0.58579			6
2024.12.05	01:52:28.386	0.58577				2
2024.12.05	01:52:28.989	0.58579	0.58580			6
2024.12.05	01:52:29.296	0.58578				2
2024.12.05	01:52:35.952	0.58577				2
2024.12.05	01:52:39.929		0.58579			4
2024.12.05	01:52:40.393	0.58578	0.58580			6
2024.12.05	01:52:46.751	0.58579	0.58581			6
2024.12.05	01:52:52.553	0.58580	0.58582			6
2024.12.05	01:52:58.913	0.58581	0.58583			6
2024.12.05	01:53:00.122	0.58581				2
2024.12.05	01:53:01.334	0.58580	0.58582			6
2024.12.05	01:53:01.639	0.58581	0.58583			6
2024.12.05	01:53:02.699	0.58582				2
2024.12.05	01:53:03.301	0.58581	0.58582			6
2024.12.05	01:53:03.605	0.58578	0.58579			6
2024.12.05	01:53:05.422	0.58576				2
2024.12.05	01:53:07.925		0.58578			4
2024.12.05	01:53:11.172		0.58579			4
2024.12.05	01:53:12.339		0.58578			4
2024.12.05	01:53:12.727		0.58579			4
2024.12.05	01:53:13.031		0.58578			4
2024.12.05	01:53:23.368	0.58575				2
2024.12.05	01:53:25.078	0.58576				2
2024.12.05	01:53:27.804	0.58571	0.58572			6
2024.12.05	01:53:28.119	0.58569	0.58571			6
2024.12.05	01:53:29.221		0.58570			4
2024.12.05	01:53:29.619	0.58570	0.58574			6
2024.12.05	01:53:31.587		0.58575			4
2024.12.05	01:53:37.921		0.58574			4
2024.12.05	01:53:40.603	0.58568	0.58571			6
2024.12.05	01:53:53.909		0.58570			4
2024.12.05	01:53:54.950	0.58569	0.58573			6
2024.12.05	01:54:00.045	0.58569				2
2024.12.05	01:54:01.120	0.58568	0.58569			6
2024.12.05	01:54:05.455		0.58570			4
2024.12.05	01:54:19.073		0.58569			4
2024.12.05	01:54:21.047		0.58570			4
2024.12.05	01:54:21.486		0.58571			4
2024.12.05	01:54:27.111	0.58567	0.58568			6
2024.12.05	01:54:27.423	0.58563	0.58567			6
2024.12.05	01:54:28.168		0.58566			4
2024.12.05	01:54:29.070		0.58567			4
2024.12.05	01:54:31.841	0.58565	0.58569			6
2024.12.05	01:54:34.897	0.58563	0.58566			6
2024.12.05	01:54:52.783		0.58567			4
2024.12.05	01:54:54.476		0.58566			4
2024.12.05	01:55:00.521	0.58563				2
2024.12.05	01:55:04.417	0.58560	0.58564			6
2024.12.05	01:55:05.689	0.58555	0.58556			6
2024.12.05	01:55:05.995	0.58553	0.58555			6
2024.12.05	01:55:06.355	0.58552				2
2024.12.05	01:55:06.717		0.58554			4
2024.12.05	01:55:10.921		0.58555			4
2024.12.05	01:55:12.347	0.58550	0.58553			6
2024.12.05	01:55:20.365	0.58548				2
2024.12.05	01:55:20.680	0.58549	0.58554			6
2024.12.05	01:55:34.818	0.58550				2
2024.12.05	01:55:36.621	0.58553	0.58557			6
2024.12.05	01:55:37.254	0.58554	0.58558			6
2024.12.05	01:55:42.362	0.58555				2
2024.12.05	01:55:48.429	0.58554	0.58557			6
2024.12.05	01:55:52.777	0.58555				2
2024.12.05	01:56:00.574	0.58555				2
2024.12.05	01:56:05.475	0.58556	0.58558			6
2024.12.05	01:56:05.786		0.58559			4
2024.12.05	01:56:06.200	0.58559	0.58560			6
2024.12.05	01:56:07.481		0.58561			4
2024.12.05	01:56:10.028	0.58558	0.58559			6
2024.12.05	01:56:14.927		0.58560			4
2024.12.05	01:56:20.056	0.58561	0.58563			6
2024.12.05	01:56:26.544	0.58560				2
2024.12.05	01:56:28.131	0.58561				2
2024.12.05	01:56:28.464	0.58560				2
2024.12.05	01:56:30.351	0.58564	0.58567			6
2024.12.05	01:56:30.661	0.58572	0.58575			6
2024.12.05	01:56:31.638	0.58571	0.58574			6
2024.12.05	01:56:45.884	0.58572				2
2024.12.05	01:56:48.346		0.58573			4
2024.12.05	01:56:57.268	0.58571	0.58572			6
2024.12.05	01:57:00.363	0.58571				2
2024.12.05	01:57:04.878	0.58570				2
2024.12.05	01:57:13.263	0.58571				2
2024.12.05	01:57:27.332	0.58568	0.58571			6
2024.12.05	01:57:30.426		0.58569			4
2024.12.05	01:57:30.836		0.58570			4
2024.12.05	01:57:31.154	0.58567	0.58569			6
2024.12.05	01:57:32.203	0.58565	0.58567			6
2024.12.05	01:57:34.294		0.58568			4
2024.12.05	01:57:45.685		0.58567			4
2024.12.05	01:57:49.848	0.58568	0.58572			6
2024.12.05	01:57:50.177		0.58571			4
2024.12.05	01:57:59.462		0.58570			4
2024.12.05	01:58:00.300	0.58568				2
2024.12.05	01:58:04.495	0.58566	0.58567			6
2024.12.05	01:58:04.806	0.58563	0.58566			6
2024.12.05	01:58:11.115		0.58565			4
2024.12.05	01:58:12.143	0.58562				2
2024.12.05	01:58:13.372		0.58563			4
2024.12.05	01:58:20.575	0.58561				2
2024.12.05	01:58:31.620		0.58565			4
2024.12.05	01:58:33.043		0.58564			4
2024.12.05	01:58:33.383	0.58564	0.58568			6
2024.12.05	01:58:44.928	0.58565				2
2024.12.05	01:58:48.752		0.58569			4
2024.12.05	01:58:57.179	0.58568	0.58570			6
2024.12.05	01:59:00.281	0.58568				2
2024.12.05	01:59:00.581	0.58567	0.58569			6
2024.12.05	01:59:00.885	0.58566				2
2024.12.05	01:59:01.370	0.58568	0.58571			6
2024.12.05	01:59:11.007	0.58569	0.58573			6
2024.12.05	01:59:15.842	0.58571				2
2024.12.05	01:59:23.132	0.58570				2
2024.12.05	01:59:23.568	0.58566	0.58569			6
2024.12.05	01:59:25.060		0.58568			4
2024.12.05	01:59:30.988	0.58567	0.58569			6
2024.12.05	01:59:31.309		0.58570			4
2024.12.05	01:59:37.592	0.58566	0.58568			6
2024.12.05	01:59:43.621	0.58565				2
2024.12.05	01:59:46.011		0.58570			4
2024.12.05	01:59:47.059		0.58569			4
2024.12.05	01:59:48.570	0.58563	0.58567			6
2024.12.05	01:59:50.699	0.58566	0.58569			6
2024.12.05	01:59:51.105	0.58567				2
2024.12.05	01:59:51.756		0.58570			4
2024.12.05	01:59:52.450	0.58569	0.58573			6
2024.12.05	01:59:52.964	0.58568	0.58571			6
2024.12.05	01:59:57.366	0.58567				2
2024.12.05	01:59:59.635	0.58569	0.58572			6
2024.12.05	02:00:00.314	0.58569				2
2024.12.05	02:00:04.969	0.58570	0.58573			6
2024.12.05	02:00:05.285		0.58574			4
2024.12.05	02:00:09.770		0.58573			4
2024.12.05	02:00:11.073		0.58574			4
2024.12.05	02:00:11.389		0.58573			4
2024.12.05	02:00:12.940	0.58569				2
2024.12.05	02:00:24.273	0.58570				2
2024.12.05	02:00:26.440	0.58573	0.58576			6
2024.12.05	02:00:28.303	0.58572	0.58575			6
2024.12.05	02:00:28.607	0.58571				2
2024.12.05	02:00:31.114	0.58570	0.58574			6
2024.12.05	02:00:31.430		0.58573			4
2024.12.05	02:00:35.840		0.58572			4
2024.12.05	02:00:36.145	0.58569	0.58573			6
2024.12.05	02:00:40.220		0.58572			4
2024.12.05	02:00:41.128	0.58563	0.58564			6
2024.12.05	02:00:41.433	0.58559	0.58560			6
2024.12.05	02:00:41.745	0.58556	0.58557			6
2024.12.05	02:00:42.045		0.58558			4
2024.12.05	02:00:42.357	0.58552	0.58553			6
2024.12.05	02:00:43.299		0.58556			4
2024.12.05	02:00:44.322	0.58550	0.58553			6
2024.12.05	02:00:49.667		0.58554			4
2024.12.05	02:00:50.460	0.58551				2
2024.12.05	02:00:50.766	0.58550	0.58553			6
2024.12.05	02:00:53.918	0.58544	0.58548			6
2024.12.05	02:00:56.477	0.58541	0.58546			6
2024.12.05	02:00:57.550	0.58543	0.58548			6
2024.12.05	02:00:58.353	0.58544	0.58549			6
2024.12.05	02:00:58.680	0.58540	0.58543			6
2024.12.05	02:00:58.984		0.58542			4
2024.12.05	02:00:59.651	0.58539				2
2024.12.05	02:01:00.012	0.58539				2
2024.12.05	02:01:02.031	0.58541	0.58544			6
2024.12.05	02:01:02.356	0.58537	0.58540			6
2024.12.05	02:01:02.720	0.58539	0.58543			6
2024.12.05	02:01:03.082		0.58544			4
2024.12.05	02:01:03.875	0.58540	0.58543			6
2024.12.05	02:01:20.266	0.58537	0.58540			6
2024.12.05	02:01:22.392	0.58539	0.58541			6
2024.12.05	02:01:22.709	0.58537	0.58540			6
2024.12.05	02:01:25.487	0.58532	0.58535			6
2024.12.05	02:01:26.407	0.58533	0.58538			6
2024.12.05	02:01:29.375		0.58536			4
2024.12.05	02:01:31.263		0.58534			4
2024.12.05	02:01:31.565	0.58530	0.58533			6
2024.12.05	02:01:31.887	0.58531	0.58534			6
2024.12.05	02:01:32.583	0.58530	0.58533			6
2024.12.05	02:01:36.041	0.58524	0.58527			6
2024.12.05	02:01:36.378	0.58523	0.58528			6
2024.12.05	02:01:37.040		0.58527			4
2024.12.05	02:01:37.705	0.58525	0.58529			6
2024.12.05	02:01:41.407	0.58524				2
2024.12.05	02:01:41.984	0.58523				2
2024.12.05	02:01:43.149	0.58525	0.58530			6
2024.12.05	02:01:46.866	0.58527	0.58531			6
2024.12.05	02:01:48.354	0.58523	0.58526			6
2024.12.05	02:01:50.059	0.58524				2
2024.12.05	02:01:51.622		0.58527			4
2024.12.05	02:01:52.273	0.58525	0.58528			6
2024.12.05	02:01:52.771	0.58526	0.58529			6
2024.12.05	02:01:55.202	0.58527	0.58530			6
2024.12.05	02:01:55.518	0.58528	0.58531			6
2024.12.05	02:01:55.820	0.58527	0.58530			6
2024.12.05	02:01:56.452	0.58525	0.58528			6
2024.12.05	02:01:56.764		0.58527			4
2024.12.05	02:01:58.475	0.58526	0.58529			6
2024.12.05	02:01:59.101	0.58525	0.58528			6
2024.12.05	02:01:59.806		0.58527			4
2024.12.05	02:02:00.366	0.58525				2
2024.12.05	02:02:05.314	0.58524				2
2024.12.05	02:02:06.616		0.58526			4
2024.12.05	02:02:08.156		0.58527			4
2024.12.05	02:02:08.464	0.58527	0.58531			6
2024.12.05	02:02:08.771	0.58525	0.58528			6
2024.12.05	02:02:09.817		0.58527			4
2024.12.05	02:02:11.455	0.58524				2
2024.12.05	02:02:11.924	0.58527	0.58530			6
2024.12.05	02:02:14.124	0.58525	0.58528			6
2024.12.05	02:02:15.231	0.58526	0.58530			6
2024.12.05	02:02:18.138		0.58529			4
2024.12.05	02:02:19.614	0.58525	0.58527			6
2024.12.05	02:02:26.245	0.58526	0.58529			6
2024.12.05	02:02:29.400	0.58525	0.58528			6
2024.12.05	02:02:37.927		0.58527			4
2024.12.05	02:02:41.405	0.58527	0.58530			6
2024.12.05	02:02:42.071		0.58531			4
2024.12.05	02:02:42.687		0.58532			4
2024.12.05	02:02:45.992	0.58525	0.58527			6
2024.12.05	02:02:47.448	0.58523	0.58526			6
2024.12.05	02:02:53.090	0.58521				2
2024.12.05	02:02:54.212	0.58520	0.58524			6
2024.12.05	02:03:00.103	0.58519				2
2024.12.05	02:03:00.442	0.58518				2
2024.12.05	02:03:00.840	0.58519				2
2024.12.05	02:03:01.683		0.58523			4
2024.12.05	02:03:02.577	0.58518	0.58522			6
2024.12.05	02:03:03.482		0.58523			4
2024.12.05	02:03:04.185	0.58521	0.58524			6
2024.12.05	02:03:04.941		0.58523			4
2024.12.05	02:03:05.244	0.58519	0.58522			6
2024.12.05	02:03:05.560	0.58520	0.58523			6
2024.12.05	02:03:08.076	0.58526	0.58530			6
2024.12.05	02:03:08.744	0.58527				2
2024.12.05	02:03:09.053		0.58531			4
2024.12.05	02:03:10.176	0.58529	0.58532			6
2024.12.05	02:03:10.485	0.58530	0.58533			6
2024.12.05	02:03:11.821	0.58534	0.58538			6
2024.12.05	02:03:12.128	0.58535				2
2024.12.05	02:03:12.449		0.58537			4
2024.12.05	02:03:13.587		0.58539			4
2024.12.05	02:03:13.893	0.58534	0.58537			6
2024.12.05	02:03:14.897	0.58533	0.58535			6
2024.12.05	02:03:15.204	0.58532				2
2024.12.05	02:03:15.508	0.58537	0.58539			6
2024.12.05	02:03:16.157		0.58538			4
2024.12.05	02:03:18.208		0.58540			4
2024.12.05	02:03:18.871		0.58538			4
2024.12.05	02:03:21.199	0.58536	0.58537			6
2024.12.05	02:03:22.652	0.58538	0.58541			6
2024.12.05	02:03:23.177		0.58540			4
2024.12.05	02:03:23.550	0.58537	0.58538			6
2024.12.05	02:03:28.491	0.58536				2
2024.12.05	02:03:31.401	0.58533	0.58536			6
2024.12.05	02:03:34.898		0.58535			4
2024.12.05	02:03:44.865		0.58536			4
2024.12.05	02:03:45.407	0.58534	0.58538			6
2024.12.05	02:03:46.249	0.58535	0.58539			6
2024.12.05	02:03:47.192	0.58538				2
2024.12.05	02:03:47.804	0.58537				2
2024.12.05	02:03:51.621	0.58533	0.58534			6
2024.12.05	02:03:51.983		0.58535			4
2024.12.05	02:03:52.365		0.58536			4
2024.12.05	02:03:53.740	0.58537	0.58540			6
2024.12.05	02:03:57.585	0.58539	0.58542			6
2024.12.05	02:03:59.347	0.58538				2
2024.12.05	02:03:59.735		0.58541			4
2024.12.05	02:04:00.316	0.58538				2
2024.12.05	02:04:00.633	0.58541	0.58544			6
2024.12.05	02:04:06.441	0.58539	0.58541			6
2024.12.05	02:04:07.135	0.58540	0.58542			6
2024.12.05	02:04:07.445	0.58543	0.58545			6
2024.12.05	02:04:14.577		0.58544			4
2024.12.05	02:04:14.881	0.58542	0.58545			6
2024.12.05	02:04:15.421	0.58539	0.58542			6
2024.12.05	02:04:24.583	0.58538	0.58543			6
2024.12.05	02:04:26.421	0.58539	0.58542			6
2024.12.05	02:04:32.176		0.58543			4
2024.12.05	02:04:33.695	0.58536	0.58538			6
2024.12.05	02:04:34.005	0.58538	0.58540			6
2024.12.05	02:04:34.323	0.58539	0.58542			6
2024.12.05	02:04:36.372		0.58541			4
2024.12.05	02:04:40.321	0.58538	0.58540			6
2024.12.05	02:04:42.197	0.58537				2
2024.12.05	02:04:43.243	0.58543	0.58545			6
2024.12.05	02:04:45.970	0.58544	0.58547			6
2024.12.05	02:04:50.449		0.58546			4
2024.12.05	02:04:57.538	0.58543	0.58545			6
2024.12.05	02:04:57.845		0.58544			4
2024.12.05	02:04:58.406	0.58544	0.58546			6
2024.12.05	02:04:59.433		0.58547			4
2024.12.05	02:05:00.315	0.58544				2
2024.12.05	02:05:02.989		0.58546			4
2024.12.05	02:05:04.386		0.58547			4
2024.12.05	02:05:05.462		0.58546			4
2024.12.05	02:05:05.763	0.58547	0.58550			6
2024.12.05	02:05:06.069	0.58548				2
2024.12.05	02:05:06.553	0.58549	0.58551			6
2024.12.05	02:05:10.619	0.58548	0.58550			6
2024.12.05	02:05:30.513	0.58543	0.58544			6
2024.12.05	02:05:31.164	0.58541	0.58543			6
2024.12.05	02:05:33.866		0.58544			4
2024.12.05	02:05:39.569	0.58544	0.58545			6
2024.12.05	02:05:40.621		0.58546			4
2024.12.05	02:05:53.778		0.58545			4
2024.12.05	02:05:55.266	0.58537	0.58538			6
2024.12.05	02:05:57.256	0.58535	0.58537			6
2024.12.05	02:05:59.330		0.58538			4
2024.12.05	02:06:00.578	0.58535				2
2024.12.05	02:06:08.506	0.58537				2
2024.12.05	02:06:12.453	0.58534	0.58537			6
2024.12.05	02:06:12.785		0.58536			4
2024.12.05	02:06:21.189	0.58535				2
2024.12.05	02:06:21.504	0.58534				2
2024.12.05	02:06:25.926	0.58537	0.58538			6
2024.12.05	02:06:26.253	0.58536				2
2024.12.05	02:06:26.564		0.58539			4
2024.12.05	02:06:27.413	0.58535	0.58536			6
2024.12.05	02:06:28.324	0.58534				2
2024.12.05	02:06:29.383	0.58535				2
2024.12.05	02:06:31.810	0.58534	0.58535			6
2024.12.05	02:06:33.212	0.58538	0.58539			6
2024.12.05	02:06:34.133	0.58537	0.58538			6
2024.12.05	02:06:35.733	0.58538	0.58540			6
2024.12.05	02:06:36.548		0.58539			4
2024.12.05	02:06:39.074	0.58537	0.58538			6
2024.12.05	02:06:42.418	0.58536	0.58537			6
2024.12.05	02:06:43.370	0.58537	0.58538			6
2024.12.05	02:06:44.278	0.58538	0.58540			6
2024.12.05	02:06:44.585	0.58541	0.58543			6
2024.12.05	02:06:45.233	0.58540				2
2024.12.05	02:06:46.269	0.58542				2
2024.12.05	02:06:49.881		0.58544			4
2024.12.05	02:06:50.331		0.58545			4
2024.12.05	02:06:51.396	0.58544	0.58547			6
2024.12.05	02:06:56.840		0.58546			4
2024.12.05	02:06:58.999		0.58545			4
2024.12.05	02:06:59.304	0.58543	0.58544			6
2024.12.05	02:07:00.377	0.58542	0.58543			6
2024.12.05	02:07:03.126		0.58544			4
2024.12.05	02:07:05.248	0.58544	0.58546			6
2024.12.05	02:07:06.724		0.58547			4
2024.12.05	02:07:07.030	0.58545	0.58548			6
2024.12.05	02:07:07.336		0.58547			4
2024.12.05	02:07:08.277		0.58546			4
2024.12.05	02:07:08.580	0.58544				2
2024.12.05	02:07:09.418		0.58547			4
2024.12.05	02:07:13.600		0.58546			4
2024.12.05	02:07:13.915		0.58547			4
2024.12.05	02:07:14.985	0.58549	0.58550			6
2024.12.05	02:07:17.405	0.58547				2
2024.12.05	02:07:17.764		0.58549			4
2024.12.05	02:07:23.263		0.58548			4
2024.12.05	02:07:26.708	0.58546				2
2024.12.05	02:07:27.664	0.58545	0.58547			6
2024.12.05	02:07:35.239		0.58548			4
2024.12.05	02:07:36.101		0.58547			4
2024.12.05	02:07:39.724		0.58548			4
2024.12.05	02:07:43.099	0.58547	0.58550			6
2024.12.05	02:07:47.661		0.58548			4
2024.12.05	02:07:51.210		0.58549			4
2024.12.05	02:07:52.202	0.58546				2
2024.12.05	02:07:52.826		0.58548			4
2024.12.05	02:07:55.247	0.58545	0.58547			6
2024.12.05	02:07:58.334	0.58546				2
2024.12.05	02:07:59.854		0.58548			4
2024.12.05	02:08:00.158	0.58548	0.58549			6
2024.12.05	02:08:02.610	0.58546	0.58547			6
2024.12.05	02:08:03.219		0.58548			4
2024.12.05	02:08:08.421	0.58547				2
2024.12.05	02:08:09.026	0.58546	0.58547			6
2024.12.05	02:08:09.327	0.58547	0.58548			6
2024.12.05	02:08:10.239	0.58546				2
2024.12.05	02:08:11.681		0.58549			4
2024.12.05	02:08:12.792	0.58545	0.58548			6
2024.12.05	02:08:14.162	0.58544	0.58545			6
2024.12.05	02:08:19.125	0.58545	0.58546			6
2024.12.05	02:08:20.641	0.58546	0.58548			6
2024.12.05	02:08:21.569		0.58547			4
2024.12.05	02:08:22.811		0.58548			4
2024.12.05	02:08:23.115	0.58548	0.58549			6
2024.12.05	02:08:23.421		0.58550			4
2024.12.05	02:08:24.330	0.58547				2
2024.12.05	02:08:25.239	0.58548				2
2024.12.05	02:08:27.967	0.58550	0.58551			6
2024.12.05	02:08:28.876	0.58549	0.58550			6
2024.12.05	02:08:33.219	0.58548	0.58549			6
2024.12.05	02:08:35.942	0.58549	0.58550			6
2024.12.05	02:08:36.245	0.58557	0.58558			6
2024.12.05	02:08:36.550	0.58556	0.58557			6
2024.12.05	02:08:37.154	0.58555	0.58556			6
2024.12.05	02:08:39.613	0.58554				2
2024.12.05	02:08:41.114	0.58552	0.58555			6
2024.12.05	02:08:42.885	0.58551	0.58553			6
2024.12.05	02:08:45.106		0.58554			4
2024.12.05	02:08:50.493		0.58553			4
2024.12.05	02:08:52.100		0.58554			4
2024.12.05	02:08:56.390		0.58553			4
2024.12.05	02:09:00.315	0.58551				2
2024.12.05	02:09:00.622	0.58549	0.58551			6
2024.12.05	02:09:01.671	0.58550				2
2024.12.05	02:09:01.999	0.58549				2
2024.12.05	02:09:09.548	0.58550				2
2024.12.05	02:09:12.831	0.58549	0.58550			6
2024.12.05	02:09:16.597	0.58550	0.58552			6
2024.12.05	02:09:19.371		0.58553			4
2024.12.05	02:09:19.976	0.58551	0.58554			6
2024.12.05	02:09:21.191	0.58550	0.58553			6
2024.12.05	02:09:22.200	0.58551				2
2024.12.05	02:09:24.625	0.58553	0.58555			6
2024.12.05	02:09:32.862		0.58554			4
2024.12.05	02:09:35.623	0.58554	0.58556			6
2024.12.05	02:09:35.939		0.58555			4
2024.12.05	02:09:40.788	0.58553	0.58554			6
2024.12.05	02:09:41.295	0.58554	0.58555			6
2024.12.05	02:09:44.322	0.58555	0.58556			6
2024.12.05	02:10:00.110	0.58550	0.58551			6
2024.12.05	02:10:00.412	0.58551	0.58553			6
2024.12.05	02:10:07.792		0.58552			4
2024.12.05	02:10:16.024	0.58549	0.58551			6
2024.12.05	02:10:17.238	0.58548	0.58550			6
2024.12.05	02:10:18.753	0.58552	0.58553			6
2024.12.05	02:10:19.055	0.58551				2
2024.12.05	02:10:19.360	0.58550	0.58552			6
2024.12.05	02:10:31.174		0.58551			4
2024.12.05	02:10:31.479	0.58549				2
2024.12.05	02:10:41.880	0.58550	0.58552			6
2024.12.05	02:10:42.184	0.58552	0.58553			6
2024.12.05	02:10:46.424	0.58553	0.58555			6
2024.12.05	02:10:47.029	0.58551	0.58553			6
2024.12.05	02:10:47.685	0.58553	0.58555			6
2024.12.05	02:10:55.870		0.58554			4
2024.12.05	02:10:56.174	0.58551	0.58553			6
2024.12.05	02:10:57.049	0.58553	0.58555			6
2024.12.05	02:11:01.332	0.58555	0.58556			6
2024.12.05	02:11:01.979	0.58556	0.58558			6
2024.12.05	02:11:03.847	0.58559	0.58561			6
2024.12.05	02:11:04.156	0.58560	0.58562			6
2024.12.05	02:11:05.412	0.58559				2
2024.12.05	02:11:08.441	0.58560				2
2024.12.05	02:11:10.562	0.58562	0.58564			6
2024.12.05	02:11:10.868	0.58566	0.58569			6
2024.12.05	02:11:11.773	0.58564	0.58567			6
2024.12.05	02:11:27.384	0.58565				2
2024.12.05	02:11:30.411	0.58566	0.58568			6
2024.12.05	02:11:31.015	0.58565	0.58567			6
2024.12.05	02:11:39.583	0.58564	0.58565			6
2024.12.05	02:11:39.888	0.58561	0.58563			6
2024.12.05	02:11:40.195	0.58560				2
2024.12.05	02:11:43.869	0.58559	0.58562			6
2024.12.05	02:11:47.197	0.58560				2
2024.12.05	02:11:51.434	0.58561	0.58563			6
2024.12.05	02:11:56.573	0.58560	0.58562			6
2024.12.05	02:11:57.180	0.58565	0.58567			6
2024.12.05	02:11:58.387	0.58564				2
2024.12.05	02:11:59.338		0.58566			4
2024.12.05	02:12:00.252	0.58564				2
2024.12.05	02:12:03.330		0.58567			4
2024.12.05	02:12:13.315	0.58565				2
2024.12.05	02:12:43.700	0.58566				2
2024.12.05	02:12:44.945	0.58565				2
2024.12.05	02:12:55.551	0.58564	0.58566			6
2024.12.05	02:12:55.853	0.58565	0.58567			6
2024.12.05	02:12:58.883	0.58567	0.58568			6
2024.12.05	02:12:59.189	0.58568	0.58570			6
2024.12.05	02:12:59.632	0.58569				2
2024.12.05	02:13:00.247	0.58569				2
2024.12.05	02:13:00.550	0.58568				2
2024.12.05	02:13:01.560	0.58569				2
2024.12.05	02:13:07.017	0.58567	0.58569			6
2024.12.05	02:13:07.622	0.58568	0.58570			6
2024.12.05	02:13:08.228	0.58567	0.58569			6
2024.12.05	02:13:08.534	0.58568	0.58570			6
2024.12.05	02:13:09.188	0.58561	0.58562			6
2024.12.05	02:13:09.974	0.58560	0.58561			6
2024.12.05	02:13:10.638		0.58562			4
2024.12.05	02:13:10.956		0.58561			4
2024.12.05	02:13:16.351		0.58562			4
2024.12.05	02:13:23.128	0.58559	0.58561			6
2024.12.05	02:13:24.090		0.58562			4
2024.12.05	02:13:24.396		0.58560			4
2024.12.05	02:13:30.733	0.58558				2
2024.12.05	02:13:31.334	0.58553	0.58554			6
2024.12.05	02:13:31.647	0.58552				2
2024.12.05	02:13:32.352	0.58551				2
2024.12.05	02:13:33.328	0.58549	0.58553			6
2024.12.05	02:13:34.710		0.58552			4
2024.12.05	02:13:57.349	0.58550				2
2024.12.05	02:13:57.658	0.58551	0.58554			6
2024.12.05	02:14:01.450	0.58548	0.58552			6
2024.12.05	02:14:03.498	0.58550	0.58554			6
2024.12.05	02:14:05.996	0.58549	0.58552			6
2024.12.05	02:14:06.308	0.58548				2
2024.12.05	02:14:09.612	0.58550	0.58554			6
2024.12.05	02:14:10.689		0.58553			4
2024.12.05	02:14:10.989		0.58554			4
2024.12.05	02:14:12.368	0.58549	0.58553			6
2024.12.05	02:14:13.063	0.58551	0.58554			6
2024.12.05	02:14:13.943	0.58550				2
2024.12.05	02:14:14.346	0.58551				2
2024.12.05	02:14:15.681	0.58550	0.58553			6
2024.12.05	02:14:17.714	0.58548				2
2024.12.05	02:14:18.136	0.58549	0.58552			6
2024.12.05	02:14:18.763		0.58553			4
2024.12.05	02:14:19.067		0.58552			4
2024.12.05	02:14:20.135	0.58547	0.58550			6
2024.12.05	02:14:38.162	0.58551	0.58554			6
2024.12.05	02:14:40.820	0.58552	0.58555			6
2024.12.05	02:14:42.728		0.58556			4
2024.12.05	02:14:43.229	0.58554	0.58558			6
2024.12.05	02:14:48.075		0.58557			4
2024.12.05	02:14:48.395		0.58558			4
2024.12.05	02:14:48.985		0.58557			4
2024.12.05	02:14:49.299	0.58555				2
2024.12.05	02:14:57.351	0.58552	0.58555			6
2024.12.05	02:14:58.029		0.58554			4
2024.12.05	02:15:00.028	0.58552				2
2024.12.05	02:15:00.766	0.58548	0.58549			6
2024.12.05	02:15:01.114		0.58550			4
2024.12.05	02:15:02.354	0.58547	0.58549			6
2024.12.05	02:15:03.260	0.58546	0.58548			6
2024.12.05	02:15:10.035	0.58544	0.58545			6
2024.12.05	02:15:10.651	0.58543				2
2024.12.05	02:15:11.305		0.58544			4
2024.12.05	02:15:11.840	0.58540	0.58543			6
2024.12.05	02:15:12.188		0.58544			4
2024.12.05	02:15:12.533		0.58545			4
2024.12.05	02:15:13.301	0.58541				2
2024.12.05	02:15:16.027	0.58542				2
2024.12.05	02:15:16.508	0.58547	0.58549			6
2024.12.05	02:15:16.828	0.58548				2
2024.12.05	02:15:21.421	0.58555	0.58557			6
2024.12.05	02:15:22.332	0.58554	0.58556			6
2024.12.05	02:15:25.452		0.58557			4
2024.12.05	02:15:26.121	0.58556	0.58559			6
2024.12.05	02:15:26.921	0.58557				2
2024.12.05	02:15:41.492		0.58560			4
2024.12.05	02:15:41.806	0.58555	0.58559			6
2024.12.05	02:15:43.936	0.58556				2
2024.12.05	02:15:44.256	0.58557				2
2024.12.05	02:15:46.777		0.58558			4
2024.12.05	02:15:50.080		0.58559			4
2024.12.05	02:16:00.425	0.58556				2
2024.12.05	02:16:06.321	0.58558	0.58562			6
2024.12.05	02:16:08.401	0.58559	0.58563			6
2024.12.05	02:16:10.103	0.58560				2
2024.12.05	02:16:10.748		0.58561			4
2024.12.05	02:16:11.236		0.58562			4
2024.12.05	02:16:12.667		0.58561			4
2024.12.05	02:16:26.700	0.58558	0.58560			6
2024.12.05	02:16:28.581	0.58559	0.58562			6
2024.12.05	02:16:35.260	0.58558	0.58561			6
2024.12.05	02:16:36.600		0.58560			4
2024.12.05	02:16:41.417	0.58559				2
2024.12.05	02:16:42.023	0.58560	0.58562			6
2024.12.05	02:16:43.236	0.58559	0.58561			6
2024.12.05	02:16:44.749	0.58560	0.58562			6
2024.12.05	02:16:46.871	0.58559	0.58561			6
2024.12.05	02:16:47.178	0.58564	0.58565			6
2024.12.05	02:16:47.478		0.58566			4
2024.12.05	02:16:48.351	0.58563				2
2024.12.05	02:16:50.215		0.58564			4
2024.12.05	02:16:50.518	0.58562				2
2024.12.05	02:16:53.171	0.58564	0.58565			6
2024.12.05	02:16:53.512		0.58567			4
2024.12.05	02:17:00.446	0.58564				2
2024.12.05	02:17:01.366		0.58566			4
2024.12.05	02:17:07.777		0.58565			4
2024.12.05	02:17:09.893	0.58563				2
2024.12.05	02:17:10.197	0.58559	0.58561			6
2024.12.05	02:17:11.156		0.58562			4
2024.12.05	02:17:15.400		0.58561			4
2024.12.05	02:17:28.778	0.58563	0.58565			6
2024.12.05	02:17:30.294		0.58566			4
2024.12.05	02:17:34.350		0.58565			4
2024.12.05	02:17:38.615	0.58562	0.58564			6
2024.12.05	02:17:39.220	0.58563	0.58565			6
2024.12.05	02:17:41.088	0.58562	0.58564			6
2024.12.05	02:17:42.904		0.58563			4
2024.12.05	02:17:43.206		0.58564			4
2024.12.05	02:17:48.661	0.58558	0.58560			6
2024.12.05	02:17:59.527	0.58557	0.58559			6
2024.12.05	02:18:00.230	0.58556				2
2024.12.05	02:18:00.532	0.58557				2
2024.12.05	02:18:02.653	0.58556				2
2024.12.05	02:18:03.259	0.58557				2
2024.12.05	02:18:07.262	0.58559	0.58561			6
2024.12.05	02:18:08.513	0.58558	0.58560			6
2024.12.05	02:18:08.818	0.58557	0.58559			6
2024.12.05	02:18:09.473	0.58554	0.58556			6
2024.12.05	02:18:10.382	0.58553				2
2024.12.05	02:18:11.592	0.58554				2
2024.12.05	02:18:11.899		0.58557			4
2024.12.05	02:18:16.187		0.58556			4
2024.12.05	02:18:18.311		0.58557			4
2024.12.05	02:18:19.823	0.58555				2
2024.12.05	02:18:49.501	0.58556				2
2024.12.05	02:18:49.809	0.58559	0.58561			6
2024.12.05	02:18:50.123	0.58558				2
2024.12.05	02:18:50.804	0.58560	0.58563			6
2024.12.05	02:18:51.117	0.58558	0.58561			6
2024.12.05	02:18:52.680	0.58555	0.58558			6
2024.12.05	02:18:52.985	0.58554	0.58557			6
2024.12.05	02:18:53.288		0.58558			4
2024.12.05	02:18:53.590	0.58555	0.58559			6
2024.12.05	02:18:53.892	0.58554	0.58558			6
2024.12.05	02:18:54.500	0.58555	0.58559			6
2024.12.05	02:18:54.801	0.58554	0.58558			6
2024.12.05	02:18:55.408	0.58555	0.58559			6
2024.12.05	02:18:59.653	0.58556				2
2024.12.05	02:19:00.259	0.58556				2
2024.12.05	02:19:17.792	0.58557	0.58560			6
2024.12.05	02:19:18.439	0.58556	0.58559			6
2024.12.05	02:19:20.254	0.58557				2
2024.12.05	02:19:29.952	0.58559	0.58561			6
2024.12.05	02:19:30.253	0.58561	0.58563			6
2024.12.05	02:19:31.161	0.58560	0.58562			6
2024.12.05	02:19:31.464	0.58559	0.58561			6
2024.12.05	02:19:32.370		0.58562			4
2024.12.05	02:19:33.379		0.58561			4
2024.12.05	02:19:34.586	0.58558	0.58560			6
2024.12.05	02:19:35.211		0.58561			4
2024.12.05	02:19:43.109	0.58559	0.58562			6
2024.12.05	02:19:49.323	0.58560				2
2024.12.05	02:19:50.232	0.58558	0.58560			6
2024.12.05	02:19:57.302	0.58557	0.58559			6
2024.12.05	02:19:59.121	0.58558	0.58560			6
2024.12.05	02:20:00.033	0.58558				2
2024.12.05	02:20:01.242	0.58562	0.58564			6
2024.12.05	02:20:01.550	0.58563	0.58565			6
2024.12.05	02:20:02.155	0.58561	0.58566			6
2024.12.05	02:20:02.765	0.58554	0.58558			6
2024.12.05	02:20:03.074	0.58555	0.58559			6
2024.12.05	02:20:03.513	0.58553	0.58558			6
2024.12.05	02:20:04.082	0.58554				2
2024.12.05	02:20:05.560	0.58551	0.58556			6
2024.12.05	02:20:09.854	0.58553	0.58557			6
2024.12.05	02:20:10.185	0.58552				2
2024.12.05	02:20:10.525	0.58553	0.58558			6
2024.12.05	02:20:12.341	0.58552	0.58557			6
2024.12.05	02:20:12.730	0.58551	0.58555			6
2024.12.05	02:20:18.068		0.58557			4
2024.12.05	02:20:20.824	0.58550	0.58556			6
2024.12.05	02:20:23.914	0.58551				2
2024.12.05	02:20:24.366		0.58555			4
2024.12.05	02:20:25.256	0.58547	0.58552			6
2024.12.05	02:20:26.340	0.58544	0.58549			6
2024.12.05	02:20:26.688	0.58546				2
2024.12.05	02:20:28.434	0.58549	0.58552			6
2024.12.05	02:20:31.312	0.58548				2
2024.12.05	02:20:31.637	0.58550	0.58554			6
2024.12.05	02:20:31.961	0.58552	0.58555			6
2024.12.05	02:20:36.007	0.58554	0.58557			6
2024.12.05	02:20:36.862		0.58558			4
2024.12.05	02:20:39.108	0.58553	0.58556			6
2024.12.05	02:20:40.989	0.58554				2
2024.12.05	02:20:43.687		0.58557			4
2024.12.05	02:20:49.337	0.58559	0.58561			6
2024.12.05	02:20:49.967		0.58563			4
2024.12.05	02:20:51.743		0.58562			4
2024.12.05	02:20:52.063		0.58561			4
2024.12.05	02:20:52.606		0.58563			4
2024.12.05	02:20:57.307		0.58562			4
2024.12.05	02:20:58.633		0.58563			4
2024.12.05	02:21:00.357	0.58559				2
2024.12.05	02:21:01.740	0.58564	0.58565			6
2024.12.05	02:21:02.649	0.58566	0.58569			6
2024.12.05	02:21:12.974	0.58564	0.58565			6
2024.12.05	02:21:13.618	0.58563	0.58564			6
2024.12.05	02:21:21.827	0.58565	0.58568			6
2024.12.05	02:21:24.392	0.58567	0.58569			6
2024.12.05	02:21:26.414	0.58569	0.58570			6
2024.12.05	02:21:36.112	0.58570	0.58572			6
2024.12.05	02:21:36.517	0.58574	0.58576			6
2024.12.05	02:21:37.231	0.58575				2
2024.12.05	02:21:37.609	0.58577	0.58578			6
2024.12.05	02:21:37.913	0.58579	0.58580			6
2024.12.05	02:21:39.986		0.58581			4
2024.12.05	02:21:48.783		0.58582			4
2024.12.05	02:21:59.343	0.58580	0.58583			6
2024.12.05	02:21:59.670	0.58581				2
2024.12.05	02:22:00.508	0.58584	0.58586			6
2024.12.05	02:22:04.741	0.58579	0.58580			6
2024.12.05	02:22:05.753	0.58578				2
2024.12.05	02:22:06.771	0.58579	0.58582			6
2024.12.05	02:22:12.410	0.58580				2
2024.12.05	02:22:12.796	0.58582	0.58585			6
2024.12.05	02:22:13.109	0.58583	0.58586			6
2024.12.05	02:22:17.427	0.58582	0.58583			6
2024.12.05	02:22:17.738	0.58581				2
2024.12.05	02:22:19.450	0.58584	0.58587			6
2024.12.05	02:22:19.763	0.58587	0.58589			6
2024.12.05	02:22:20.334	0.58588	0.58590			6
2024.12.05	02:22:22.363	0.58586	0.58587			6
2024.12.05	02:22:30.362	0.58589	0.58590			6
2024.12.05	02:22:31.477		0.58591			4
2024.12.05	02:22:32.099	0.58587	0.58588			6
2024.12.05	02:22:47.967	0.58585	0.58586			6
2024.12.05	02:22:48.315	0.58584	0.58585			6
2024.12.05	02:22:49.211	0.58585	0.58586			6
2024.12.05	02:23:00.125	0.58583	0.58584			6
2024.12.05	02:23:02.192	0.58584	0.58586			6
2024.12.05	02:23:04.284		0.58587			4
2024.12.05	02:23:07.014		0.58586			4
2024.12.05	02:23:08.840		0.58587			4
2024.12.05	02:23:10.739		0.58586			4
2024.12.05	02:23:17.352		0.58585			4
2024.12.05	02:23:28.513	0.58583	0.58584			6
2024.12.05	02:23:28.859	0.58581	0.58582			6
2024.12.05	02:23:29.281	0.58582	0.58585			6
2024.12.05	02:23:31.527	0.58583	0.58586			6
2024.12.05	02:23:34.750	0.58584				2
2024.12.05	02:23:45.525		0.58587			4
2024.12.05	02:23:50.482		0.58586			4
2024.12.05	02:23:50.785		0.58587			4
2024.12.05	02:23:53.404		0.58586			4
2024.12.05	02:23:55.826		0.58587			4
2024.12.05	02:23:59.151	0.58585				2
2024.12.05	02:24:00.061	0.58585				2
2024.12.05	02:24:01.590	0.58586	0.58588			6
2024.12.05	02:24:01.907		0.58587			4
2024.12.05	02:24:02.222	0.58588	0.58590			6
2024.12.05	02:24:03.134	0.58587				2
2024.12.05	02:24:05.981	0.58585	0.58587			6
2024.12.05	02:24:06.398	0.58587	0.58589			6
2024.12.05	02:24:09.134	0.58586	0.58588			6
2024.12.05	02:24:09.434	0.58587	0.58589			6
2024.12.05	02:24:09.745		0.58588			4
2024.12.05	02:24:10.391		0.58589			4
2024.12.05	02:24:13.766		0.58588			4
2024.12.05	02:24:14.070		0.58589			4
2024.12.05	02:24:14.779	0.58586	0.58588			6
2024.12.05	02:24:15.081	0.58587				2
2024.12.05	02:24:15.731	0.58586				2
2024.12.05	02:24:21.476	0.58587	0.58589			6
2024.12.05	02:24:22.080	0.58586	0.58588			6
2024.12.05	02:24:22.383	0.58587	0.58589			6
2024.12.05	02:24:23.290	0.58586	0.58588			6
2024.12.05	02:24:23.595	0.58585	0.58586			6
2024.12.05	02:24:23.897	0.58584				2
2024.12.05	02:24:29.994	0.58586	0.58588			6
2024.12.05	02:24:30.344	0.58585	0.58587			6
2024.12.05	02:24:31.603	0.58587	0.58588			6
2024.12.05	02:24:31.910	0.58590	0.58592			6
2024.12.05	02:24:32.217		0.58591			4
2024.12.05	02:24:32.561		0.58592			4
2024.12.05	02:24:33.171	0.58589	0.58591			6
2024.12.05	02:24:35.636	0.58585	0.58587			6
2024.12.05	02:24:35.939	0.58584	0.58586			6
2024.12.05	02:24:36.240	0.58583				2
2024.12.05	02:24:38.055	0.58578	0.58580			6
2024.12.05	02:24:38.358	0.58576	0.58579			6
2024.12.05	02:24:38.661	0.58575	0.58578			6
2024.12.05	02:24:39.362	0.58574	0.58579			6
2024.12.05	02:24:39.764	0.58573	0.58577			6
2024.12.05	02:24:42.650	0.58571	0.58575			6
2024.12.05	02:24:43.755	0.58572	0.58574			6
2024.12.05	02:24:44.982		0.58575			4
2024.12.05	02:24:47.239		0.58574			4
2024.12.05	02:24:52.816	0.58571				2
2024.12.05	02:25:03.415	0.58571	0.58575			6
2024.12.05	02:25:14.382	0.58572				2
2024.12.05	02:25:14.986	0.58573	0.58576			6
2024.12.05	02:25:15.294	0.58575	0.58579			6
2024.12.05	02:25:16.246	0.58574				2
2024.12.05	02:25:21.384	0.58575				2
2024.12.05	02:25:28.391		0.58578			4
2024.12.05	02:25:30.809	0.58573	0.58576			6
2024.12.05	02:25:31.413		0.58577			4
2024.12.05	02:25:32.320		0.58576			4
2024.12.05	02:25:36.549	0.58574				2
2024.12.05	02:25:37.455	0.58573				2
2024.12.05	02:25:38.624	0.58572	0.58573			6
2024.12.05	02:25:38.964	0.58569	0.58572			6
2024.12.05	02:25:39.267	0.58568				2
2024.12.05	02:25:43.189	0.58569				2
2024.12.05	02:25:46.519	0.58568	0.58570			6
2024.12.05	02:25:46.824	0.58566	0.58569			6
2024.12.05	02:25:47.126	0.58565				2
2024.12.05	02:25:53.631		0.58570			4
2024.12.05	02:25:54.043		0.58569			4
2024.12.05	02:25:54.376	0.58566	0.58570			6
2024.12.05	02:25:55.584	0.58565	0.58569			6
2024.12.05	02:25:56.189	0.58563	0.58567			6
2024.12.05	02:25:57.144	0.58569	0.58574			6
2024.12.05	02:25:58.404	0.58567	0.58573			6
2024.12.05	02:25:58.727		0.58571			4
2024.12.05	02:26:00.361	0.58567	0.58572			6
2024.12.05	02:26:02.430		0.58571			4
2024.12.05	02:26:04.348		0.58570			4
2024.12.05	02:26:06.379		0.58569			4
2024.12.05	02:26:12.165	0.58568	0.58571			6
2024.12.05	02:26:12.475		0.58572			4
2024.12.05	02:26:19.417	0.58567	0.58570			6
2024.12.05	02:26:21.914	0.58566				2
2024.12.05	02:26:26.115		0.58569			4
2024.12.05	02:26:27.112	0.58565	0.58568			6
2024.12.05	02:26:27.415		0.58569			4
2024.12.05	02:26:31.532	0.58563	0.58564			6
2024.12.05	02:26:40.706	0.58564	0.58566			6
2024.12.05	02:26:41.420		0.58565			4
2024.12.05	02:26:42.648	0.58565	0.58568			6
2024.12.05	02:26:47.539	0.58564	0.58565			6
2024.12.05	02:26:47.984		0.58566			4
2024.12.05	02:26:50.453	0.58565	0.58567			6
2024.12.05	02:26:52.545		0.58568			4
2024.12.05	02:26:52.850	0.58566	0.58569			6
2024.12.05	02:26:53.493	0.58569	0.58571			6
2024.12.05	02:27:00.378	0.58569				2
2024.12.05	02:27:01.191		0.58570			4
2024.12.05	02:27:03.378	0.58568	0.58569			6
2024.12.05	02:27:04.046	0.58567				2
2024.12.05	02:27:06.021	0.58568				2
2024.12.05	02:27:06.338	0.58567				2
2024.12.05	02:27:19.720	0.58568				2
2024.12.05	02:27:20.030	0.58567				2
2024.12.05	02:27:21.794	0.58568				2
2024.12.05	02:27:25.381	0.58567				2
2024.12.05	02:27:25.712	0.58568				2
2024.12.05	02:27:27.279	0.58567				2
2024.12.05	02:27:27.786	0.58568				2
2024.12.05	02:27:30.551	0.58569	0.58570			6
2024.12.05	02:27:30.854	0.58568	0.58569			6
2024.12.05	02:27:32.063	0.58575	0.58576			6
2024.12.05	02:27:32.363	0.58578	0.58579			6
2024.12.05	02:27:32.674		0.58580			4
2024.12.05	02:27:35.686	0.58581	0.58583			6
2024.12.05	02:27:36.814	0.58579	0.58582			6
2024.12.05	02:27:37.133	0.58578	0.58579			6
2024.12.05	02:27:41.163		0.58580			4
2024.12.05	02:27:43.914	0.58577				2
2024.12.05	02:27:44.895	0.58575	0.58577			6
2024.12.05	02:27:45.201		0.58578			4
2024.12.05	02:27:45.639		0.58577			4
2024.12.05	02:27:57.937	0.58574	0.58575			6
2024.12.05	02:27:58.269	0.58573	0.58574			6
2024.12.05	02:27:59.150		0.58575			4
2024.12.05	02:28:00.408	0.58573				2
2024.12.05	02:28:01.421		0.58574			4
2024.12.05	02:28:02.062		0.58575			4
2024.12.05	02:28:02.367	0.58571				2
2024.12.05	02:28:03.008	0.58573				2
2024.12.05	02:28:03.323	0.58572	0.58574			6
2024.12.05	02:28:03.650	0.58573				2
2024.12.05	02:28:16.384	0.58568	0.58570			6
2024.12.05	02:28:16.694		0.58571			4
2024.12.05	02:28:17.508		0.58570			4
2024.12.05	02:28:24.369	0.58569	0.58571			6
2024.12.05	02:28:31.246		0.58570			4
2024.12.05	02:28:32.649	0.58567	0.58569			6
2024.12.05	02:28:40.387	0.58568				2
2024.12.05	02:28:50.104	0.58567				2
2024.12.05	02:28:51.491	0.58568				2
2024.12.05	02:28:52.422	0.58567				2
2024.12.05	02:28:54.428	0.58565	0.58566			6
2024.12.05	02:28:56.851	0.58566	0.58567			6
2024.12.05	02:28:57.154		0.58568			4
2024.12.05	02:29:00.408	0.58565	0.58567			6
2024.12.05	02:29:07.028	0.58562	0.58564			6
2024.12.05	02:29:07.331		0.58563			4
2024.12.05	02:29:08.883	0.58561				2
2024.12.05	02:29:10.092	0.58566	0.58568			6
2024.12.05	02:29:11.351	0.58565				2
2024.12.05	02:29:12.558	0.58566				2
2024.12.05	02:29:14.267	0.58562	0.58565			6
2024.12.05	02:29:20.211		0.58564			4
2024.12.05	02:29:22.873	0.58555	0.58556			6
2024.12.05	02:29:26.946	0.58552	0.58554			6
2024.12.05	02:29:30.627		0.58555			4
2024.12.05	02:29:32.594	0.58553				2
2024.12.05	02:29:32.904	0.58552				2
2024.12.05	02:29:33.796		0.58554			4
2024.12.05	02:29:36.671	0.58553	0.58555			6
2024.12.05	02:29:40.920	0.58552				2
2024.12.05	02:29:45.406	0.58553				2
2024.12.05	02:29:50.646	0.58558	0.58560			6
2024.12.05	02:29:51.690		0.58561			4
2024.12.05	02:29:52.004	0.58563	0.58566			6
2024.12.05	02:29:52.976	0.58565				2
2024.12.05	02:29:53.298	0.58564				2
2024.12.05	02:29:53.603	0.58565				2
2024.12.05	02:29:54.380		0.58567			4
2024.12.05	02:29:57.239	0.58563	0.58566			6
2024.12.05	02:29:58.299		0.58567			4
2024.12.05	02:30:00.103	0.58563	0.58566			6
2024.12.05	02:30:00.407		0.58568			4
2024.12.05	02:30:01.564	0.58565				2
2024.12.05	02:30:02.692	0.58564				2
2024.12.05	02:30:03.697	0.58565				2
2024.12.05	02:30:04.326	0.58566				2
2024.12.05	02:30:05.060	0.58570	0.58572			6
2024.12.05	02:30:06.126	0.58571	0.58573			6
2024.12.05	02:30:06.428	0.58573	0.58576			6
2024.12.05	02:30:06.731	0.58572	0.58575			6
2024.12.05	02:30:08.528	0.58570	0.58572			6
2024.12.05	02:30:12.498	0.58572	0.58575			6
2024.12.05	02:30:15.319	0.58573	0.58577			6
2024.12.05	02:30:16.261		0.58576			4
2024.12.05	02:30:16.578	0.58575				2
2024.12.05	02:30:16.884	0.58573				2
2024.12.05	02:30:17.692	0.58580	0.58581			6
2024.12.05	02:30:18.006		0.58582			4
2024.12.05	02:30:18.318	0.58583	0.58585			6
2024.12.05	02:30:20.445		0.58584			4
2024.12.05	02:30:21.761	0.58582	0.58585			6
2024.12.05	02:30:22.067	0.58583				2
2024.12.05	02:30:25.441	0.58582				2
2024.12.05	02:30:27.383	0.58583				2
2024.12.05	02:30:27.842	0.58582				2
2024.12.05	02:30:28.823	0.58581				2
2024.12.05	02:30:33.332	0.58580	0.58583			6
2024.12.05	02:30:34.385	0.58578	0.58581			6
2024.12.05	02:30:34.717		0.58580			4
2024.12.05	02:30:35.038		0.58581			4
2024.12.05	02:30:41.599	0.58577	0.58580			6
2024.12.05	02:30:45.855	0.58576				2
2024.12.05	02:30:51.788	0.58572	0.58575			6
2024.12.05	02:30:52.402		0.58576			4
2024.12.05	02:30:52.708	0.58574	0.58579			6
2024.12.05	02:30:55.417	0.58575				2
2024.12.05	02:30:58.475	0.58578	0.58582			6
2024.12.05	02:31:00.229	0.58578				2
2024.12.05	02:31:03.916	0.58579	0.58583			6
2024.12.05	02:31:07.175	0.58584	0.58588			6
2024.12.05	02:31:09.116	0.58583	0.58587			6
2024.12.05	02:31:10.102		0.58588			4
2024.12.05	02:31:10.753	0.58584				2
2024.12.05	02:31:12.359	0.58585	0.58589			6
2024.12.05	02:31:23.329	0.58582	0.58586			6
2024.12.05	02:31:23.635		0.58585			4
2024.12.05	02:31:24.305	0.58580	0.58584			6
2024.12.05	02:31:24.699	0.58581				2
2024.12.05	02:31:25.590	0.58580				2
2024.12.05	02:31:38.414		0.58583			4
2024.12.05	02:31:38.721		0.58584			4
2024.12.05	02:31:39.040	0.58581	0.58585			6
2024.12.05	02:31:39.342	0.58582				2
2024.12.05	02:31:41.424	0.58587	0.58590			6
2024.12.05	02:31:41.741	0.58586	0.58589			6
2024.12.05	02:31:42.820	0.58585	0.58588			6
2024.12.05	02:31:43.281	0.58584				2
2024.12.05	02:31:44.193	0.58586	0.58589			6
2024.12.05	02:31:46.491	0.58588	0.58591			6
2024.12.05	02:31:49.662		0.58592			4
2024.12.05	02:31:50.338	0.58587	0.58590			6
2024.12.05	02:31:52.762	0.58585	0.58588			6
2024.12.05	02:31:54.145	0.58584				2
2024.12.05	02:31:55.351		0.58587			4
2024.12.05	02:31:55.672	0.58582	0.58585			6
2024.12.05	02:31:56.361	0.58586	0.58589			6
2024.12.05	02:32:00.055	0.58586				2
2024.12.05	02:32:01.130	0.58585				2
2024.12.05	02:32:04.500	0.58586				2
2024.12.05	02:32:06.298	0.58590	0.58593			6
2024.12.05	02:32:08.056	0.58593	0.58596			6
2024.12.05	02:32:08.366	0.58596	0.58599			6
2024.12.05	02:32:21.349	0.58597	0.58600			6
2024.12.05	02:32:21.656	0.58598				2
2024.12.05	02:32:22.392	0.58597				2
2024.12.05	02:32:23.599	0.58598				2
2024.12.05	02:32:24.516	0.58597				2
2024.12.05	02:32:26.322	0.58598	0.58601			6
2024.12.05	02:32:26.625	0.58602	0.58605			6
2024.12.05	02:32:26.928	0.58603	0.58606			6
2024.12.05	02:32:29.597	0.58604	0.58607			6
2024.12.05	02:32:30.625		0.58608			4
2024.12.05	02:32:31.684	0.58606	0.58609			6
2024.12.05	02:32:31.989	0.58608	0.58612			6
2024.12.05	02:32:39.860		0.58611			4
2024.12.05	02:32:42.417		0.58612			4
2024.12.05	02:32:48.474	0.58612	0.58616			6
2024.12.05	02:32:50.358	0.58613				2
2024.12.05	02:32:52.202	0.58614				2
2024.12.05	02:32:55.062	0.58613				2
2024.12.05	02:32:57.496		0.58617			4
2024.12.05	02:32:57.802		0.58616			4
2024.12.05	02:32:58.106	0.58612				2
2024.12.05	02:33:00.170	0.58612	0.58615			6
2024.12.05	02:33:00.517	0.58611				2
2024.12.05	02:33:01.420		0.58614			4
2024.12.05	02:33:01.721	0.58610				2
2024.12.05	02:33:02.833		0.58613			4
2024.12.05	02:33:06.367	0.58611				2
2024.12.05	02:33:08.576	0.58613	0.58614			6
2024.12.05	02:33:08.880	0.58612				2
2024.12.05	02:33:16.663	0.58614	0.58617			6
2024.12.05	02:33:18.757		0.58616			4
2024.12.05	02:33:20.317		0.58615			4
2024.12.05	02:33:20.994		0.58616			4
2024.12.05	02:33:21.306		0.58615			4
2024.12.05	02:33:22.166		0.58616			4
2024.12.05	02:33:23.457	0.58618	0.58620			6
2024.12.05	02:33:24.381		0.58621			4
2024.12.05	02:33:26.642		0.58620			4
2024.12.05	02:33:29.458	0.58617	0.58619			6
2024.12.05	02:33:38.828	0.58614	0.58617			6
2024.12.05	02:33:41.499		0.58618			4
2024.12.05	02:33:41.838		0.58617			4
2024.12.05	02:33:45.154	0.58615	0.58618			6
2024.12.05	02:33:49.287	0.58616				2
2024.12.05	02:33:51.628	0.58615				2
2024.12.05	02:33:52.529	0.58614	0.58617			6
2024.12.05	02:34:00.171	0.58614				2
2024.12.05	02:34:01.171		0.58616			4
2024.12.05	02:34:03.891	0.58613				2
2024.12.05	02:34:04.195	0.58611	0.58613			6
2024.12.05	02:34:04.538		0.58612			4
2024.12.05	02:34:06.864	0.58610				2
2024.12.05	02:34:07.165	0.58609				2
2024.12.05	02:34:08.234	0.58610				2
2024.12.05	02:34:09.148	0.58609	0.58610			6
2024.12.05	02:34:09.784	0.58608				2
2024.12.05	02:34:14.703		0.58611			4
2024.12.05	02:34:15.006	0.58609				2
2024.12.05	02:34:15.925	0.58610	0.58612			6
2024.12.05	02:34:18.092		0.58611			4
2024.12.05	02:34:18.694	0.58609				2
2024.12.05	02:34:19.601	0.58608				2
2024.12.05	02:34:24.384	0.58609				2
2024.12.05	02:34:37.678	0.58608	0.58610			6
2024.12.05	02:34:40.397	0.58609	0.58611			6
2024.12.05	02:34:49.810	0.58608	0.58610			6
2024.12.05	02:34:50.118	0.58609	0.58611			6
2024.12.05	02:34:57.113	0.58608	0.58610			6
2024.12.05	02:34:57.717		0.58609			4
2024.12.05	02:34:58.802	0.58607				2
2024.12.05	02:34:59.107		0.58608			4
2024.12.05	02:34:59.416	0.58609	0.58611			6
2024.12.05	02:34:59.726	0.58608	0.58609			6
2024.12.05	02:35:00.077	0.58608	0.58610			6
2024.12.05	02:35:01.085	0.58607	0.58608			6
2024.12.05	02:35:01.396	0.58606				2
2024.12.05	02:35:03.688	0.58604	0.58606			6
2024.12.05	02:35:10.154	0.58605	0.58607			6
2024.12.05	02:35:11.363	0.58606	0.58608			6
2024.12.05	02:35:22.038	0.58602	0.58604			6
2024.12.05	02:35:23.599	0.58604	0.58606			6
2024.12.05	02:35:27.311	0.58605				2
2024.12.05	02:35:27.629		0.58607			4
2024.12.05	02:35:29.489	0.58604	0.58606			6
2024.12.05	02:35:29.792	0.58603	0.58605			6
2024.12.05	02:35:30.747	0.58604	0.58606			6
2024.12.05	02:35:32.310	0.58606	0.58608			6
2024.12.05	02:35:39.862	0.58605	0.58607			6
2024.12.05	02:35:40.165	0.58604	0.58606			6
2024.12.05	02:35:46.460	0.58605	0.58607			6
2024.12.05	02:35:46.811	0.58604	0.58606			6
2024.12.05	02:35:51.394		0.58605			4
2024.12.05	02:35:51.744	0.58603				2
2024.12.05	02:35:54.091	0.58600	0.58601			6
2024.12.05	02:35:54.414	0.58602	0.58603			6
2024.12.05	02:35:54.721		0.58604			4
2024.12.05	02:36:00.103	0.58602				2
2024.12.05	02:36:13.496	0.58604	0.58605			6
2024.12.05	02:36:13.798	0.58606	0.58608			6
2024.12.05	02:36:14.104	0.58607	0.58609			6
2024.12.05	02:36:18.381	0.58606	0.58607			6
2024.12.05	02:36:20.497		0.58608			4
2024.12.05	02:36:20.801	0.58607	0.58609			6
2024.12.05	02:36:21.754		0.58608			4
2024.12.05	02:36:22.661	0.58608	0.58610			6
2024.12.05	02:36:22.961	0.58609	0.58611			6
2024.12.05	02:36:23.582	0.58608	0.58609			6
2024.12.05	02:36:23.907		0.58610			4
2024.12.05	02:36:24.221		0.58609			4
2024.12.05	02:36:32.660		0.58610			4
2024.12.05	02:36:34.790	0.58609	0.58611			6
2024.12.05	02:36:39.024	0.58616	0.58618			6
2024.12.05	02:36:39.327	0.58615				2
2024.12.05	02:36:40.683	0.58616	0.58619			6
2024.12.05	02:36:42.562	0.58615	0.58616			6
2024.12.05	02:36:42.865		0.58617			4
2024.12.05	02:36:43.171	0.58616	0.58618			6
2024.12.05	02:36:50.855	0.58617	0.58619			6
2024.12.05	02:36:51.184	0.58618	0.58620			6
2024.12.05	02:36:56.690		0.58619			4
2024.12.05	02:36:58.032	0.58617				2
2024.12.05	02:37:00.357	0.58617				2
2024.12.05	02:37:16.685	0.58620	0.58622			6
2024.12.05	02:37:18.909	0.58621				2
2024.12.05	02:37:19.217		0.58623			4
2024.12.05	02:37:21.000	0.58620	0.58621			6
2024.12.05	02:37:23.181		0.58622			4
2024.12.05	02:37:24.388	0.58621	0.58623			6
2024.12.05	02:37:25.596	0.58624	0.58626			6
2024.12.05	02:37:39.142	0.58625	0.58627			6
2024.12.05	02:37:40.050		0.58626			4
2024.12.05	02:37:41.258		0.58627			4
2024.12.05	02:37:45.237		0.58626			4
2024.12.05	02:37:46.141	0.58621	0.58622			6
2024.12.05	02:37:46.444	0.58619	0.58620			6
2024.12.05	02:37:47.089	0.58620	0.58622			6
2024.12.05	02:37:47.396	0.58619				2
2024.12.05	02:37:52.005	0.58621	0.58624			6
2024.12.05	02:37:52.307		0.58625			4
2024.12.05	02:37:54.214	0.58620	0.58623			6
2024.12.05	02:37:55.894	0.58619	0.58622			6
2024.12.05	02:37:56.211	0.58618	0.58621			6
2024.12.05	02:37:57.380	0.58619				2
2024.12.05	02:37:58.791	0.58618				2
2024.12.05	02:38:00.090	0.58618				2
2024.12.05	02:38:00.694	0.58617	0.58619			6
2024.12.05	02:38:00.995	0.58615	0.58618			6
2024.12.05	02:38:02.306	0.58616	0.58619			6
2024.12.05	02:38:04.415	0.58615				2
2024.12.05	02:38:05.368		0.58618			4
2024.12.05	02:38:06.633		0.58619			4
2024.12.05	02:38:11.197		0.58618			4
2024.12.05	02:38:24.407	0.58616				2
2024.12.05	02:38:28.383	0.58617	0.58619			6
2024.12.05	02:38:31.155	0.58616	0.58618			6
2024.12.05	02:38:32.060	0.58617				2
2024.12.05	02:38:32.362	0.58616				2
2024.12.05	02:38:34.289	0.58615	0.58617			6
2024.12.05	02:38:38.556	0.58613	0.58614			6
2024.12.05	02:38:38.861	0.58614	0.58616			6
2024.12.05	02:38:42.281	0.58613	0.58614			6
2024.12.05	02:38:42.586	0.58610	0.58611			6
2024.12.05	02:38:42.890	0.58607	0.58609			6
2024.12.05	02:38:46.295		0.58610			4
2024.12.05	02:38:46.607	0.58609	0.58612			6
2024.12.05	02:38:46.915	0.58607	0.58609			6
2024.12.05	02:38:48.429	0.58606				2
2024.12.05	02:38:51.408	0.58607	0.58611			6
2024.12.05	02:38:53.257		0.58610			4
2024.12.05	02:38:54.767	0.58602	0.58604			6
2024.12.05	02:38:56.330		0.58605			4
2024.12.05	02:38:57.302		0.58603			4
2024.12.05	02:38:57.613	0.58599	0.58602			6
2024.12.05	02:38:59.142	0.58600				2
2024.12.05	02:39:00.327	0.58601				2
2024.12.05	02:39:00.629	0.58600				2
2024.12.05	02:39:01.552		0.58604			4
2024.12.05	02:39:04.662	0.58601				2
2024.12.05	02:39:10.305	0.58602				2
2024.12.05	02:39:11.552	0.58600	0.58603			6
2024.12.05	02:39:11.891		0.58602			4
2024.12.05	02:39:12.192		0.58603			4
2024.12.05	02:39:12.795		0.58604			4
2024.12.05	02:39:14.435		0.58603			4
2024.12.05	02:39:14.748		0.58604			4
2024.12.05	02:39:15.223	0.58601				2
2024.12.05	02:39:21.932	0.58603	0.58606			6
2024.12.05	02:39:22.260		0.58607			4
2024.12.05	02:39:22.634	0.58602	0.58606			6
2024.12.05	02:39:23.312		0.58605			4
2024.12.05	02:39:24.901		0.58604			4
2024.12.05	02:39:34.663	0.58604	0.58606			6
2024.12.05	02:39:35.001	0.58603				2
2024.12.05	02:39:35.306	0.58602	0.58605			6
2024.12.05	02:39:40.715	0.58603				2
2024.12.05	02:39:44.824		0.58604			4
2024.12.05	02:39:46.399	0.58599	0.58601			6
2024.12.05	02:39:47.339	0.58600	0.58602			6
2024.12.05	02:39:47.944	0.58601	0.58603			6
2024.12.05	02:39:48.246	0.58600				2
2024.12.05	02:39:48.547	0.58602	0.58605			6
2024.12.05	02:39:48.868		0.58604			4
2024.12.05	02:39:50.413	0.58601				2
2024.12.05	02:39:50.762	0.58602				2
2024.12.05	02:39:51.065	0.58601				2
2024.12.05	02:39:51.971	0.58606	0.58607			6
2024.12.05	02:39:52.273		0.58609			4
2024.12.05	02:39:53.271		0.58610			4
2024.12.05	02:39:55.396		0.58609			4
2024.12.05	02:39:56.603	0.58608	0.58611			6
2024.12.05	02:39:56.906		0.58612			4
2024.12.05	02:39:57.208	0.58609				2
2024.12.05	02:39:57.511		0.58613			4
2024.12.05	02:39:59.524	0.58612	0.58615			6
2024.12.05	02:40:00.124	0.58611				2
2024.12.05	02:40:00.425	0.58613				2
2024.12.05	02:40:03.631	0.58614	0.58617			6
2024.12.05	02:40:03.955		0.58618			4
2024.12.05	02:40:04.496	0.58617	0.58620			6
2024.12.05	02:40:04.803	0.58618				2
2024.12.05	02:40:05.232	0.58619				2
2024.12.05	02:40:05.610	0.58617	0.58618			6
2024.12.05	02:40:05.941	0.58615				2
2024.12.05	02:40:06.264	0.58618	0.58620			6
2024.12.05	02:40:09.199	0.58622	0.58625			6
2024.12.05	02:40:09.505	0.58621	0.58624			6
2024.12.05	02:40:09.828	0.58622	0.58623			6
2024.12.05	02:40:10.131	0.58621				2
2024.12.05	02:40:10.451	0.58623	0.58624			6
2024.12.05	02:40:11.532	0.58622				2
2024.12.05	02:40:11.934	0.58624	0.58625			6
2024.12.05	02:40:12.469	0.58623	0.58624			6
2024.12.05	02:40:12.969	0.58619	0.58622			6
2024.12.05	02:40:14.241	0.58621	0.58624			6
2024.12.05	02:40:14.542	0.58623	0.58625			6
2024.12.05	02:40:14.845	0.58621	0.58624			6
2024.12.05	02:40:15.156	0.58622	0.58625			6
2024.12.05	02:40:16.207	0.58621	0.58624			6
2024.12.05	02:40:16.527	0.58622	0.58625			6
2024.12.05	02:40:18.006	0.58623				2
2024.12.05	02:40:18.373	0.58622				2
2024.12.05	02:40:18.872	0.58623				2
2024.12.05	02:40:19.874	0.58621	0.58624			6
2024.12.05	02:40:20.186	0.58620	0.58623			6
2024.12.05	02:40:21.300	0.58622	0.58625			6
2024.12.05	02:40:24.700	0.58621	0.58624			6
2024.12.05	02:40:27.441	0.58622	0.58625			6
2024.12.05	02:40:31.512	0.58621	0.58624			6
2024.12.05	02:40:38.743	0.58620	0.58623			6
2024.12.05	02:40:39.088	0.58622	0.58625			6
2024.12.05	02:40:43.678	0.58621	0.58624			6
2024.12.05	02:40:45.187	0.58620	0.58623			6
2024.12.05	02:40:46.348	0.58619	0.58622			6
2024.12.05	02:40:46.844	0.58614	0.58618			6
2024.12.05	02:40:47.158	0.58615	0.58620			6
2024.12.05	02:40:55.201	0.58622	0.58625			6
2024.12.05	02:40:55.515		0.58626			4
2024.12.05	02:40:56.544		0.58625			4
2024.12.05	02:40:56.875		0.58626			4
2024.12.05	02:40:59.438		0.58625			4
2024.12.05	02:40:59.743		0.58626			4
2024.12.05	02:41:00.873	0.58622				2
2024.12.05	02:41:07.162	0.58627	0.58631			6
2024.12.05	02:41:10.418	0.58625	0.58629			6
2024.12.05	02:41:10.855	0.58624	0.58628			6
2024.12.05	02:41:11.166	0.58622	0.58625			6
2024.12.05	02:41:16.367		0.58624			4
2024.12.05	02:41:16.674	0.58620	0.58626			6
2024.12.05	02:41:16.989	0.58621				2
2024.12.05	02:41:17.308		0.58627			4
2024.12.05	02:41:21.857		0.58625			4
2024.12.05	02:41:22.167		0.58626			4
2024.12.05	02:41:25.796	0.58619	0.58624			6
2024.12.05	02:41:30.410	0.58620	0.58625			6
2024.12.05	02:41:31.204		0.58624			4
2024.12.05	02:41:34.190		0.58625			4
2024.12.05	02:41:34.508	0.58615	0.58619			6
2024.12.05	02:41:34.822	0.58613	0.58617			6
2024.12.05	02:41:35.126	0.58610	0.58615			6
2024.12.05	02:41:35.442	0.58611				2
2024.12.05	02:41:35.746	0.58607	0.58610			6
2024.12.05	02:41:36.764	0.58605	0.58609			6
2024.12.05	02:41:37.081	0.58606				2
2024.12.05	02:41:37.762	0.58604	0.58608			6
2024.12.05	02:41:38.368	0.58605				2
2024.12.05	02:41:38.675	0.58606	0.58609			6
2024.12.05	02:41:39.852	0.58605	0.58608			6
2024.12.05	02:41:40.163	0.58604				2
2024.12.05	02:41:40.806	0.58606	0.58609			6
2024.12.05	02:41:41.451	0.58604	0.58608			6
2024.12.05	02:41:44.860		0.58607			4
2024.12.05	02:41:47.200	0.58606	0.58609			6
2024.12.05	02:41:48.858	0.58605				2
2024.12.05	02:41:50.222	0.58604	0.58608			6
2024.12.05	02:41:51.731	0.58606	0.58609			6
2024.12.05	02:41:52.618	0.58607				2
2024.12.05	02:41:56.868	0.58606				2
2024.12.05	02:41:57.705	0.58605	0.58610			6
2024.12.05	02:41:58.714		0.58611			4
2024.12.05	02:41:59.744	0.58607	0.58612			6
2024.12.05	02:42:00.076	0.58607				2
2024.12.05	02:42:03.710	0.58605	0.58609			6
2024.12.05	02:42:04.026	0.58604				2
2024.12.05	02:42:04.486		0.58608			4
2024.12.05	02:42:14.347		0.58607			4
2024.12.05	02:42:22.093	0.58605	0.58609			6
2024.12.05	02:42:25.662		0.58608			4
2024.12.05	02:42:29.135		0.58609			4
2024.12.05	02:42:33.130	0.58606				2
2024.12.05	02:42:36.005	0.58605				2
2024.12.05	02:42:37.560		0.58608			4
2024.12.05	02:42:38.659	0.58606	0.58609			6
2024.12.05	02:42:50.268		0.58608			4
2024.12.05	02:42:52.403	0.58607	0.58609			6
2024.12.05	02:42:54.851	0.58608	0.58610			6
2024.12.05	02:43:00.037	0.58608				2
2024.12.05	02:43:01.851	0.58607	0.58609			6
2024.12.05	02:43:07.289	0.58606	0.58608			6
2024.12.05	02:43:07.894	0.58607	0.58609			6
2024.12.05	02:43:08.798	0.58608	0.58610			6
2024.12.05	02:43:09.100	0.58607	0.58609			6
2024.12.05	02:43:10.006	0.58606	0.58608			6
2024.12.05	02:43:10.311	0.58607				2
2024.12.05	02:43:13.030		0.58609			4
2024.12.05	02:43:14.239	0.58606	0.58608			6
2024.12.05	02:43:15.750	0.58607	0.58609			6
2024.12.05	02:43:16.050	0.58606	0.58608			6
2024.12.05	02:43:16.354	0.58607	0.58609			6
2024.12.05	02:43:20.281		0.58608			4
2024.12.05	02:43:20.581	0.58609	0.58611			6
2024.12.05	02:43:22.444	0.58607	0.58609			6
2024.12.05	02:43:27.277	0.58608	0.58610			6
2024.12.05	02:43:32.715	0.58610	0.58612			6
2024.12.05	02:43:34.529	0.58611	0.58613			6
2024.12.05	02:43:35.787	0.58609	0.58611			6
2024.12.05	02:43:37.952	0.58611	0.58613			6
2024.12.05	02:43:38.256	0.58613	0.58615			6
2024.12.05	02:43:47.417	0.58615	0.58617			6
2024.12.05	02:43:52.953	0.58616	0.58618			6
2024.12.05	02:43:56.579	0.58615	0.58617			6
2024.12.05	02:43:57.487	0.58614	0.58616			6
2024.12.05	02:44:00.306	0.58614				2
2024.12.05	02:44:01.215	0.58613	0.58615			6
2024.12.05	02:44:06.748	0.58611	0.58613			6
2024.12.05	02:44:09.769	0.58617	0.58618			6
2024.12.05	02:44:13.447	0.58616				2
2024.12.05	02:44:13.751	0.58615	0.58616			6
2024.12.05	02:44:15.312	0.58614				2
2024.12.05	02:44:18.333		0.58615			4
2024.12.05	02:44:20.146		0.58616			4
2024.12.05	02:44:20.749		0.58615			4
2024.12.05	02:44:21.052	0.58616	0.58618			6
2024.12.05	02:44:21.354	0.58614	0.58617			6
2024.12.05	02:44:21.655		0.58616			4
2024.12.05	02:44:29.863	0.58616	0.58617			6
2024.12.05	02:44:30.165	0.58620	0.58623			6
2024.12.05	02:44:31.207	0.58624	0.58626			6
2024.12.05	02:44:31.514	0.58625	0.58627			6
2024.12.05	02:44:32.138	0.58623	0.58626			6
2024.12.05	02:44:32.444	0.58622	0.58625			6
2024.12.05	02:44:39.944	0.58625	0.58626			6
2024.12.05	02:44:42.705		0.58627			4
2024.12.05	02:44:43.406	0.58624				2
2024.12.05	02:44:44.825	0.58622	0.58625			6
2024.12.05	02:44:46.517	0.58625	0.58627			6
2024.12.05	02:44:46.843	0.58624				2
2024.12.05	02:44:50.378	0.58622	0.58625			6
2024.12.05	02:44:55.258	0.58621				2
2024.12.05	02:44:57.409	0.58624				2
2024.12.05	02:45:00.131	0.58624				2
2024.12.05	02:45:00.737		0.58626			4
2024.12.05	02:45:02.924	0.58622	0.58625			6
2024.12.05	02:45:04.425		0.58624			4
2024.12.05	02:45:06.462		0.58625			4
2024.12.05	02:45:07.378		0.58624			4
2024.12.05	02:45:07.685	0.58617	0.58619			6
2024.12.05	02:45:08.338		0.58620			4
2024.12.05	02:45:09.452		0.58621			4
2024.12.05	02:45:15.035	0.58616	0.58620			6
2024.12.05	02:45:17.407	0.58617				2
2024.12.05	02:45:20.846		0.58619			4
2024.12.05	02:45:22.378	0.58614	0.58615			6
2024.12.05	02:45:22.703	0.58609	0.58611			6
2024.12.05	02:45:23.007	0.58607	0.58609			6
2024.12.05	02:45:24.845	0.58606				2
2024.12.05	02:45:25.865	0.58605	0.58607			6
2024.12.05	02:45:28.034	0.58604				2
2024.12.05	02:45:28.367	0.58605				2
2024.12.05	02:45:30.132	0.58604				2
2024.12.05	02:45:31.867		0.58605			4
2024.12.05	02:45:42.353	0.58603				2
2024.12.05	02:45:42.657	0.58604				2
2024.12.05	02:45:45.337	0.58603				2
2024.12.05	02:45:46.028	0.58604				2
2024.12.05	02:45:47.706	0.58603				2
2024.12.05	02:45:48.772	0.58604				2
2024.12.05	02:45:55.022	0.58603				2
2024.12.05	02:46:00.071	0.58603				2
2024.12.05	02:46:07.699	0.58602				2
2024.12.05	02:46:09.478	0.58593	0.58595			6
2024.12.05	02:46:09.783		0.58594			4
2024.12.05	02:46:14.409	0.58594	0.58595			6
2024.12.05	02:46:15.520	0.58593				2
2024.12.05	02:46:17.082	0.58592				2
2024.12.05	02:46:17.746	0.58591	0.58594			6
2024.12.05	02:46:26.312	0.58593	0.58595			6
2024.12.05	02:46:27.543	0.58592				2
2024.12.05	02:46:28.200	0.58594	0.58596			6
2024.12.05	02:46:28.506	0.58593				2
2024.12.05	02:46:30.285		0.58595			4
