<DATE>	<TIME>	<BID>	<ASK>	<LAST>	<VOLUME>	<FLAGS>
2024.10.29	00:00:00.165	0.59788	0.59824			6
2024.10.29	00:00:00.555	0.59787	0.59834			6
2024.10.29	00:00:02.068		0.59835			4
2024.10.29	00:00:04.281		0.59837			4
2024.10.29	00:00:09.299		0.59836			4
2024.10.29	00:02:01.441	0.59789	0.59836			6
2024.10.29	00:02:06.272		0.59833			4
2024.10.29	00:02:15.332		0.59835			4
2024.10.29	00:02:20.298		0.59833			4
2024.10.29	00:02:29.373		0.59847			4
2024.10.29	00:03:06.199	0.59789				2
2024.10.29	00:03:31.084		0.59847			4
2024.10.29	00:04:00.490	0.59789				2
2024.10.29	00:04:31.456		0.59847			4
2024.10.29	00:04:52.633		0.59856			4
2024.10.29	00:04:53.736		0.59847			4
2024.10.29	00:05:01.232	0.59789	0.59848			6
2024.10.29	00:05:06.468		0.59849			4
2024.10.29	00:05:22.190		0.59854			4
2024.10.29	00:05:27.475		0.59844			4
2024.10.29	00:06:01.303	0.59789				2
2024.10.29	00:06:29.706		0.59844			4
2024.10.29	00:07:00.928	0.59789				2
2024.10.29	00:07:41.083		0.59844			4
2024.10.29	00:08:02.238	0.59789				2
2024.10.29	00:08:44.604		0.59844			4
2024.10.29	00:09:02.173	0.59789				2
2024.10.29	00:09:49.167		0.59844			4
2024.10.29	00:10:00.318	0.59789				2
2024.10.29	00:10:49.643		0.59844			4
2024.10.29	00:11:03.927	0.59789				2
2024.10.29	00:11:28.788		0.59852			4
2024.10.29	00:11:32.824	0.59794	0.59846			6
2024.10.29	00:11:55.793	0.59799	0.59848			6
2024.10.29	00:12:00.700	0.59799				2
2024.10.29	00:12:46.367	0.59804	0.59850			6
2024.10.29	00:13:00.805	0.59804				2
2024.10.29	00:13:51.035		0.59850			4
2024.10.29	00:14:15.556	0.59804				2
2024.10.29	00:15:00.396	0.59804	0.59850			6
2024.10.29	00:15:55.101	0.59805				2
2024.10.29	00:16:00.959	0.59805	0.59850			6
2024.10.29	00:16:28.528		0.59848			4
2024.10.29	00:16:28.990		0.59850			4
2024.10.29	00:17:06.394	0.59805				2
2024.10.29	00:17:31.084		0.59850			4
2024.10.29	00:17:31.928	0.59804				2
2024.10.29	00:18:01.955	0.59804				2
2024.10.29	00:18:35.101		0.59850			4
2024.10.29	00:19:07.652	0.59804				2
2024.10.29	00:19:37.840		0.59850			4
2024.10.29	00:20:01.071	0.59804				2
2024.10.29	00:20:42.884		0.59850			4
2024.10.29	00:21:01.942	0.59804				2
2024.10.29	00:21:51.145		0.59850			4
2024.10.29	00:22:00.440	0.59804				2
2024.10.29	00:22:56.028		0.59850			4
2024.10.29	00:23:10.927	0.59804				2
2024.10.29	00:23:58.162		0.59850			4
2024.10.29	00:24:00.936	0.59804				2
2024.10.29	00:24:41.079		0.59855			4
2024.10.29	00:24:56.272		0.59854			4
2024.10.29	00:25:01.940	0.59804				2
2024.10.29	00:25:48.437		0.59855			4
2024.10.29	00:25:55.514	0.59802				2
2024.10.29	00:26:01.679	0.59802				2
2024.10.29	00:26:12.452		0.59854			4
2024.10.29	00:27:08.016	0.59802				2
2024.10.29	00:27:09.895	0.59812				2
2024.10.29	00:27:10.396	0.59810				2
2024.10.29	00:27:10.890	0.59812				2
2024.10.29	00:27:11.395	0.59810				2
2024.10.29	00:27:11.893	0.59811				2
2024.10.29	00:27:12.417	0.59810				2
2024.10.29	00:27:12.893	0.59811	0.59855			6
2024.10.29	00:27:13.408	0.59810				2
2024.10.29	00:27:13.896	0.59811				2
2024.10.29	00:27:14.355	0.59810				2
2024.10.29	00:27:14.908	0.59811				2
2024.10.29	00:27:15.346	0.59810				2
2024.10.29	00:27:15.894	0.59811				2
2024.10.29	00:27:16.395	0.59810				2
2024.10.29	00:27:16.903	0.59811				2
2024.10.29	00:27:17.391	0.59810				2
2024.10.29	00:27:17.887	0.59811				2
2024.10.29	00:27:18.399	0.59810				2
2024.10.29	00:27:18.889	0.59811				2
2024.10.29	00:27:19.401	0.59810				2
2024.10.29	00:27:19.891	0.59811				2
2024.10.29	00:27:20.365	0.59810				2
2024.10.29	00:27:20.889	0.59811				2
2024.10.29	00:27:21.404	0.59810				2
2024.10.29	00:27:21.889	0.59811				2
2024.10.29	00:27:22.358	0.59810				2
2024.10.29	00:27:22.898	0.59811				2
2024.10.29	00:27:23.387	0.59810				2
2024.10.29	00:27:23.919	0.59811				2
2024.10.29	00:27:24.397	0.59810				2
2024.10.29	00:27:24.886	0.59811				2
2024.10.29	00:27:25.398	0.59810				2
2024.10.29	00:27:25.938	0.59811				2
2024.10.29	00:27:26.388	0.59810				2
2024.10.29	00:27:26.894	0.59811				2
2024.10.29	00:27:27.392	0.59810				2
2024.10.29	00:27:27.902	0.59811				2
2024.10.29	00:27:28.401	0.59810				2
2024.10.29	00:27:28.893	0.59811				2
2024.10.29	00:27:29.427	0.59810				2
2024.10.29	00:27:29.899	0.59811				2
2024.10.29	00:27:30.389	0.59810				2
2024.10.29	00:27:30.894	0.59811				2
2024.10.29	00:27:31.403	0.59810				2
2024.10.29	00:27:31.931	0.59811				2
2024.10.29	00:27:32.403	0.59810				2
2024.10.29	00:27:32.951	0.59811				2
2024.10.29	00:27:55.161	0.59810				2
2024.10.29	00:28:00.790	0.59810	0.59854			6
2024.10.29	00:28:52.373	0.59808				2
2024.10.29	00:29:03.424	0.59808	0.59854			6
2024.10.29	00:29:53.543	0.59802				2
2024.10.29	00:30:00.313	0.59802	0.59850			6
2024.10.29	00:31:06.237	0.59802	0.59850			6
2024.10.29	00:31:48.903	0.59803				2
2024.10.29	00:31:55.281	0.59802				2
2024.10.29	00:32:00.391	0.59802				2
2024.10.29	00:32:09.484		0.59850			4
2024.10.29	00:32:13.442	0.59803				2
2024.10.29	00:32:14.440	0.59802				2
2024.10.29	00:32:35.565	0.59803				2
2024.10.29	00:32:36.041	0.59802				2
2024.10.29	00:33:01.065	0.59802				2
2024.10.29	00:33:09.812		0.59850			4
2024.10.29	00:34:01.947	0.59802				2
2024.10.29	00:34:15.350		0.59850			4
2024.10.29	00:35:00.113	0.59802				2
2024.10.29	00:35:01.117	0.59803				2
2024.10.29	00:35:01.631	0.59802				2
2024.10.29	00:35:09.005	0.59803				2
2024.10.29	00:35:14.350	0.59802				2
2024.10.29	00:35:18.608		0.59850			4
2024.10.29	00:36:10.339	0.59802				2
2024.10.29	00:36:11.470	0.59809	0.59852			6
2024.10.29	00:36:21.189	0.59804	0.59850			6
2024.10.29	00:37:06.015	0.59804				2
2024.10.29	00:37:25.150		0.59850			4
2024.10.29	00:38:04.154	0.59804				2
2024.10.29	00:38:25.949		0.59850			4
2024.10.29	00:39:00.933	0.59804				2
2024.10.29	00:39:19.529		0.59844			4
2024.10.29	00:40:08.237	0.59804				2
2024.10.29	00:40:19.529		0.59844			4
2024.10.29	00:41:01.065	0.59804				2
2024.10.29	00:41:21.944		0.59844			4
2024.10.29	00:42:00.737	0.59804				2
2024.10.29	00:42:26.633		0.59844			4
2024.10.29	00:43:01.035	0.59804				2
2024.10.29	00:43:27.858		0.59844			4
2024.10.29	00:44:02.513	0.59804				2
2024.10.29	00:44:30.538		0.59844			4
2024.10.29	00:45:02.205	0.59802	0.59846			6
2024.10.29	00:45:04.172	0.59804	0.59844			6
2024.10.29	00:45:07.636	0.59819	0.59830			6
2024.10.29	00:46:05.557	0.59819				2
2024.10.29	00:46:07.937		0.59830			4
2024.10.29	00:46:21.577	0.59816				2
2024.10.29	00:47:02.177	0.59816	0.59832			6
2024.10.29	00:47:24.526		0.59833			4
2024.10.29	00:47:34.546	0.59814	0.59830			6
2024.10.29	00:47:36.135		0.59829			4
2024.10.29	00:48:13.936	0.59814				2
2024.10.29	00:48:40.088		0.59829			4
2024.10.29	00:49:03.345	0.59814				2
2024.10.29	00:49:34.559	0.59811				2
2024.10.29	00:49:41.803		0.59829			4
2024.10.29	00:49:46.945		0.59830			4
2024.10.29	00:49:56.546		0.59829			4
2024.10.29	00:50:02.547	0.59811				2
2024.10.29	00:50:31.040		0.59828			4
2024.10.29	00:50:47.586		0.59827			4
2024.10.29	00:50:52.332		0.59828			4
2024.10.29	00:50:52.942	0.59812	0.59830			6
2024.10.29	00:50:53.393		0.59831			4
2024.10.29	00:50:55.697	0.59811	0.59829			6
2024.10.29	00:51:00.440	0.59811				2
2024.10.29	00:51:02.527		0.59828			4
2024.10.29	00:51:41.241		0.59829			4
2024.10.29	00:51:51.743		0.59828			4
2024.10.29	00:52:00.743	0.59811				2
2024.10.29	00:52:17.529	0.59805	0.59825			6
2024.10.29	00:52:17.988		0.59823			4
2024.10.29	00:52:32.126	0.59804				2
2024.10.29	00:52:42.756		0.59822			4
2024.10.29	00:52:46.232	0.59806	0.59826			6
2024.10.29	00:52:47.738	0.59808				2
2024.10.29	00:53:01.413	0.59808				2
2024.10.29	00:53:02.787		0.59827			4
2024.10.29	00:53:04.823	0.59804	0.59823			6
2024.10.29	00:53:25.659		0.59824			4
2024.10.29	00:53:28.325		0.59823			4
2024.10.29	00:53:30.576		0.59824			4
2024.10.29	00:53:37.830		0.59822			4
2024.10.29	00:53:52.666		0.59820			4
2024.10.29	00:53:53.103		0.59821			4
2024.10.29	00:53:54.381		0.59822			4
2024.10.29	00:54:01.215	0.59804	0.59821			6
2024.10.29	00:54:03.123		0.59822			4
2024.10.29	00:54:13.336		0.59821			4
2024.10.29	00:54:18.119	0.59803				2
2024.10.29	00:54:21.660	0.59789	0.59809			6
2024.10.29	00:54:22.211		0.59807			4
2024.10.29	00:54:22.515	0.59787				2
2024.10.29	00:54:22.823	0.59788				2
2024.10.29	00:54:23.409	0.59786	0.59806			6
2024.10.29	00:54:23.818		0.59807			4
2024.10.29	00:54:24.264	0.59785				2
2024.10.29	00:54:25.888	0.59786				2
2024.10.29	00:54:27.927		0.59808			4
2024.10.29	00:54:28.937	0.59787	0.59809			6
2024.10.29	00:54:30.214	0.59788				2
2024.10.29	00:54:32.356	0.59787				2
2024.10.29	00:54:37.944	0.59786	0.59808			6
2024.10.29	00:54:40.451	0.59787	0.59809			6
2024.10.29	00:54:42.718	0.59786	0.59808			6
2024.10.29	00:54:55.858		0.59809			4
2024.10.29	00:54:57.145	0.59785	0.59808			6
2024.10.29	00:55:00.914	0.59786	0.59809			6
2024.10.29	00:55:04.005	0.59784	0.59807			6
2024.10.29	00:55:04.311	0.59785				2
2024.10.29	00:55:04.706		0.59808			4
2024.10.29	00:55:06.213		0.59807			4
2024.10.29	00:55:10.327	0.59782	0.59802			6
2024.10.29	00:55:10.876	0.59783				2
2024.10.29	00:55:11.185	0.59782				2
2024.10.29	00:55:11.837	0.59781				2
2024.10.29	00:55:12.142	0.59782				2
2024.10.29	00:55:13.108	0.59781				2
2024.10.29	00:55:15.353	0.59782				2
2024.10.29	00:55:16.165	0.59781				2
2024.10.29	00:55:28.987	0.59782				2
2024.10.29	00:55:36.296	0.59783	0.59805			6
2024.10.29	00:55:37.369		0.59807			4
2024.10.29	00:55:37.731	0.59784				2
2024.10.29	00:55:42.676		0.59808			4
2024.10.29	00:55:43.340		0.59809			4
2024.10.29	00:55:57.498		0.59810			4
2024.10.29	00:56:00.445	0.59784	0.59809			6
2024.10.29	00:56:09.236	0.59785				2
2024.10.29	00:56:11.327	0.59784				2
2024.10.29	00:56:18.318	0.59783				2
2024.10.29	00:56:52.672	0.59784	0.59810			6
2024.10.29	00:57:02.743	0.59785	0.59807			6
2024.10.29	00:57:04.883		0.59811			4
2024.10.29	00:57:05.546	0.59788				2
2024.10.29	00:57:07.150		0.59809			4
2024.10.29	00:57:08.392		0.59810			4
2024.10.29	00:57:09.285		0.59811			4
2024.10.29	00:57:10.641		0.59810			4
2024.10.29	00:57:13.583		0.59811			4
2024.10.29	00:57:14.242		0.59810			4
2024.10.29	00:57:14.685		0.59811			4
2024.10.29	00:57:20.498		0.59812			4
2024.10.29	00:57:58.345		0.59811			4
2024.10.29	00:58:00.979	0.59789	0.59812			6
2024.10.29	00:58:01.338	0.59791				2
2024.10.29	00:58:02.844	0.59789				2
2024.10.29	00:58:03.397	0.59791				2
2024.10.29	00:58:18.303	0.59790				2
2024.10.29	00:58:25.553	0.59791				2
2024.10.29	00:58:38.313	0.59792				2
2024.10.29	00:58:38.890	0.59788				2
2024.10.29	00:58:39.314	0.59789				2
2024.10.29	00:58:54.083	0.59788				2
2024.10.29	00:58:54.765	0.59789				2
2024.10.29	00:59:00.940	0.59789				2
2024.10.29	00:59:05.735		0.59812			4
2024.10.29	00:59:13.777		0.59810			4
2024.10.29	00:59:14.510		0.59812			4
2024.10.29	00:59:16.817	0.59790				2
2024.10.29	00:59:17.790	0.59789				2
2024.10.29	01:00:00.312	0.59790	0.59811			6
2024.10.29	01:00:00.614	0.59784	0.59807			6
2024.10.29	01:00:00.942		0.59805			4
2024.10.29	01:00:01.370	0.59786	0.59804			6
2024.10.29	01:00:02.195		0.59810			4
2024.10.29	01:00:03.063		0.59811			4
2024.10.29	01:00:04.542	0.59787				2
2024.10.29	01:00:07.693	0.59791	0.59812			6
2024.10.29	01:00:07.996		0.59810			4
2024.10.29	01:00:10.382	0.59793	0.59812			6
2024.10.29	01:00:14.620	0.59794				2
2024.10.29	01:00:17.378	0.59793				2
2024.10.29	01:00:20.619	0.59792				2
2024.10.29	01:00:20.926	0.59794				2
2024.10.29	01:00:22.039	0.59791				2
2024.10.29	01:00:22.363	0.59792				2
2024.10.29	01:00:31.043	0.59791				2
2024.10.29	01:00:35.537	0.59789				2
2024.10.29	01:00:35.844	0.59788	0.59810			6
2024.10.29	01:00:36.377	0.59789				2
2024.10.29	01:00:40.384		0.59808			4
2024.10.29	01:00:48.358	0.59790				2
2024.10.29	01:00:50.394	0.59789				2
2024.10.29	01:00:53.754	0.59790				2
2024.10.29	01:00:56.877	0.59787	0.59806			6
2024.10.29	01:00:57.188	0.59788				2
2024.10.29	01:00:58.627		0.59807			4
2024.10.29	01:01:00.314	0.59788				2
2024.10.29	01:01:03.880	0.59793	0.59808			6
2024.10.29	01:01:05.669		0.59807			4
2024.10.29	01:01:06.484		0.59806			4
2024.10.29	01:01:10.544		0.59807			4
2024.10.29	01:01:14.576		0.59808			4
2024.10.29	01:01:15.907		0.59809			4
2024.10.29	01:01:17.473		0.59808			4
2024.10.29	01:01:21.611		0.59807			4
2024.10.29	01:01:21.939		0.59808			4
2024.10.29	01:01:23.431		0.59807			4
2024.10.29	01:01:24.239		0.59808			4
2024.10.29	01:01:28.914	0.59808	0.59812			6
2024.10.29	01:01:29.864		0.59810			4
2024.10.29	01:01:30.483		0.59811			4
2024.10.29	01:01:30.993		0.59810			4
2024.10.29	01:01:35.723	0.59803				2
2024.10.29	01:01:38.659		0.59809			4
2024.10.29	01:01:41.283	0.59786	0.59806			6
2024.10.29	01:02:00.391	0.59786				2
2024.10.29	01:02:10.659	0.59787	0.59805			6
2024.10.29	01:02:14.867		0.59806			4
2024.10.29	01:02:21.572		0.59804			4
2024.10.29	01:02:27.323		0.59803			4
2024.10.29	01:02:55.954	0.59788				2
2024.10.29	01:03:00.445	0.59788	0.59804			6
2024.10.29	01:03:01.489		0.59801			4
2024.10.29	01:03:01.884	0.59790				2
2024.10.29	01:03:08.489	0.59784	0.59798			6
2024.10.29	01:03:09.599		0.59799			4
2024.10.29	01:03:36.608		0.59798			4
2024.10.29	01:03:44.445		0.59799			4
2024.10.29	01:03:44.975	0.59785				2
2024.10.29	01:03:51.925	0.59783				2
2024.10.29	01:03:58.570		0.59798			4
2024.10.29	01:04:03.089	0.59783				2
2024.10.29	01:04:21.613		0.59796			4
2024.10.29	01:05:01.072	0.59781	0.59793			6
2024.10.29	01:05:02.772		0.59790			4
2024.10.29	01:05:06.568		0.59791			4
2024.10.29	01:05:11.016		0.59790			4
2024.10.29	01:05:22.245		0.59792			4
2024.10.29	01:05:22.742		0.59790			4
2024.10.29	01:05:28.129		0.59792			4
2024.10.29	01:05:33.290		0.59790			4
2024.10.29	01:05:37.554		0.59789			4
2024.10.29	01:06:00.584	0.59781				2
2024.10.29	01:06:14.537		0.59788			4
2024.10.29	01:06:16.697		0.59793			4
2024.10.29	01:06:20.776		0.59791			4
2024.10.29	01:06:27.729		0.59790			4
2024.10.29	01:06:35.025		0.59787			4
2024.10.29	01:06:35.332	0.59776	0.59785			6
2024.10.29	01:06:50.751	0.59777	0.59787			6
2024.10.29	01:07:00.430	0.59778	0.59788			6
2024.10.29	01:07:01.915	0.59785	0.59795			6
2024.10.29	01:07:06.149	0.59787				2
2024.10.29	01:07:12.664	0.59785				2
2024.10.29	01:07:13.596		0.59794			4
2024.10.29	01:07:13.902		0.59793			4
2024.10.29	01:07:20.388		0.59794			4
2024.10.29	01:07:44.141		0.59793			4
2024.10.29	01:08:00.740	0.59785				2
2024.10.29	01:08:41.676		0.59792			4
2024.10.29	01:08:56.480		0.59794			4
2024.10.29	01:09:04.010	0.59785				2
2024.10.29	01:09:22.310		0.59793			4
2024.10.29	01:09:28.637		0.59794			4
2024.10.29	01:09:40.960		0.59793			4
2024.10.29	01:10:00.416	0.59785	0.59792			6
2024.10.29	01:10:01.874		0.59793			4
2024.10.29	01:10:06.068		0.59794			4
2024.10.29	01:10:09.998		0.59793			4
2024.10.29	01:10:16.423		0.59794			4
2024.10.29	01:10:32.541		0.59792			4
2024.10.29	01:10:34.697		0.59793			4
2024.10.29	01:10:44.834		0.59794			4
2024.10.29	01:10:56.570		0.59795			4
2024.10.29	01:10:57.066		0.59794			4
2024.10.29	01:11:00.859	0.59785				2
2024.10.29	01:11:04.190	0.59786				2
2024.10.29	01:11:09.839		0.59795			4
2024.10.29	01:11:16.715		0.59794			4
2024.10.29	01:11:43.627	0.59787				2
2024.10.29	01:11:43.943		0.59795			4
2024.10.29	01:12:01.250	0.59787				2
2024.10.29	01:12:19.339		0.59793			4
2024.10.29	01:12:20.261	0.59790	0.59797			6
2024.10.29	01:12:20.571		0.59798			4
2024.10.29	01:12:43.414	0.59791				2
2024.10.29	01:12:47.598		0.59797			4
2024.10.29	01:13:01.896	0.59791				2
2024.10.29	01:13:05.192	0.59787	0.59793			6
2024.10.29	01:13:05.785	0.59788	0.59794			6
2024.10.29	01:13:08.238	0.59786	0.59792			6
2024.10.29	01:13:12.913		0.59791			4
2024.10.29	01:13:30.746		0.59792			4
2024.10.29	01:13:40.117		0.59791			4
2024.10.29	01:13:47.913		0.59793			4
2024.10.29	01:13:56.567		0.59794			4
2024.10.29	01:14:01.923	0.59786	0.59791			6
2024.10.29	01:14:41.176	0.59782	0.59789			6
2024.10.29	01:14:41.552	0.59784				2
2024.10.29	01:14:42.160	0.59782				2
2024.10.29	01:14:45.428		0.59788			4
2024.10.29	01:14:47.308		0.59789			4
2024.10.29	01:14:51.345		0.59788			4
2024.10.29	01:14:58.017		0.59789			4
2024.10.29	01:15:00.398	0.59782				2
2024.10.29	01:15:17.798	0.59781	0.59788			6
2024.10.29	01:15:18.101	0.59780				2
2024.10.29	01:15:18.406	0.59782	0.59789			6
2024.10.29	01:15:41.679		0.59788			4
2024.10.29	01:15:41.986		0.59789			4
2024.10.29	01:15:52.052		0.59788			4
2024.10.29	01:16:14.601	0.59782				2
2024.10.29	01:16:17.732		0.59789			4
2024.10.29	01:16:49.669	0.59780	0.59788			6
2024.10.29	01:16:55.330		0.59787			4
2024.10.29	01:16:55.678	0.59781	0.59788			6
2024.10.29	01:16:57.578	0.59780				2
2024.10.29	01:16:59.827		0.59787			4
2024.10.29	01:17:00.277	0.59780	0.59786			6
2024.10.29	01:17:02.165	0.59782				2
2024.10.29	01:17:02.783	0.59781				2
2024.10.29	01:17:03.703	0.59782				2
2024.10.29	01:17:04.525	0.59781				2
2024.10.29	01:17:06.429	0.59782				2
2024.10.29	01:17:08.475	0.59781				2
2024.10.29	01:17:09.485	0.59782				2
2024.10.29	01:17:09.852	0.59781				2
2024.10.29	01:17:10.563	0.59782				2
2024.10.29	01:17:12.610	0.59781				2
2024.10.29	01:17:14.699	0.59782				2
2024.10.29	01:17:17.835	0.59781				2
2024.10.29	01:17:18.155	0.59783	0.59788			6
2024.10.29	01:17:18.482	0.59782				2
2024.10.29	01:17:19.184	0.59783				2
2024.10.29	01:17:22.405	0.59782	0.59787			6
2024.10.29	01:17:23.479	0.59783	0.59788			6
2024.10.29	01:17:25.523	0.59782	0.59787			6
2024.10.29	01:17:26.543	0.59783	0.59788			6
2024.10.29	01:17:38.015	0.59786				2
2024.10.29	01:17:38.317	0.59783				2
2024.10.29	01:17:40.043	0.59782	0.59786			6
2024.10.29	01:17:40.717	0.59781				2
2024.10.29	01:17:42.438	0.59783	0.59787			6
2024.10.29	01:17:42.743	0.59784	0.59788			6
2024.10.29	01:17:52.127		0.59789			4
2024.10.29	01:18:10.938	0.59784				2
2024.10.29	01:18:40.279	0.59785				2
2024.10.29	01:18:52.447	0.59784	0.59789			6
2024.10.29	01:18:58.841	0.59780	0.59784			6
2024.10.29	01:18:59.581	0.59777	0.59781			6
2024.10.29	01:19:00.361	0.59777				2
2024.10.29	01:19:02.619	0.59776	0.59779			6
2024.10.29	01:19:03.002	0.59775				2
2024.10.29	01:19:05.057	0.59776	0.59780			6
2024.10.29	01:19:06.357	0.59777	0.59781			6
2024.10.29	01:19:12.120	0.59775	0.59779			6
2024.10.29	01:19:35.116	0.59778				2
2024.10.29	01:19:35.419	0.59775				2
2024.10.29	01:19:37.733	0.59776	0.59780			6
2024.10.29	01:19:45.468	0.59775	0.59779			6
2024.10.29	01:20:00.081	0.59775				2
2024.10.29	01:20:05.286	0.59770	0.59773			6
2024.10.29	01:20:13.235	0.59772	0.59775			6
2024.10.29	01:20:33.618	0.59775	0.59778			6
2024.10.29	01:20:59.744	0.59776	0.59779			6
2024.10.29	01:21:00.302	0.59780	0.59783			6
2024.10.29	01:21:00.606	0.59781	0.59784			6
2024.10.29	01:22:00.580	0.59781				2
2024.10.29	01:22:04.457		0.59784			4
2024.10.29	01:23:00.502	0.59781				2
2024.10.29	01:23:01.035	0.59780				2
2024.10.29	01:23:04.720		0.59784			4
2024.10.29	01:23:05.766	0.59779	0.59785			6
2024.10.29	01:23:37.013	0.59780	0.59786			6
2024.10.29	01:23:38.203		0.59785			4
2024.10.29	01:23:45.009	0.59782	0.59786			6
2024.10.29	01:23:46.282	0.59781	0.59785			6
2024.10.29	01:23:50.001	0.59782				2
2024.10.29	01:23:55.182	0.59781				2
2024.10.29	01:24:00.436	0.59781				2
2024.10.29	01:24:04.921	0.59782	0.59786			6
2024.10.29	01:24:11.849		0.59785			4
2024.10.29	01:24:13.098	0.59781				2
2024.10.29	01:24:38.233	0.59780	0.59784			6
2024.10.29	01:24:54.970	0.59786	0.59789			6
2024.10.29	01:24:55.702	0.59784				2
2024.10.29	01:24:56.362	0.59786	0.59791			6
2024.10.29	01:24:56.669	0.59784	0.59790			6
2024.10.29	01:25:00.422	0.59784	0.59789			6
2024.10.29	01:25:06.051		0.59790			4
2024.10.29	01:25:11.914	0.59786	0.59792			6
2024.10.29	01:25:21.100		0.59791			4
2024.10.29	01:25:21.459	0.59788	0.59793			6
2024.10.29	01:25:33.153	0.59784	0.59790			6
2024.10.29	01:26:19.942	0.59784				2
2024.10.29	01:26:23.741		0.59789			4
2024.10.29	01:26:24.698	0.59785				2
2024.10.29	01:26:28.393	0.59784				2
2024.10.29	01:26:29.569	0.59785				2
2024.10.29	01:27:09.192	0.59791	0.59794			6
2024.10.29	01:27:10.812		0.59793			4
2024.10.29	01:27:19.018	0.59790				2
2024.10.29	01:27:31.199	0.59791				2
2024.10.29	01:27:31.934	0.59790				2
2024.10.29	01:27:32.552	0.59791	0.59794			6
2024.10.29	01:27:33.238		0.59793			4
2024.10.29	01:27:33.687	0.59790				2
2024.10.29	01:27:49.226		0.59791			4
2024.10.29	01:27:49.540		0.59793			4
2024.10.29	01:27:50.761	0.59794	0.59797			6
2024.10.29	01:28:00.473	0.59790	0.59793			6
2024.10.29	01:29:00.546	0.59791	0.59794			6
2024.10.29	01:29:02.597	0.59790	0.59793			6
2024.10.29	01:29:58.515	0.59791				2
2024.10.29	01:30:00.328	0.59791				2
2024.10.29	01:30:02.228		0.59795			4
2024.10.29	01:30:03.108	0.59793	0.59797			6
2024.10.29	01:30:03.416	0.59794	0.59799			6
2024.10.29	01:30:04.249	0.59795	0.59798			6
2024.10.29	01:30:04.547	0.59794	0.59797			6
2024.10.29	01:30:12.192	0.59792				2
2024.10.29	01:30:13.233	0.59794				2
2024.10.29	01:30:21.989	0.59796				2
2024.10.29	01:30:37.277	0.59794				2
2024.10.29	01:30:40.959	0.59796				2
2024.10.29	01:30:50.505	0.59797	0.59798			6
2024.10.29	01:31:01.419	0.59797				2
2024.10.29	01:31:15.232		0.59799			4
2024.10.29	01:31:18.964	0.59794	0.59795			6
2024.10.29	01:31:21.084	0.59792	0.59794			6
2024.10.29	01:31:33.744	0.59793	0.59795			6
2024.10.29	01:31:34.762	0.59792				2
2024.10.29	01:31:35.649	0.59793				2
2024.10.29	01:31:36.683	0.59792				2
2024.10.29	01:31:40.737	0.59793	0.59796			6
2024.10.29	01:31:42.984	0.59792	0.59795			6
2024.10.29	01:31:46.603		0.59794			4
2024.10.29	01:31:48.239		0.59795			4
2024.10.29	01:31:56.413		0.59794			4
2024.10.29	01:31:57.622	0.59796	0.59799			6
2024.10.29	01:32:00.374	0.59796				2
2024.10.29	01:32:08.980	0.59797				2
2024.10.29	01:32:32.299		0.59800			4
2024.10.29	01:32:33.921	0.59796	0.59799			6
2024.10.29	01:32:45.348		0.59800			4
2024.10.29	01:33:00.922	0.59796				2
2024.10.29	01:33:15.509	0.59795	0.59798			6
2024.10.29	01:33:16.276		0.59797			4
2024.10.29	01:33:57.576	0.59796				2
2024.10.29	01:34:07.227	0.59795				2
2024.10.29	01:34:16.354		0.59797			4
2024.10.29	01:34:55.616		0.59796			4
2024.10.29	01:34:55.919		0.59797			4
2024.10.29	01:35:01.070	0.59795				2
2024.10.29	01:35:31.533	0.59794				2
2024.10.29	01:35:50.778	0.59791	0.59794			6
2024.10.29	01:35:51.102	0.59792	0.59795			6
2024.10.29	01:35:55.109		0.59796			4
2024.10.29	01:35:59.108		0.59794			4
2024.10.29	01:35:59.438		0.59795			4
2024.10.29	01:36:00.575	0.59792				2
2024.10.29	01:36:01.617	0.59791				2
2024.10.29	01:36:01.929	0.59792				2
2024.10.29	01:36:02.367	0.59791				2
2024.10.29	01:36:12.311	0.59793	0.59796			6
2024.10.29	01:36:22.860	0.59791	0.59794			6
2024.10.29	01:36:24.823	0.59792	0.59795			6
2024.10.29	01:36:26.863	0.59791	0.59796			6
2024.10.29	01:36:27.821		0.59794			4
2024.10.29	01:36:30.219	0.59790	0.59793			6
2024.10.29	01:36:44.027	0.59789	0.59791			6
2024.10.29	01:36:44.344	0.59786	0.59790			6
2024.10.29	01:36:44.661	0.59789	0.59793			6
2024.10.29	01:36:44.972	0.59790				2
2024.10.29	01:37:00.100	0.59790				2
2024.10.29	01:37:18.349		0.59794			4
2024.10.29	01:37:20.231	0.59791	0.59795			6
2024.10.29	01:37:20.547	0.59792	0.59796			6
2024.10.29	01:37:31.304	0.59793				2
2024.10.29	01:37:31.674	0.59791				2
2024.10.29	01:37:32.769	0.59792				2
2024.10.29	01:37:33.075	0.59793				2
2024.10.29	01:37:40.682	0.59791				2
2024.10.29	01:37:41.339	0.59792				2
2024.10.29	01:37:41.980	0.59793				2
2024.10.29	01:37:48.543	0.59791				2
2024.10.29	01:37:50.392	0.59793				2
2024.10.29	01:38:00.120	0.59793				2
2024.10.29	01:38:00.651	0.59791				2
2024.10.29	01:38:01.690	0.59793				2
2024.10.29	01:38:03.738	0.59792				2
2024.10.29	01:38:04.726	0.59793				2
2024.10.29	01:38:05.597	0.59792	0.59795			6
2024.10.29	01:38:06.622	0.59793	0.59796			6
2024.10.29	01:38:12.001	0.59794	0.59797			6
2024.10.29	01:38:12.870	0.59792	0.59796			6
2024.10.29	01:38:13.913	0.59793				2
2024.10.29	01:38:15.363	0.59792				2
2024.10.29	01:38:24.168	0.59793				2
2024.10.29	01:38:40.741	0.59795	0.59797			6
2024.10.29	01:38:46.820	0.59794				2
2024.10.29	01:39:03.313	0.59794				2
2024.10.29	01:39:14.603	0.59792	0.59796			6
2024.10.29	01:39:14.902		0.59795			4
2024.10.29	01:39:15.229		0.59796			4
2024.10.29	01:39:15.872	0.59791	0.59794			6
2024.10.29	01:39:21.138	0.59792	0.59795			6
2024.10.29	01:39:22.743	0.59791	0.59794			6
2024.10.29	01:39:35.626	0.59792	0.59796			6
2024.10.29	01:39:36.056		0.59795			4
2024.10.29	01:40:00.832	0.59792				2
2024.10.29	01:40:10.831	0.59793	0.59796			6
2024.10.29	01:40:11.183		0.59797			4
2024.10.29	01:40:12.183		0.59796			4
2024.10.29	01:40:12.660	0.59792				2
2024.10.29	01:40:13.328	0.59794				2
2024.10.29	01:40:14.031		0.59797			4
2024.10.29	01:40:14.402	0.59793	0.59796			6
2024.10.29	01:40:15.469	0.59794	0.59797			6
2024.10.29	01:40:16.489	0.59793	0.59796			6
2024.10.29	01:40:30.410		0.59797			4
2024.10.29	01:40:30.750		0.59796			4
2024.10.29	01:40:31.250	0.59794	0.59797			6
2024.10.29	01:40:42.023		0.59795			4
2024.10.29	01:40:42.328		0.59797			4
2024.10.29	01:40:44.399	0.59793	0.59796			6
2024.10.29	01:40:50.186	0.59791	0.59795			6
2024.10.29	01:40:52.711		0.59794			4
2024.10.29	01:41:00.448	0.59791				2
2024.10.29	01:41:35.492		0.59795			4
2024.10.29	01:41:48.220	0.59792				2
2024.10.29	01:41:53.963	0.59791				2
2024.10.29	01:41:57.797	0.59792				2
2024.10.29	01:42:00.515	0.59791	0.59794			6
2024.10.29	01:42:10.876	0.59785	0.59788			6
2024.10.29	01:42:27.589	0.59787	0.59790			6
2024.10.29	01:42:27.911	0.59785	0.59789			6
2024.10.29	01:42:29.671		0.59788			4
2024.10.29	01:42:30.919	0.59784	0.59786			6
2024.10.29	01:42:41.194		0.59787			4
2024.10.29	01:42:44.832	0.59783				2
2024.10.29	01:43:02.096	0.59783				2
2024.10.29	01:43:27.788	0.59781	0.59785			6
2024.10.29	01:43:28.381	0.59782	0.59784			6
2024.10.29	01:43:28.914		0.59785			4
2024.10.29	01:43:34.360	0.59783				2
2024.10.29	01:43:34.905	0.59782				2
2024.10.29	01:43:42.649	0.59783				2
2024.10.29	01:43:43.333	0.59781				2
2024.10.29	01:43:44.374	0.59782				2
2024.10.29	01:43:55.661	0.59780	0.59784			6
2024.10.29	01:43:56.047	0.59781				2
2024.10.29	01:43:57.008	0.59780				2
2024.10.29	01:44:00.041	0.59780				2
2024.10.29	01:44:02.901	0.59781				2
2024.10.29	01:44:06.902	0.59780				2
2024.10.29	01:44:07.245	0.59781				2
2024.10.29	01:44:12.191	0.59783	0.59785			6
2024.10.29	01:44:22.417	0.59784	0.59787			6
2024.10.29	01:44:23.555	0.59785	0.59788			6
2024.10.29	01:44:36.176		0.59787			4
2024.10.29	01:44:42.876	0.59781	0.59785			6
2024.10.29	01:44:43.786	0.59783				2
2024.10.29	01:44:53.350	0.59782				2
2024.10.29	01:44:55.850	0.59783				2
2024.10.29	01:44:56.600	0.59782				2
2024.10.29	01:44:56.940	0.59783				2
2024.10.29	01:45:00.284	0.59783				2
2024.10.29	01:45:03.728	0.59780	0.59783			6
2024.10.29	01:45:43.795		0.59782			4
2024.10.29	01:45:51.275	0.59782	0.59783			6
2024.10.29	01:45:51.580	0.59780	0.59782			6
2024.10.29	01:45:53.366	0.59779				2
2024.10.29	01:45:55.365	0.59780				2
2024.10.29	01:46:00.123	0.59780				2
2024.10.29	01:46:04.491	0.59775	0.59781			6
2024.10.29	01:46:15.237	0.59779	0.59782			6
2024.10.29	01:46:19.077	0.59778	0.59781			6
2024.10.29	01:46:41.067		0.59782			4
2024.10.29	01:46:51.330	0.59779				2
2024.10.29	01:47:00.088	0.59779				2
2024.10.29	01:47:05.221		0.59783			4
2024.10.29	01:47:06.393	0.59780				2
2024.10.29	01:47:22.768	0.59782	0.59785			6
2024.10.29	01:47:23.440	0.59778	0.59781			6
2024.10.29	01:47:27.119	0.59780	0.59783			6
2024.10.29	01:48:03.708	0.59780				2
2024.10.29	01:48:27.227		0.59783			4
2024.10.29	01:49:01.067	0.59780				2
2024.10.29	01:49:14.314	0.59781	0.59784			6
2024.10.29	01:49:14.643	0.59782				2
2024.10.29	01:49:14.945	0.59781				2
2024.10.29	01:49:18.449	0.59783	0.59786			6
2024.10.29	01:49:18.756		0.59787			4
2024.10.29	01:49:19.626	0.59784				2
2024.10.29	01:49:20.665	0.59783				2
2024.10.29	01:49:21.612	0.59784				2
2024.10.29	01:49:38.240	0.59783				2
2024.10.29	01:49:48.402	0.59785				2
2024.10.29	01:50:01.068	0.59784				2
2024.10.29	01:50:01.385	0.59783	0.59789			6
2024.10.29	01:50:01.705	0.59784				2
2024.10.29	01:50:02.366	0.59785				2
2024.10.29	01:50:04.161	0.59784				2
2024.10.29	01:50:25.658	0.59785				2
2024.10.29	01:50:39.925	0.59786				2
2024.10.29	01:50:41.516	0.59787	0.59790			6
2024.10.29	01:50:45.055	0.59788	0.59793			6
2024.10.29	01:50:46.094		0.59791			4
2024.10.29	01:50:50.442		0.59792			4
2024.10.29	01:50:51.009		0.59791			4
2024.10.29	01:50:53.750		0.59792			4
2024.10.29	01:51:00.230	0.59788				2
2024.10.29	01:51:05.288	0.59790	0.59793			6
2024.10.29	01:51:15.831	0.59791	0.59794			6
2024.10.29	01:51:18.475		0.59795			4
2024.10.29	01:51:23.398	0.59793	0.59796			6
2024.10.29	01:51:38.127	0.59792				2
2024.10.29	01:51:39.242	0.59794	0.59798			6
2024.10.29	01:51:39.547	0.59795				2
2024.10.29	01:51:42.106	0.59793				2
2024.10.29	01:51:43.178	0.59795				2
2024.10.29	01:51:52.187	0.59794	0.59797			6
2024.10.29	01:51:54.454		0.59798			4
2024.10.29	01:52:00.294	0.59794				2
2024.10.29	01:52:04.262		0.59799			4
2024.10.29	01:52:06.171		0.59798			4
2024.10.29	01:52:15.472	0.59795				2
2024.10.29	01:53:00.061	0.59793	0.59797			6
2024.10.29	01:53:00.436	0.59792	0.59795			6
2024.10.29	01:53:01.488		0.59796			4
2024.10.29	01:53:17.109	0.59793				2
2024.10.29	01:53:17.713	0.59792				2
2024.10.29	01:53:19.773	0.59793				2
2024.10.29	01:53:24.102	0.59792	0.59795			6
2024.10.29	01:53:25.320		0.59794			4
2024.10.29	01:53:25.640	0.59790				2
2024.10.29	01:53:51.297	0.59791				2
2024.10.29	01:54:00.399	0.59791				2
2024.10.29	01:54:01.066	0.59790				2
2024.10.29	01:54:25.628		0.59794			4
2024.10.29	01:54:41.403	0.59791				2
2024.10.29	01:54:54.007	0.59790				2
2024.10.29	01:55:00.625	0.59790				2
2024.10.29	01:55:01.066	0.59791				2
2024.10.29	01:55:01.704	0.59790				2
2024.10.29	01:55:08.002		0.59793			4
2024.10.29	01:55:11.293	0.59788	0.59791			6
2024.10.29	01:55:13.956	0.59787	0.59790			6
2024.10.29	01:55:20.384	0.59786				2
2024.10.29	01:55:21.297	0.59788	0.59791			6
2024.10.29	01:55:31.250	0.59787	0.59790			6
2024.10.29	01:55:41.270	0.59788	0.59791			6
2024.10.29	01:55:44.327	0.59787				2
2024.10.29	01:55:51.496		0.59790			4
2024.10.29	01:55:54.427		0.59791			4
2024.10.29	01:56:00.690	0.59787				2
2024.10.29	01:56:01.297	0.59788				2
2024.10.29	01:56:01.928	0.59786	0.59788			6
2024.10.29	01:56:02.231	0.59785				2
2024.10.29	01:56:14.172		0.59787			4
2024.10.29	01:56:15.175		0.59788			4
2024.10.29	01:56:22.992	0.59784				2
2024.10.29	01:56:23.412	0.59785				2
2024.10.29	01:56:43.637		0.59786			4
2024.10.29	01:56:43.943		0.59788			4
2024.10.29	01:56:53.417		0.59789			4
2024.10.29	01:57:01.286	0.59785	0.59788			6
2024.10.29	01:57:23.204	0.59786				2
2024.10.29	01:57:31.294	0.59788	0.59790			6
2024.10.29	01:57:31.735	0.59787				2
2024.10.29	01:57:32.049	0.59786				2
2024.10.29	01:57:36.648	0.59785	0.59788			6
2024.10.29	01:57:53.454		0.59789			4
2024.10.29	01:57:57.777		0.59788			4
2024.10.29	01:58:00.436	0.59785				2
2024.10.29	01:58:08.907	0.59784	0.59787			6
2024.10.29	01:58:12.685		0.59788			4
2024.10.29	01:58:14.306	0.59782	0.59785			6
2024.10.29	01:58:16.848	0.59784	0.59788			6
2024.10.29	01:58:23.431	0.59785				2
2024.10.29	01:58:31.059	0.59786				2
2024.10.29	01:58:41.888		0.59789			4
2024.10.29	01:58:42.975	0.59787				2
2024.10.29	01:58:43.493	0.59792	0.59793			6
2024.10.29	01:58:45.696	0.59793	0.59794			6
2024.10.29	01:58:57.463		0.59795			4
2024.10.29	01:59:00.897	0.59793				2
2024.10.29	01:59:03.367		0.59794			4
2024.10.29	01:59:14.810		0.59795			4
2024.10.29	01:59:17.133	0.59794				2
2024.10.29	01:59:17.443	0.59797	0.59798			6
2024.10.29	01:59:20.125	0.59799	0.59801			6
2024.10.29	01:59:20.431		0.59800			4
2024.10.29	01:59:22.386	0.59802	0.59804			6
2024.10.29	01:59:22.703	0.59803				2
2024.10.29	01:59:27.235	0.59801				2
2024.10.29	01:59:31.971	0.59800	0.59803			6
2024.10.29	01:59:41.303	0.59801	0.59804			6
2024.10.29	01:59:43.602	0.59802	0.59805			6
2024.10.29	01:59:48.821		0.59806			4
2024.10.29	01:59:49.229		0.59805			4
2024.10.29	01:59:53.376	0.59801	0.59804			6
2024.10.29	01:59:56.484	0.59799	0.59802			6
2024.10.29	02:00:00.312	0.59799				2
2024.10.29	02:00:01.348	0.59800				2
2024.10.29	02:00:02.874	0.59801	0.59804			6
2024.10.29	02:00:03.551	0.59803	0.59805			6
2024.10.29	02:00:03.873		0.59806			4
2024.10.29	02:00:04.258	0.59802	0.59805			6
2024.10.29	02:00:04.663	0.59803				2
2024.10.29	02:00:04.974		0.59806			4
2024.10.29	02:00:06.167	0.59804				2
2024.10.29	02:00:06.469	0.59805	0.59807			6
2024.10.29	02:00:31.074	0.59804				2
2024.10.29	02:00:31.380	0.59805				2
2024.10.29	02:00:32.907	0.59804				2
2024.10.29	02:00:39.475	0.59803	0.59805			6
2024.10.29	02:00:53.048		0.59806			4
2024.10.29	02:00:55.100	0.59802	0.59805			6
2024.10.29	02:00:56.183	0.59803				2
2024.10.29	02:00:59.559		0.59806			4
2024.10.29	02:01:00.395	0.59802	0.59805			6
2024.10.29	02:01:01.487	0.59803	0.59806			6
2024.10.29	02:01:01.837		0.59805			4
2024.10.29	02:01:02.794	0.59802				2
2024.10.29	02:01:03.598	0.59803	0.59806			6
2024.10.29	02:01:04.782	0.59802	0.59805			6
2024.10.29	02:01:05.890	0.59803				2
2024.10.29	02:01:10.966		0.59806			4
2024.10.29	02:01:12.946		0.59805			4
2024.10.29	02:01:14.048		0.59806			4
2024.10.29	02:01:15.386		0.59805			4
2024.10.29	02:01:22.500	0.59805	0.59808			6
2024.10.29	02:01:28.818	0.59803	0.59806			6
2024.10.29	02:01:29.145		0.59805			4
2024.10.29	02:01:30.470		0.59806			4
2024.10.29	02:01:38.985	0.59802	0.59807			6
2024.10.29	02:01:39.361	0.59803	0.59806			6
2024.10.29	02:01:41.069	0.59805	0.59808			6
2024.10.29	02:01:57.970	0.59804				2
2024.10.29	02:02:00.188	0.59804				2
2024.10.29	02:02:03.091	0.59803	0.59806			6
2024.10.29	02:02:11.226		0.59805			4
2024.10.29	02:02:15.111		0.59806			4
2024.10.29	02:02:17.102		0.59805			4
2024.10.29	02:02:23.954	0.59802	0.59806			6
2024.10.29	02:02:25.347	0.59803				2
2024.10.29	02:02:29.186	0.59802	0.59804			6
2024.10.29	02:02:34.062		0.59806			4
2024.10.29	02:02:34.582	0.59803				2
2024.10.29	02:02:46.327	0.59802	0.59805			6
2024.10.29	02:02:46.681	0.59803	0.59806			6
2024.10.29	02:02:47.985		0.59805			4
2024.10.29	02:02:48.432		0.59806			4
2024.10.29	02:02:50.417		0.59805			4
2024.10.29	02:02:54.275	0.59802				2
2024.10.29	02:02:57.869		0.59804			4
2024.10.29	02:03:00.317	0.59802				2
2024.10.29	02:03:05.013	0.59798	0.59801			6
2024.10.29	02:03:09.299	0.59800	0.59804			6
2024.10.29	02:03:13.903	0.59802				2
2024.10.29	02:03:14.215		0.59805			4
2024.10.29	02:03:16.818		0.59804			4
2024.10.29	02:03:29.498		0.59805			4
2024.10.29	02:04:02.363	0.59802				2
2024.10.29	02:04:30.928		0.59805			4
2024.10.29	02:04:44.985		0.59806			4
2024.10.29	02:04:47.033		0.59805			4
2024.10.29	02:04:48.347	0.59803	0.59806			6
2024.10.29	02:04:52.501	0.59802	0.59805			6
2024.10.29	02:04:53.127	0.59803	0.59806			6
2024.10.29	02:04:55.451	0.59802	0.59805			6
2024.10.29	02:05:00.590	0.59802				2
2024.10.29	02:05:01.501	0.59803				2
2024.10.29	02:05:02.441		0.59806			4
2024.10.29	02:05:07.649	0.59798	0.59801			6
2024.10.29	02:05:07.981		0.59800			4
2024.10.29	02:05:10.527		0.59801			4
2024.10.29	02:05:17.699	0.59797				2
2024.10.29	02:05:18.709	0.59798				2
2024.10.29	02:05:19.941	0.59800				2
2024.10.29	02:05:21.050	0.59801	0.59802			6
2024.10.29	02:05:24.524	0.59800	0.59801			6
2024.10.29	02:05:26.110	0.59801	0.59802			6
2024.10.29	02:05:33.138	0.59798	0.59801			6
2024.10.29	02:05:50.166		0.59800			4
2024.10.29	02:05:52.901		0.59801			4
2024.10.29	02:05:53.413	0.59800	0.59803			6
2024.10.29	02:05:53.734	0.59801	0.59804			6
2024.10.29	02:05:55.287	0.59800	0.59803			6
2024.10.29	02:05:55.635		0.59802			4
2024.10.29	02:06:00.238	0.59800				2
2024.10.29	02:06:05.068	0.59799				2
2024.10.29	02:06:13.535	0.59801				2
2024.10.29	02:06:18.935	0.59799				2
2024.10.29	02:06:19.685	0.59801				2
2024.10.29	02:06:20.102	0.59798	0.59801			6
2024.10.29	02:06:20.857	0.59799				2
2024.10.29	02:06:22.343	0.59800				2
2024.10.29	02:06:22.688		0.59802			4
2024.10.29	02:06:35.467		0.59803			4
2024.10.29	02:06:49.662	0.59802	0.59804			6
2024.10.29	02:06:49.965		0.59805			4
2024.10.29	02:07:00.579	0.59802				2
2024.10.29	02:07:04.256	0.59803	0.59806			6
2024.10.29	02:07:05.313		0.59805			4
2024.10.29	02:07:07.054		0.59807			4
2024.10.29	02:07:07.503		0.59806			4
2024.10.29	02:07:09.751	0.59804	0.59807			6
2024.10.29	02:07:20.930	0.59807	0.59809			6
2024.10.29	02:07:21.294	0.59806	0.59808			6
2024.10.29	02:07:34.504	0.59805				2
2024.10.29	02:07:35.337	0.59806				2
2024.10.29	02:07:36.925	0.59803	0.59805			6
2024.10.29	02:07:39.164	0.59802				2
2024.10.29	02:07:41.205	0.59803				2
2024.10.29	02:08:00.422	0.59803				2
2024.10.29	02:08:18.021	0.59804				2
2024.10.29	02:08:18.342	0.59803				2
2024.10.29	02:08:20.562		0.59806			4
2024.10.29	02:08:45.443	0.59806	0.59809			6
2024.10.29	02:08:46.007	0.59807				2
2024.10.29	02:08:46.667	0.59806				2
2024.10.29	02:08:46.974	0.59807				2
2024.10.29	02:08:47.390	0.59808	0.59810			6
2024.10.29	02:08:51.078		0.59811			4
2024.10.29	02:08:54.962	0.59812	0.59815			6
2024.10.29	02:08:56.363	0.59813				2
2024.10.29	02:09:00.378	0.59813				2
2024.10.29	02:09:01.333		0.59816			4
2024.10.29	02:09:09.627		0.59815			4
2024.10.29	02:09:10.401	0.59812				2
2024.10.29	02:09:10.725	0.59813	0.59814			6
2024.10.29	02:09:20.626		0.59815			4
2024.10.29	02:09:21.069	0.59812				2
2024.10.29	02:10:00.395	0.59812				2
2024.10.29	02:10:02.247	0.59811				2
2024.10.29	02:10:13.618		0.59814			4
2024.10.29	02:10:16.123		0.59815			4
2024.10.29	02:10:18.013		0.59812			4
2024.10.29	02:10:18.314		0.59815			4
2024.10.29	02:10:18.859	0.59812				2
2024.10.29	02:10:19.552		0.59814			4
2024.10.29	02:10:20.793		0.59815			4
2024.10.29	02:10:28.195	0.59811	0.59814			6
2024.10.29	02:10:33.558	0.59807	0.59810			6
2024.10.29	02:10:34.339		0.59809			4
2024.10.29	02:10:35.783		0.59810			4
2024.10.29	02:10:43.825	0.59808	0.59811			6
2024.10.29	02:10:46.893		0.59809			4
2024.10.29	02:10:52.561	0.59807				2
2024.10.29	02:10:57.969	0.59808	0.59810			6
2024.10.29	02:10:59.034	0.59807				2
2024.10.29	02:10:59.353		0.59809			4
2024.10.29	02:11:00.386	0.59807	0.59810			6
2024.10.29	02:11:12.880	0.59808				2
2024.10.29	02:11:13.188	0.59811	0.59813			6
2024.10.29	02:11:13.528		0.59814			4
2024.10.29	02:11:35.995	0.59812	0.59815			6
2024.10.29	02:11:51.047	0.59811	0.59814			6
2024.10.29	02:11:56.220	0.59809	0.59812			6
2024.10.29	02:11:56.523	0.59808	0.59811			6
2024.10.29	02:12:00.786	0.59808				2
2024.10.29	02:12:51.512	0.59809				2
2024.10.29	02:12:57.172		0.59811			4
2024.10.29	02:13:00.426	0.59809				2
2024.10.29	02:13:06.862		0.59812			4
2024.10.29	02:13:08.400		0.59811			4
2024.10.29	02:13:08.720		0.59812			4
2024.10.29	02:13:10.015		0.59813			4
2024.10.29	02:13:15.639		0.59812			4
2024.10.29	02:13:19.912	0.59811	0.59816			6
2024.10.29	02:13:36.337	0.59812				2
2024.10.29	02:13:43.281		0.59817			4
2024.10.29	02:13:49.528	0.59810	0.59815			6
2024.10.29	02:13:51.366	0.59811	0.59816			6
2024.10.29	02:13:59.711		0.59815			4
2024.10.29	02:14:00.097	0.59811				2
2024.10.29	02:14:20.623	0.59808	0.59813			6
2024.10.29	02:14:22.526	0.59812	0.59817			6
2024.10.29	02:14:33.105		0.59816			4
2024.10.29	02:14:41.997		0.59817			4
2024.10.29	02:14:51.213		0.59816			4
2024.10.29	02:14:57.006	0.59813				2
2024.10.29	02:14:57.706		0.59817			4
2024.10.29	02:15:00.288	0.59812	0.59816			6
2024.10.29	02:15:00.770		0.59817			4
2024.10.29	02:15:10.541		0.59816			4
2024.10.29	02:15:10.947		0.59815			4
2024.10.29	02:15:17.217		0.59814			4
2024.10.29	02:15:19.115		0.59815			4
2024.10.29	02:15:23.258		0.59814			4
2024.10.29	02:15:26.339		0.59815			4
2024.10.29	02:15:30.403		0.59816			4
2024.10.29	02:15:37.748		0.59815			4
2024.10.29	02:15:53.434		0.59817			4
2024.10.29	02:15:53.740		0.59816			4
2024.10.29	02:15:55.059		0.59815			4
2024.10.29	02:15:57.777		0.59816			4
2024.10.29	02:16:00.431	0.59812				2
2024.10.29	02:16:11.030		0.59815			4
2024.10.29	02:17:00.085	0.59812				2
2024.10.29	02:17:00.921	0.59811				2
2024.10.29	02:17:01.310	0.59812				2
2024.10.29	02:17:01.937	0.59811				2
2024.10.29	02:17:15.439		0.59815			4
2024.10.29	02:18:01.408	0.59811				2
2024.10.29	02:18:05.019		0.59814			4
2024.10.29	02:18:32.817	0.59812				2
2024.10.29	02:18:35.168	0.59811	0.59815			6
2024.10.29	02:18:45.621	0.59810	0.59814			6
2024.10.29	02:19:01.750	0.59811	0.59815			6
2024.10.29	02:19:03.640		0.59814			4
2024.10.29	02:19:13.189	0.59810				2
2024.10.29	02:19:16.094	0.59809				2
2024.10.29	02:19:24.276		0.59813			4
2024.10.29	02:19:30.081		0.59814			4
2024.10.29	02:19:34.298	0.59812				2
2024.10.29	02:19:34.616	0.59809				2
2024.10.29	02:19:37.527	0.59807	0.59811			6
2024.10.29	02:19:51.860		0.59810			4
2024.10.29	02:19:53.631		0.59811			4
2024.10.29	02:20:00.930	0.59807				2
2024.10.29	02:20:09.872		0.59810			4
2024.10.29	02:20:10.267		0.59809			4
2024.10.29	02:20:27.447		0.59811			4
2024.10.29	02:20:35.541		0.59810			4
2024.10.29	02:20:39.573		0.59809			4
2024.10.29	02:20:53.476		0.59810			4
2024.10.29	02:20:56.969		0.59809			4
2024.10.29	02:20:57.384	0.59806				2
2024.10.29	02:21:00.924	0.59806				2
2024.10.29	02:21:12.411	0.59807				2
2024.10.29	02:21:12.718	0.59806				2
2024.10.29	02:21:24.053	0.59807	0.59811			6
2024.10.29	02:21:35.209	0.59808				2
2024.10.29	02:21:58.414	0.59807				2
2024.10.29	02:22:00.373	0.59807				2
2024.10.29	02:22:00.712	0.59808				2
2024.10.29	02:22:10.266		0.59810			4
2024.10.29	02:22:10.613		0.59811			4
2024.10.29	02:22:15.428	0.59806				2
2024.10.29	02:22:15.746		0.59810			4
2024.10.29	02:22:22.743	0.59807				2
2024.10.29	02:22:23.217	0.59806				2
2024.10.29	02:22:53.232		0.59807			4
2024.10.29	02:22:53.574		0.59810			4
2024.10.29	02:23:01.066	0.59806				2
2024.10.29	02:23:02.129	0.59805	0.59809			6
2024.10.29	02:24:01.637	0.59805				2
2024.10.29	02:24:02.507		0.59809			4
2024.10.29	02:24:35.592	0.59806				2
2024.10.29	02:24:59.019	0.59803	0.59806			6
2024.10.29	02:25:00.087	0.59803				2
2024.10.29	02:25:01.395		0.59805			4
2024.10.29	02:25:06.174		0.59804			4
2024.10.29	02:25:08.714	0.59799	0.59800			6
2024.10.29	02:25:09.047	0.59798				2
2024.10.29	02:25:13.411	0.59799				2
2024.10.29	02:25:16.245	0.59798				2
2024.10.29	02:25:17.653	0.59799				2
2024.10.29	02:25:18.347	0.59798	0.59799			6
2024.10.29	02:25:22.962	0.59799	0.59800			6
2024.10.29	02:25:23.279	0.59798	0.59799			6
2024.10.29	02:25:36.442		0.59800			4
2024.10.29	02:25:41.011	0.59793	0.59795			6
2024.10.29	02:25:44.202	0.59795	0.59796			6
2024.10.29	02:25:44.505	0.59796	0.59797			6
2024.10.29	02:25:53.869	0.59795	0.59798			6
2024.10.29	02:25:57.221	0.59797	0.59799			6
2024.10.29	02:25:57.619	0.59796				2
2024.10.29	02:26:01.388	0.59796				2
2024.10.29	02:26:03.751	0.59795	0.59798			6
2024.10.29	02:26:04.793	0.59796	0.59799			6
2024.10.29	02:26:19.813		0.59798			4
2024.10.29	02:26:21.460	0.59795				2
2024.10.29	02:26:32.635	0.59794	0.59797			6
2024.10.29	02:26:32.938	0.59795				2
2024.10.29	02:26:36.353	0.59796				2
2024.10.29	02:26:37.762	0.59795				2
2024.10.29	02:26:40.357	0.59796				2
2024.10.29	02:26:55.061		0.59798			4
2024.10.29	02:27:00.552	0.59796				2
2024.10.29	02:27:35.623	0.59797				2
2024.10.29	02:27:35.943	0.59796				2
2024.10.29	02:27:38.341	0.59795				2
2024.10.29	02:27:55.745		0.59798			4
2024.10.29	02:28:00.498	0.59795				2
2024.10.29	02:28:06.441	0.59796				2
2024.10.29	02:28:07.957	0.59794	0.59797			6
2024.10.29	02:28:09.452	0.59798	0.59801			6
2024.10.29	02:28:12.780		0.59800			4
2024.10.29	02:28:14.847		0.59799			4
2024.10.29	02:28:15.152		0.59800			4
2024.10.29	02:28:26.983	0.59797	0.59801			6
2024.10.29	02:28:28.955	0.59795	0.59799			6
2024.10.29	02:28:52.977	0.59796				2
2024.10.29	02:29:01.235	0.59796				2
2024.10.29	02:29:05.509	0.59793	0.59797			6
2024.10.29	02:29:06.711	0.59798	0.59801			6
2024.10.29	02:29:09.744	0.59795	0.59798			6
2024.10.29	02:29:11.708	0.59794	0.59799			6
2024.10.29	02:29:24.295		0.59798			4
2024.10.29	02:29:27.335		0.59799			4
2024.10.29	02:29:38.280		0.59798			4
2024.10.29	02:29:41.241	0.59793	0.59796			6
2024.10.29	02:29:54.486		0.59797			4
2024.10.29	02:30:00.986	0.59792	0.59798			6
2024.10.29	02:30:02.833		0.59797			4
2024.10.29	02:30:05.691		0.59796			4
2024.10.29	02:30:13.731		0.59797			4
2024.10.29	02:30:37.812		0.59796			4
2024.10.29	02:30:40.580	0.59791				2
2024.10.29	02:30:51.025	0.59792				2
2024.10.29	02:31:00.929	0.59792				2
2024.10.29	02:31:05.642	0.59791				2
2024.10.29	02:31:06.795	0.59792				2
2024.10.29	02:31:07.440	0.59793				2
2024.10.29	02:31:17.931		0.59797			4
2024.10.29	02:31:19.394	0.59802	0.59806			6
2024.10.29	02:31:20.352	0.59800	0.59804			6
2024.10.29	02:31:22.666	0.59797	0.59801			6
2024.10.29	02:31:31.310	0.59798				2
2024.10.29	02:31:33.377	0.59797				2
2024.10.29	02:31:45.878	0.59798				2
2024.10.29	02:31:47.002		0.59802			4
2024.10.29	02:31:55.468	0.59799				2
2024.10.29	02:32:00.359	0.59799				2
2024.10.29	02:32:01.108		0.59803			4
2024.10.29	02:32:02.820	0.59798				2
2024.10.29	02:32:04.951	0.59799				2
2024.10.29	02:32:05.262	0.59800	0.59805			6
2024.10.29	02:32:06.980	0.59801				2
2024.10.29	02:32:13.709	0.59802				2
2024.10.29	02:32:19.635	0.59801				2
2024.10.29	02:32:20.166	0.59803	0.59806			6
2024.10.29	02:32:20.494		0.59805			4
2024.10.29	02:32:23.074		0.59806			4
2024.10.29	02:32:38.128	0.59804				2
2024.10.29	02:32:47.311		0.59805			4
2024.10.29	02:32:55.955		0.59806			4
2024.10.29	02:32:58.358		0.59805			4
2024.10.29	02:33:00.383	0.59803				2
2024.10.29	02:33:01.207		0.59804			4
2024.10.29	02:33:33.049		0.59805			4
2024.10.29	02:33:38.160		0.59806			4
2024.10.29	02:33:56.982		0.59805			4
2024.10.29	02:34:00.153	0.59803				2
2024.10.29	02:34:02.031		0.59806			4
2024.10.29	02:34:12.261	0.59808	0.59810			6
2024.10.29	02:34:12.564	0.59805	0.59809			6
2024.10.29	02:34:13.936	0.59804	0.59807			6
2024.10.29	02:34:14.621		0.59806			4
2024.10.29	02:34:16.411	0.59803	0.59805			6
2024.10.29	02:34:17.648		0.59804			4
2024.10.29	02:34:32.526	0.59802				2
2024.10.29	02:34:32.842	0.59800				2
2024.10.29	02:34:37.338	0.59804	0.59806			6
2024.10.29	02:34:38.068	0.59803				2
2024.10.29	02:34:43.756		0.59805			4
2024.10.29	02:34:47.667	0.59802				2
2024.10.29	02:34:57.622	0.59803				2
2024.10.29	02:34:58.177	0.59802				2
2024.10.29	02:34:59.774	0.59803				2
2024.10.29	02:35:00.382	0.59803				2
2024.10.29	02:35:00.896		0.59806			4
2024.10.29	02:35:01.909		0.59805			4
2024.10.29	02:35:07.625		0.59806			4
2024.10.29	02:35:09.333	0.59808	0.59811			6
2024.10.29	02:35:13.801	0.59809				2
2024.10.29	02:35:15.716	0.59813	0.59815			6
2024.10.29	02:35:16.061	0.59812				2
2024.10.29	02:35:17.876	0.59813	0.59816			6
2024.10.29	02:35:20.903	0.59814				2
2024.10.29	02:35:37.391	0.59813				2
2024.10.29	02:35:43.168		0.59815			4
2024.10.29	02:35:47.340		0.59816			4
2024.10.29	02:35:54.830	0.59818	0.59821			6
2024.10.29	02:35:59.969		0.59820			4
2024.10.29	02:36:00.412	0.59818				2
2024.10.29	02:36:01.762	0.59820	0.59823			6
2024.10.29	02:36:02.064	0.59821				2
2024.10.29	02:36:02.581	0.59820				2
2024.10.29	02:36:10.948	0.59821				2
2024.10.29	02:36:11.398		0.59822			4
2024.10.29	02:36:14.995	0.59820	0.59821			6
2024.10.29	02:36:26.476	0.59819	0.59820			6
2024.10.29	02:36:29.043	0.59824	0.59825			6
2024.10.29	02:36:29.355	0.59823				2
2024.10.29	02:36:30.366		0.59826			4
2024.10.29	02:36:32.343	0.59824				2
2024.10.29	02:36:33.809	0.59823				2
2024.10.29	02:36:34.784	0.59824				2
2024.10.29	02:36:37.948	0.59823				2
2024.10.29	02:36:39.935	0.59824				2
2024.10.29	02:36:47.509	0.59828	0.59830			6
2024.10.29	02:36:48.291	0.59829	0.59831			6
2024.10.29	02:36:51.774		0.59832			4
2024.10.29	02:37:00.191	0.59829				2
2024.10.29	02:37:11.370		0.59831			4
2024.10.29	02:37:12.923		0.59830			4
2024.10.29	02:37:18.506	0.59827	0.59829			6
2024.10.29	02:37:18.826		0.59828			4
2024.10.29	02:37:19.132	0.59825	0.59826			6
2024.10.29	02:37:22.193		0.59827			4
2024.10.29	02:37:32.735	0.59829	0.59831			6
2024.10.29	02:37:40.021	0.59828	0.59829			6
2024.10.29	02:37:40.407	0.59827				2
2024.10.29	02:37:43.916	0.59825	0.59827			6
2024.10.29	02:37:47.849	0.59830	0.59832			6
2024.10.29	02:37:49.514	0.59829	0.59831			6
2024.10.29	02:38:01.262	0.59829				2
2024.10.29	02:38:02.002	0.59828				2
2024.10.29	02:38:03.763		0.59830			4
2024.10.29	02:38:05.330	0.59827	0.59829			6
2024.10.29	02:38:05.654	0.59826				2
2024.10.29	02:38:06.199	0.59825				2
2024.10.29	02:38:11.440	0.59833	0.59835			6
2024.10.29	02:38:11.753	0.59836	0.59838			6
2024.10.29	02:38:12.062	0.59835				2
2024.10.29	02:38:12.371	0.59836	0.59837			6
2024.10.29	02:38:13.065	0.59834	0.59836			6
2024.10.29	02:38:13.371	0.59833	0.59835			6
2024.10.29	02:38:24.168	0.59834	0.59837			6
2024.10.29	02:38:24.668	0.59835				2
2024.10.29	02:38:25.367	0.59836	0.59838			6
2024.10.29	02:38:30.122	0.59835				2
2024.10.29	02:38:32.794	0.59836				2
2024.10.29	02:38:34.003	0.59839	0.59842			6
2024.10.29	02:38:40.148	0.59840				2
2024.10.29	02:38:46.113	0.59837	0.59840			6
2024.10.29	02:38:49.918	0.59836				2
2024.10.29	02:38:51.068	0.59837				2
2024.10.29	02:38:56.771	0.59838	0.59841			6
2024.10.29	02:39:00.359	0.59837				2
2024.10.29	02:39:00.660		0.59840			4
2024.10.29	02:39:01.619	0.59836				2
2024.10.29	02:39:01.968	0.59837				2
2024.10.29	02:39:02.298	0.59836				2
2024.10.29	02:39:03.521	0.59837				2
2024.10.29	02:39:14.292	0.59834	0.59837			6
2024.10.29	02:39:14.605	0.59835				2
2024.10.29	02:39:14.985	0.59834				2
2024.10.29	02:39:15.750	0.59835				2
2024.10.29	02:39:16.350	0.59834	0.59836			6
2024.10.29	02:39:17.226		0.59837			4
2024.10.29	02:39:17.527	0.59835				2
2024.10.29	02:39:18.681	0.59834	0.59836			6
2024.10.29	02:39:21.552	0.59840	0.59842			6
2024.10.29	02:39:22.305	0.59839				2
2024.10.29	02:39:25.082	0.59845	0.59848			6
2024.10.29	02:39:25.402		0.59846			4
2024.10.29	02:39:25.707	0.59842	0.59844			6
2024.10.29	02:39:26.860		0.59843			4
2024.10.29	02:39:28.785	0.59840	0.59841			6
2024.10.29	02:39:40.508		0.59842			4
2024.10.29	02:39:48.330	0.59839				2
2024.10.29	02:39:48.645	0.59840				2
2024.10.29	02:39:49.833	0.59845	0.59847			6
2024.10.29	02:39:50.785	0.59844				2
2024.10.29	02:39:55.102	0.59851	0.59853			6
2024.10.29	02:39:55.849		0.59852			4
2024.10.29	02:39:56.553	0.59850				2
2024.10.29	02:40:00.360	0.59850				2
2024.10.29	02:40:01.462	0.59851	0.59853			6
2024.10.29	02:40:02.094	0.59852	0.59854			6
2024.10.29	02:40:02.775		0.59855			4
2024.10.29	02:40:10.220	0.59851				2
2024.10.29	02:40:10.742	0.59854	0.59856			6
2024.10.29	02:40:12.636		0.59855			4
2024.10.29	02:40:14.248	0.59856	0.59857			6
2024.10.29	02:40:15.500	0.59855				2
2024.10.29	02:40:18.501	0.59856				2
2024.10.29	02:40:18.809	0.59855				2
2024.10.29	02:40:20.799		0.59856			4
2024.10.29	02:40:23.634	0.59853	0.59855			6
2024.10.29	02:40:25.930	0.59852	0.59854			6
2024.10.29	02:40:26.247	0.59850	0.59851			6
2024.10.29	02:40:28.791	0.59845	0.59846			6
2024.10.29	02:40:30.081	0.59843	0.59845			6
2024.10.29	02:40:30.459	0.59840	0.59841			6
2024.10.29	02:40:32.738	0.59841	0.59842			6
2024.10.29	02:40:47.522	0.59840	0.59841			6
2024.10.29	02:40:52.911	0.59839	0.59840			6
2024.10.29	02:40:53.234	0.59837	0.59838			6
2024.10.29	02:40:53.539	0.59838	0.59839			6
2024.10.29	02:40:53.842	0.59839	0.59840			6
2024.10.29	02:40:55.464	0.59837	0.59838			6
2024.10.29	02:40:59.421	0.59838	0.59839			6
2024.10.29	02:41:00.553	0.59839	0.59840			6
2024.10.29	02:41:03.367	0.59835	0.59836			6
2024.10.29	02:41:05.079	0.59840	0.59841			6
2024.10.29	02:41:06.452	0.59839	0.59840			6
2024.10.29	02:41:07.496	0.59843	0.59844			6
2024.10.29	02:41:07.810	0.59842				2
2024.10.29	02:41:11.868	0.59855	0.59856			6
2024.10.29	02:41:12.182	0.59854	0.59855			6
2024.10.29	02:41:13.395	0.59852	0.59854			6
2024.10.29	02:41:29.897	0.59853	0.59855			6
2024.10.29	02:41:30.222	0.59854				2
2024.10.29	02:41:30.526	0.59856	0.59857			6
2024.10.29	02:41:38.873	0.59855				2
2024.10.29	02:41:51.256	0.59857	0.59860			6
2024.10.29	02:41:51.652	0.59860	0.59862			6
2024.10.29	02:41:52.770	0.59856	0.59859			6
2024.10.29	02:42:00.120	0.59854	0.59857			6
2024.10.29	02:42:01.328	0.59856	0.59858			6
2024.10.29	02:42:03.658	0.59855				2
2024.10.29	02:42:04.638	0.59856				2
2024.10.29	02:42:06.031	0.59857	0.59860			6
2024.10.29	02:42:06.402	0.59858				2
2024.10.29	02:42:14.379	0.59857				2
2024.10.29	02:42:16.949	0.59856				2
2024.10.29	02:42:18.306		0.59859			4
2024.10.29	02:42:31.622	0.59855	0.59857			6
2024.10.29	02:42:36.685	0.59865	0.59867			6
2024.10.29	02:42:37.405	0.59864	0.59866			6
2024.10.29	02:42:39.178		0.59867			4
2024.10.29	02:42:40.301		0.59866			4
2024.10.29	02:42:50.448	0.59867	0.59870			6
2024.10.29	02:42:54.262	0.59870	0.59871			6
2024.10.29	02:42:54.598	0.59868	0.59869			6
2024.10.29	02:42:54.909	0.59866				2
2024.10.29	02:43:01.107	0.59867				2
2024.10.29	02:43:01.635		0.59871			4
2024.10.29	02:43:02.685		0.59870			4
2024.10.29	02:43:05.690	0.59866	0.59871			6
2024.10.29	02:43:06.743	0.59867	0.59870			6
2024.10.29	02:43:07.631		0.59868			4
2024.10.29	02:43:07.936		0.59870			4
2024.10.29	02:43:12.658		0.59871			4
2024.10.29	02:43:14.041		0.59870			4
2024.10.29	02:43:14.741		0.59871			4
2024.10.29	02:43:15.839		0.59870			4
2024.10.29	02:43:16.443	0.59866	0.59869			6
2024.10.29	02:43:17.627	0.59865	0.59866			6
2024.10.29	02:43:27.129	0.59866	0.59867			6
2024.10.29	02:43:28.801	0.59865	0.59866			6
2024.10.29	02:43:29.621	0.59866	0.59867			6
2024.10.29	02:43:36.297	0.59867	0.59868			6
2024.10.29	02:43:41.281	0.59866	0.59867			6
2024.10.29	02:43:45.427	0.59867	0.59868			6
2024.10.29	02:43:48.161	0.59865	0.59866			6
2024.10.29	02:43:58.323	0.59862	0.59864			6
2024.10.29	02:43:58.633	0.59863				2
2024.10.29	02:44:00.305	0.59862	0.59865			6
2024.10.29	02:44:02.906	0.59863				2
2024.10.29	02:44:14.242	0.59861	0.59862			6
2024.10.29	02:44:14.751	0.59859	0.59860			6
2024.10.29	02:44:25.391	0.59858	0.59859			6
2024.10.29	02:44:29.863		0.59860			4
2024.10.29	02:44:47.515	0.59857				2
2024.10.29	02:44:48.016	0.59855	0.59857			6
2024.10.29	02:44:53.841	0.59854	0.59856			6
2024.10.29	02:44:54.227	0.59855	0.59857			6
2024.10.29	02:44:55.721	0.59854				2
2024.10.29	02:44:56.101	0.59852	0.59856			6
2024.10.29	02:44:56.418	0.59853	0.59854			6
2024.10.29	02:44:58.336	0.59856	0.59857			6
2024.10.29	02:45:00.416	0.59855	0.59856			6
2024.10.29	02:45:00.874	0.59854				2
2024.10.29	02:45:03.246	0.59855				2
2024.10.29	02:45:03.862	0.59854				2
2024.10.29	02:45:04.206	0.59855				2
2024.10.29	02:45:05.286	0.59856	0.59857			6
2024.10.29	02:45:10.040	0.59855	0.59856			6
2024.10.29	02:45:14.138	0.59854				2
2024.10.29	02:45:15.893	0.59855				2
2024.10.29	02:45:16.204	0.59856	0.59857			6
2024.10.29	02:45:17.469	0.59855				2
2024.10.29	02:45:20.989	0.59856				2
2024.10.29	02:45:37.103	0.59855	0.59856			6
2024.10.29	02:45:43.750	0.59856	0.59857			6
2024.10.29	02:45:47.968	0.59857	0.59860			6
2024.10.29	02:45:50.054	0.59856				2
2024.10.29	02:46:02.179	0.59856				2
2024.10.29	02:46:04.874	0.59857				2
2024.10.29	02:46:05.981	0.59853	0.59854			6
2024.10.29	02:46:11.202	0.59852				2
2024.10.29	02:46:41.145	0.59846	0.59850			6
2024.10.29	02:46:41.562	0.59847	0.59851			6
2024.10.29	02:46:41.867	0.59849				2
2024.10.29	02:46:58.358	0.59850				2
2024.10.29	02:47:00.489	0.59849				2
2024.10.29	02:47:05.103		0.59850			4
2024.10.29	02:47:10.013	0.59850	0.59851			6
2024.10.29	02:47:10.324	0.59849	0.59850			6
2024.10.29	02:47:15.059	0.59847	0.59848			6
2024.10.29	02:47:17.858	0.59848	0.59849			6
2024.10.29	02:47:18.162	0.59849	0.59850			6
2024.10.29	02:47:18.979	0.59850	0.59851			6
2024.10.29	02:47:19.287	0.59848	0.59849			6
2024.10.29	02:47:20.565		0.59851			4
2024.10.29	02:47:21.005	0.59849				2
2024.10.29	02:47:26.345	0.59850				2
2024.10.29	02:47:27.118	0.59848				2
2024.10.29	02:47:28.033	0.59847				2
2024.10.29	02:47:32.778	0.59848				2
2024.10.29	02:47:33.741	0.59849				2
2024.10.29	02:47:35.275	0.59850				2
2024.10.29	02:47:37.738		0.59852			4
2024.10.29	02:47:39.042	0.59851				2
2024.10.29	02:47:41.097	0.59849	0.59851			6
2024.10.29	02:47:54.681	0.59846	0.59848			6
2024.10.29	02:47:54.989	0.59848	0.59849			6
2024.10.29	02:47:55.650	0.59847	0.59848			6
2024.10.29	02:48:00.369	0.59847				2
2024.10.29	02:48:05.014		0.59849			4
2024.10.29	02:48:10.259		0.59850			4
2024.10.29	02:48:20.669	0.59845	0.59848			6
2024.10.29	02:48:21.001	0.59844	0.59847			6
2024.10.29	02:48:30.540	0.59846				2
2024.10.29	02:48:30.847		0.59849			4
2024.10.29	02:48:32.459	0.59847	0.59850			6
2024.10.29	02:48:52.801	0.59850	0.59851			6
2024.10.29	02:48:57.017	0.59847	0.59850			6
2024.10.29	02:49:02.326	0.59847				2
2024.10.29	02:49:05.517	0.59845	0.59848			6
2024.10.29	02:49:14.741		0.59847			4
2024.10.29	02:49:34.497	0.59848	0.59850			6
2024.10.29	02:49:37.947	0.59847				2
2024.10.29	02:49:42.464	0.59849				2
2024.10.29	02:49:43.135		0.59852			4
2024.10.29	02:49:52.888	0.59848				2
2024.10.29	02:49:58.252	0.59849				2
2024.10.29	02:50:00.360	0.59848	0.59850			6
2024.10.29	02:50:00.763	0.59849	0.59852			6
2024.10.29	02:50:02.851	0.59848				2
2024.10.29	02:50:13.029	0.59849				2
2024.10.29	02:50:19.406		0.59850			4
2024.10.29	02:50:23.097	0.59850	0.59851			6
2024.10.29	02:50:26.293	0.59851	0.59852			6
2024.10.29	02:50:27.437	0.59849	0.59851			6
2024.10.29	02:50:30.362	0.59850				2
2024.10.29	02:50:31.590	0.59847	0.59850			6
2024.10.29	02:50:40.708	0.59848				2
2024.10.29	02:50:43.412	0.59851	0.59852			6
2024.10.29	02:50:47.982	0.59852	0.59854			6
2024.10.29	02:50:48.961	0.59851	0.59852			6
2024.10.29	02:50:49.796	0.59850	0.59851			6
2024.10.29	02:50:52.006	0.59849				2
2024.10.29	02:50:53.438	0.59850				2
2024.10.29	02:50:59.478		0.59852			4
2024.10.29	02:51:00.434	0.59851	0.59854			6
2024.10.29	02:51:05.437	0.59852				2
2024.10.29	02:51:10.255	0.59851				2
2024.10.29	02:51:11.427	0.59850	0.59852			6
2024.10.29	02:51:24.140	0.59849				2
2024.10.29	02:51:29.736	0.59850				2
2024.10.29	02:51:34.021	0.59847	0.59850			6
2024.10.29	02:51:39.700	0.59848				2
2024.10.29	02:51:40.840	0.59847				2
2024.10.29	02:51:46.236		0.59849			4
2024.10.29	02:52:00.408	0.59846	0.59847			6
2024.10.29	02:52:00.718	0.59845				2
2024.10.29	02:52:14.477	0.59844	0.59846			6
2024.10.29	02:52:15.336	0.59843				2
2024.10.29	02:52:17.231	0.59842	0.59847			6
2024.10.29	02:52:17.891	0.59843				2
2024.10.29	02:52:23.028		0.59844			4
2024.10.29	02:52:23.348	0.59842	0.59843			6
2024.10.29	02:52:27.106	0.59844	0.59845			6
2024.10.29	02:52:27.427	0.59843	0.59844			6
2024.10.29	02:52:44.470	0.59841				2
2024.10.29	02:52:44.832		0.59843			4
2024.10.29	02:52:49.939	0.59838	0.59840			6
2024.10.29	02:52:50.650	0.59837				2
2024.10.29	02:52:50.979	0.59838				2
2024.10.29	02:52:52.176	0.59837				2
2024.10.29	02:52:52.918	0.59838				2
2024.10.29	02:52:57.090	0.59837				2
2024.10.29	02:52:57.697		0.59839			4
2024.10.29	02:52:58.588	0.59834	0.59837			6
2024.10.29	02:53:00.109	0.59834				2
2024.10.29	02:53:03.928	0.59835				2
2024.10.29	02:53:10.538	0.59834				2
2024.10.29	02:53:13.848	0.59833	0.59835			6
2024.10.29	02:53:14.153	0.59830	0.59833			6
2024.10.29	02:53:14.500	0.59831				2
2024.10.29	02:53:15.017	0.59830				2
2024.10.29	02:53:19.555	0.59831				2
2024.10.29	02:53:19.875		0.59834			4
2024.10.29	02:53:38.218	0.59833	0.59836			6
2024.10.29	02:53:38.581	0.59832				2
2024.10.29	02:53:47.966		0.59837			4
2024.10.29	02:53:48.781	0.59833	0.59836			6
2024.10.29	02:53:54.929	0.59845	0.59847			6
2024.10.29	02:53:56.139	0.59844				2
2024.10.29	02:53:59.361	0.59845	0.59848			6
2024.10.29	02:54:00.127	0.59845				2
2024.10.29	02:54:02.167		0.59847			4
2024.10.29	02:54:06.650	0.59846	0.59848			6
2024.10.29	02:54:15.096	0.59845				2
2024.10.29	02:54:33.653	0.59844	0.59847			6
2024.10.29	02:54:34.875	0.59845				2
2024.10.29	02:54:35.367	0.59846	0.59848			6
2024.10.29	02:54:36.965	0.59845				2
2024.10.29	02:54:37.922	0.59846				2
2024.10.29	02:54:57.295	0.59845				2
2024.10.29	02:55:00.443	0.59845				2
2024.10.29	02:55:15.151	0.59844				2
2024.10.29	02:55:17.384	0.59843	0.59847			6
2024.10.29	02:55:26.789	0.59844				2
2024.10.29	02:55:27.880	0.59843				2
2024.10.29	02:55:30.529	0.59846	0.59848			6
2024.10.29	02:55:38.992	0.59850	0.59853			6
2024.10.29	02:55:40.052		0.59852			4
2024.10.29	02:55:41.109	0.59849				2
2024.10.29	02:55:43.493	0.59850				2
2024.10.29	02:55:47.250	0.59848				2
2024.10.29	02:55:50.281	0.59849				2
2024.10.29	02:55:53.842	0.59851	0.59853			6
2024.10.29	02:55:56.828	0.59850				2
2024.10.29	02:56:00.357	0.59850				2
2024.10.29	02:56:01.903	0.59848	0.59852			6
2024.10.29	02:56:05.145	0.59850				2
2024.10.29	02:56:06.870		0.59853			4
2024.10.29	02:56:08.846	0.59848	0.59852			6
2024.10.29	02:56:11.602	0.59847	0.59851			6
2024.10.29	02:56:15.195	0.59846				2
2024.10.29	02:56:20.442	0.59851	0.59852			6
2024.10.29	02:56:37.295	0.59857	0.59859			6
2024.10.29	02:56:43.189	0.59859	0.59862			6
2024.10.29	02:56:43.562	0.59858	0.59861			6
2024.10.29	02:56:46.352	0.59857	0.59860			6
2024.10.29	02:56:48.413	0.59858	0.59861			6
2024.10.29	02:56:49.890	0.59859	0.59862			6
2024.10.29	02:57:00.354	0.59859				2
2024.10.29	02:57:01.699	0.59860				2
2024.10.29	02:57:12.557	0.59859				2
2024.10.29	02:57:17.780	0.59860				2
2024.10.29	02:57:20.387		0.59861			4
2024.10.29	02:57:20.714		0.59862			4
2024.10.29	02:57:28.042	0.59861				2
2024.10.29	02:57:29.401	0.59860				2
2024.10.29	02:57:32.777	0.59861				2
2024.10.29	02:57:33.546	0.59860				2
2024.10.29	02:57:33.852	0.59859				2
2024.10.29	02:57:47.535	0.59860				2
2024.10.29	02:58:00.817	0.59859				2
2024.10.29	02:58:01.433	0.59865	0.59866			6
2024.10.29	02:58:03.681		0.59867			4
2024.10.29	02:58:10.004	0.59862	0.59865			6
2024.10.29	02:58:15.361	0.59863	0.59866			6
2024.10.29	02:58:22.617	0.59862				2
2024.10.29	02:58:30.555	0.59865	0.59867			6
2024.10.29	02:58:34.315	0.59864				2
2024.10.29	02:58:35.359	0.59865				2
2024.10.29	02:58:36.408	0.59864				2
2024.10.29	02:58:37.461	0.59865				2
2024.10.29	02:58:38.522	0.59864				2
2024.10.29	02:58:39.537	0.59865				2
2024.10.29	02:58:50.601	0.59869	0.59872			6
2024.10.29	02:58:57.582	0.59868				2
2024.10.29	02:58:59.182	0.59871	0.59874			6
2024.10.29	02:59:00.353	0.59871				2
2024.10.29	02:59:00.798	0.59870				2
2024.10.29	02:59:01.162	0.59871				2
2024.10.29	02:59:01.521	0.59870				2
2024.10.29	02:59:02.674	0.59871	0.59875			6
2024.10.29	02:59:05.204	0.59870				2
2024.10.29	02:59:05.505	0.59871				2
2024.10.29	02:59:15.721	0.59875	0.59879			6
2024.10.29	02:59:16.945	0.59876				2
2024.10.29	02:59:17.280		0.59880			4
2024.10.29	02:59:21.206	0.59878	0.59881			6
2024.10.29	02:59:22.342	0.59879				2
2024.10.29	02:59:25.058	0.59876	0.59879			6
2024.10.29	02:59:25.365	0.59875	0.59878			6
2024.10.29	02:59:26.968	0.59876				2
2024.10.29	02:59:31.416	0.59874				2
2024.10.29	02:59:32.389		0.59877			4
2024.10.29	02:59:32.878	0.59875				2
2024.10.29	02:59:35.095	0.59876	0.59879			6
2024.10.29	02:59:35.962	0.59878	0.59881			6
2024.10.29	02:59:37.030		0.59880			4
2024.10.29	02:59:37.334	0.59879	0.59881			6
2024.10.29	02:59:37.872	0.59880				2
2024.10.29	02:59:43.715	0.59881	0.59882			6
2024.10.29	02:59:44.025	0.59882	0.59883			6
2024.10.29	02:59:45.170	0.59884	0.59885			6
2024.10.29	02:59:45.502	0.59886	0.59889			6
2024.10.29	02:59:45.823	0.59889	0.59890			6
2024.10.29	02:59:46.128		0.59891			4
2024.10.29	02:59:49.488		0.59892			4
2024.10.29	02:59:49.913	0.59890				2
2024.10.29	02:59:52.359	0.59889				2
2024.10.29	02:59:53.054	0.59890				2
2024.10.29	02:59:54.337	0.59891				2
2024.10.29	02:59:54.856	0.59886	0.59889			6
2024.10.29	02:59:55.951	0.59885				2
2024.10.29	02:59:58.203	0.59887				2
2024.10.29	02:59:58.562	0.59886	0.59890			6
2024.10.29	02:59:58.921		0.59889			4
2024.10.29	02:59:59.272	0.59887	0.59890			6
2024.10.29	02:59:59.651	0.59886	0.59889			6
2024.10.29	03:00:00.323	0.59887	0.59890			6
2024.10.29	03:00:00.682	0.59886	0.59889			6
2024.10.29	03:00:00.985	0.59883	0.59886			6
2024.10.29	03:00:01.296	0.59885	0.59887			6
2024.10.29	03:00:01.795	0.59884				2
2024.10.29	03:00:02.181		0.59886			4
2024.10.29	03:00:03.768	0.59887	0.59889			6
2024.10.29	03:00:05.189	0.59886				2
2024.10.29	03:00:07.326	0.59882	0.59885			6
2024.10.29	03:00:07.629	0.59881				2
2024.10.29	03:00:08.059	0.59879	0.59881			6
2024.10.29	03:00:13.179	0.59880				2
2024.10.29	03:00:18.009	0.59884	0.59885			6
2024.10.29	03:00:18.336	0.59881	0.59883			6
2024.10.29	03:00:19.082	0.59880	0.59881			6
2024.10.29	03:00:21.358	0.59874	0.59877			6
2024.10.29	03:00:22.001		0.59876			4
2024.10.29	03:00:26.137	0.59873	0.59874			6
2024.10.29	03:00:26.448	0.59870	0.59871			6
2024.10.29	03:00:27.525	0.59869				2
2024.10.29	03:00:28.314	0.59870				2
2024.10.29	03:00:29.551	0.59871	0.59872			6
2024.10.29	03:00:29.868	0.59873	0.59875			6
2024.10.29	03:00:30.174	0.59875	0.59876			6
2024.10.29	03:00:30.702	0.59873	0.59875			6
2024.10.29	03:00:31.003	0.59874				2
2024.10.29	03:00:32.718	0.59872	0.59873			6
2024.10.29	03:00:33.357		0.59874			4
2024.10.29	03:00:35.165	0.59871	0.59872			6
2024.10.29	03:00:35.485		0.59873			4
2024.10.29	03:00:35.847		0.59874			4
2024.10.29	03:00:36.497	0.59873				2
2024.10.29	03:00:36.897	0.59871				2
2024.10.29	03:00:37.606	0.59872				2
2024.10.29	03:00:37.912	0.59874	0.59875			6
2024.10.29	03:00:38.340	0.59873				2
2024.10.29	03:00:38.650	0.59871	0.59874			6
2024.10.29	03:00:38.958		0.59873			4
2024.10.29	03:00:40.604		0.59874			4
2024.10.29	03:00:41.278	0.59872				2
2024.10.29	03:00:41.579	0.59873	0.59875			6
2024.10.29	03:00:41.883	0.59875	0.59876			6
2024.10.29	03:00:45.682	0.59876	0.59877			6
2024.10.29	03:00:46.240		0.59878			4
2024.10.29	03:00:47.387	0.59875	0.59877			6
2024.10.29	03:00:48.352	0.59873	0.59875			6
2024.10.29	03:00:48.681	0.59874				2
2024.10.29	03:00:48.990	0.59875	0.59876			6
2024.10.29	03:00:51.164	0.59876	0.59877			6
2024.10.29	03:00:51.529	0.59875				2
2024.10.29	03:00:52.364		0.59876			4
2024.10.29	03:00:53.253	0.59872	0.59875			6
2024.10.29	03:00:54.438	0.59873				2
2024.10.29	03:00:56.105	0.59875	0.59876			6
2024.10.29	03:00:57.747	0.59874				2
2024.10.29	03:00:58.092	0.59875				2
2024.10.29	03:00:58.882	0.59877	0.59878			6
2024.10.29	03:01:00.224	0.59877				2
2024.10.29	03:01:01.376	0.59875	0.59877			6
2024.10.29	03:01:02.686	0.59874				2
2024.10.29	03:01:03.725		0.59875			4
2024.10.29	03:01:04.707	0.59875	0.59876			6
2024.10.29	03:01:05.726		0.59877			4
2024.10.29	03:01:06.047	0.59876				2
2024.10.29	03:01:08.442	0.59875				2
2024.10.29	03:01:09.947	0.59876				2
2024.10.29	03:01:10.262	0.59875				2
2024.10.29	03:01:10.702		0.59876			4
2024.10.29	03:01:16.432	0.59876	0.59878			6
2024.10.29	03:01:16.808		0.59879			4
2024.10.29	03:01:17.468		0.59878			4
2024.10.29	03:01:17.811	0.59875	0.59876			6
2024.10.29	03:01:19.382	0.59874				2
2024.10.29	03:01:19.703		0.59875			4
2024.10.29	03:01:20.017		0.59876			4
2024.10.29	03:01:20.322	0.59875				2
2024.10.29	03:01:24.323		0.59877			4
2024.10.29	03:01:24.681		0.59876			4
2024.10.29	03:01:26.662	0.59874				2
2024.10.29	03:01:28.062		0.59875			4
2024.10.29	03:01:28.407		0.59876			4
2024.10.29	03:01:33.611	0.59873				2
2024.10.29	03:01:33.933	0.59874				2
2024.10.29	03:01:34.688	0.59875				2
2024.10.29	03:01:36.660	0.59874				2
2024.10.29	03:01:36.964	0.59877	0.59878			6
2024.10.29	03:01:38.243	0.59880	0.59881			6
2024.10.29	03:01:38.551	0.59883	0.59884			6
2024.10.29	03:01:40.567	0.59882	0.59883			6
2024.10.29	03:01:40.875	0.59883	0.59884			6
2024.10.29	03:01:41.295	0.59882	0.59883			6
2024.10.29	03:01:41.922	0.59883	0.59884			6
2024.10.29	03:01:43.904	0.59882	0.59883			6
2024.10.29	03:01:48.971	0.59885	0.59886			6
2024.10.29	03:01:49.280	0.59886	0.59887			6
2024.10.29	03:01:50.092	0.59887	0.59888			6
2024.10.29	03:01:50.447	0.59886	0.59887			6
2024.10.29	03:01:53.986	0.59887	0.59888			6
2024.10.29	03:01:59.516	0.59885	0.59886			6
2024.10.29	03:02:00.422	0.59885				2
2024.10.29	03:02:12.365	0.59886	0.59887			6
2024.10.29	03:02:12.682	0.59885	0.59886			6
2024.10.29	03:02:17.506		0.59887			4
2024.10.29	03:02:20.347	0.59886				2
2024.10.29	03:02:20.664	0.59887	0.59888			6
2024.10.29	03:02:25.780	0.59888	0.59890			6
2024.10.29	03:02:26.635	0.59887				2
2024.10.29	03:02:26.972	0.59888				2
2024.10.29	03:02:29.862	0.59887				2
2024.10.29	03:02:30.420	0.59885	0.59888			6
2024.10.29	03:02:38.149	0.59887	0.59889			6
2024.10.29	03:02:39.007	0.59885	0.59888			6
2024.10.29	03:02:43.443	0.59886				2
2024.10.29	03:02:45.443		0.59887			4
2024.10.29	03:02:47.138	0.59885	0.59886			6
2024.10.29	03:02:49.202	0.59884				2
2024.10.29	03:02:56.144	0.59888	0.59889			6
2024.10.29	03:02:56.451	0.59889	0.59890			6
2024.10.29	03:02:58.151	0.59888	0.59889			6
2024.10.29	03:02:58.806		0.59890			4
2024.10.29	03:03:00.359	0.59888				2
2024.10.29	03:03:01.399	0.59889				2
2024.10.29	03:03:04.759	0.59890	0.59891			6
2024.10.29	03:03:05.062	0.59889				2
2024.10.29	03:03:05.364	0.59891	0.59892			6
2024.10.29	03:03:05.985	0.59892	0.59893			6
2024.10.29	03:03:06.765	0.59894	0.59895			6
2024.10.29	03:03:07.788	0.59895	0.59896			6
2024.10.29	03:03:08.347	0.59894	0.59895			6
2024.10.29	03:03:08.921	0.59893				2
2024.10.29	03:03:09.222	0.59894				2
2024.10.29	03:03:09.891		0.59896			4
2024.10.29	03:03:10.641		0.59897			4
2024.10.29	03:03:11.250		0.59896			4
2024.10.29	03:03:11.564	0.59891	0.59894			6
2024.10.29	03:03:12.698		0.59893			4
2024.10.29	03:03:20.620	0.59889	0.59891			6
2024.10.29	03:03:21.137	0.59891	0.59894			6
2024.10.29	03:03:22.608	0.59894	0.59896			6
2024.10.29	03:03:24.385	0.59895				2
2024.10.29	03:03:25.095	0.59894				2
2024.10.29	03:03:27.204	0.59892	0.59894			6
2024.10.29	03:03:28.782	0.59891				2
2024.10.29	03:03:33.705	0.59894	0.59896			6
2024.10.29	03:03:37.129		0.59895			4
2024.10.29	03:03:37.463	0.59893				2
2024.10.29	03:03:39.093	0.59892	0.59894			6
2024.10.29	03:03:40.382	0.59893				2
2024.10.29	03:03:42.725		0.59895			4
2024.10.29	03:03:43.039	0.59894				2
2024.10.29	03:03:43.870		0.59896			4
2024.10.29	03:03:44.867	0.59893	0.59895			6
2024.10.29	03:03:46.386	0.59891	0.59894			6
2024.10.29	03:03:46.710		0.59893			4
2024.10.29	03:03:52.339		0.59894			4
2024.10.29	03:04:00.777	0.59891				2
2024.10.29	03:04:01.637	0.59894	0.59896			6
2024.10.29	03:04:02.408	0.59892	0.59894			6
2024.10.29	03:04:02.713	0.59891				2
2024.10.29	03:04:03.584		0.59893			4
2024.10.29	03:04:05.698		0.59894			4
2024.10.29	03:04:07.415	0.59892				2
2024.10.29	03:04:08.988	0.59893	0.59895			6
2024.10.29	03:04:09.294	0.59891				2
2024.10.29	03:04:09.635	0.59892				2
2024.10.29	03:04:10.941		0.59894			4
2024.10.29	03:04:11.974	0.59891				2
2024.10.29	03:04:16.955	0.59889	0.59892			6
2024.10.29	03:04:18.754	0.59892	0.59894			6
2024.10.29	03:04:19.073		0.59893			4
2024.10.29	03:04:19.961	0.59891				2
2024.10.29	03:04:23.650		0.59892			4
2024.10.29	03:04:26.093	0.59890				2
2024.10.29	03:04:28.165	0.59891				2
2024.10.29	03:04:31.056		0.59893			4
2024.10.29	03:04:34.426	0.59893	0.59894			6
2024.10.29	03:04:35.048	0.59895	0.59897			6
2024.10.29	03:04:36.213	0.59893	0.59896			6
2024.10.29	03:04:36.523	0.59892	0.59894			6
2024.10.29	03:04:37.053		0.59895			4
2024.10.29	03:04:37.428	0.59891	0.59893			6
2024.10.29	03:04:38.378		0.59894			4
2024.10.29	03:04:42.166		0.59893			4
2024.10.29	03:04:42.471	0.59894	0.59896			6
2024.10.29	03:04:43.738		0.59897			4
2024.10.29	03:04:47.273	0.59892	0.59895			6
2024.10.29	03:04:47.978	0.59894	0.59897			6
2024.10.29	03:04:48.319	0.59895				2
2024.10.29	03:04:48.707	0.59894				2
2024.10.29	03:04:50.601		0.59896			4
2024.10.29	03:04:53.548	0.59893				2
2024.10.29	03:04:54.167	0.59894	0.59897			6
2024.10.29	03:05:00.091	0.59894				2
2024.10.29	03:05:02.623	0.59893	0.59895			6
2024.10.29	03:05:02.926	0.59891				2
2024.10.29	03:05:03.642		0.59893			4
2024.10.29	03:05:04.351	0.59890				2
2024.10.29	03:05:06.346	0.59893	0.59895			6
2024.10.29	03:05:10.937	0.59889	0.59891			6
2024.10.29	03:05:20.842	0.59890				2
2024.10.29	03:05:24.918	0.59889				2
2024.10.29	03:05:25.501	0.59886	0.59889			6
2024.10.29	03:05:25.806	0.59887	0.59890			6
2024.10.29	03:05:27.453		0.59889			4
2024.10.29	03:05:28.337	0.59884	0.59887			6
2024.10.29	03:05:28.651		0.59886			4
2024.10.29	03:05:32.254		0.59887			4
2024.10.29	03:05:33.193		0.59886			4
2024.10.29	03:05:42.102	0.59883				2
2024.10.29	03:05:44.052	0.59884				2
2024.10.29	03:05:51.743		0.59887			4
2024.10.29	03:06:00.119	0.59884				2
2024.10.29	03:06:04.368		0.59886			4
2024.10.29	03:06:11.326	0.59885				2
2024.10.29	03:06:12.158	0.59884				2
2024.10.29	03:06:14.445	0.59881	0.59883			6
2024.10.29	03:06:14.767	0.59878	0.59880			6
2024.10.29	03:06:15.078		0.59881			4
2024.10.29	03:06:15.386	0.59877	0.59880			6
2024.10.29	03:06:15.706	0.59876	0.59878			6
2024.10.29	03:06:16.551	0.59875				2
2024.10.29	03:06:16.878		0.59877			4
2024.10.29	03:06:18.007	0.59873	0.59876			6
2024.10.29	03:06:18.318	0.59875	0.59878			6
2024.10.29	03:06:18.962	0.59878	0.59880			6
2024.10.29	03:06:19.917	0.59879	0.59881			6
2024.10.29	03:06:20.225	0.59878	0.59880			6
2024.10.29	03:06:21.758	0.59876	0.59879			6
2024.10.29	03:06:22.346	0.59878	0.59880			6
2024.10.29	03:06:23.024	0.59877	0.59879			6
2024.10.29	03:06:23.378	0.59876	0.59878			6
2024.10.29	03:06:23.688	0.59875				2
2024.10.29	03:06:24.133		0.59877			4
2024.10.29	03:06:35.303	0.59876	0.59878			6
2024.10.29	03:06:35.664	0.59877	0.59879			6
2024.10.29	03:06:36.827	0.59874	0.59876			6
2024.10.29	03:06:37.152		0.59875			4
2024.10.29	03:06:37.893		0.59876			4
2024.10.29	03:06:38.205		0.59875			4
2024.10.29	03:06:38.523	0.59875	0.59876			6
2024.10.29	03:06:39.963	0.59872				2
2024.10.29	03:06:41.199		0.59875			4
2024.10.29	03:06:42.006	0.59868	0.59872			6
2024.10.29	03:06:42.319	0.59867				2
2024.10.29	03:06:42.700	0.59871				2
2024.10.29	03:06:43.002	0.59873	0.59876			6
2024.10.29	03:06:43.352	0.59869	0.59872			6
2024.10.29	03:06:43.985	0.59868				2
2024.10.29	03:07:00.327	0.59868				2
2024.10.29	03:07:01.924	0.59874	0.59877			6
2024.10.29	03:07:02.226	0.59875				2
2024.10.29	03:07:03.487	0.59874				2
2024.10.29	03:07:04.331	0.59875				2
2024.10.29	03:07:04.647		0.59879			4
2024.10.29	03:07:05.274		0.59877			4
2024.10.29	03:07:15.905		0.59878			4
2024.10.29	03:07:16.688		0.59879			4
2024.10.29	03:07:17.547		0.59877			4
2024.10.29	03:07:18.841	0.59874				2
2024.10.29	03:07:20.717	0.59877	0.59879			6
2024.10.29	03:07:30.679	0.59878	0.59881			6
2024.10.29	03:07:32.750	0.59877	0.59880			6
2024.10.29	03:07:33.115	0.59879	0.59881			6
2024.10.29	03:07:34.900	0.59878				2
2024.10.29	03:07:35.206	0.59879				2
2024.10.29	03:07:35.945	0.59878	0.59880			6
2024.10.29	03:07:36.339	0.59877				2
2024.10.29	03:07:36.649		0.59881			4
2024.10.29	03:07:39.355		0.59880			4
2024.10.29	03:07:42.256		0.59881			4
2024.10.29	03:07:42.573	0.59876				2
2024.10.29	03:07:43.182		0.59880			4
2024.10.29	03:07:44.023	0.59877	0.59881			6
2024.10.29	03:07:45.497	0.59880	0.59883			6
2024.10.29	03:07:53.695		0.59884			4
2024.10.29	03:07:54.028	0.59881				2
2024.10.29	03:07:55.522		0.59885			4
2024.10.29	03:08:00.097	0.59881	0.59884			6
2024.10.29	03:08:01.039	0.59880	0.59883			6
2024.10.29	03:08:05.471	0.59881	0.59884			6
2024.10.29	03:08:06.789	0.59883	0.59886			6
2024.10.29	03:08:09.681	0.59882	0.59885			6
2024.10.29	03:08:13.085	0.59881				2
2024.10.29	03:08:18.164		0.59884			4
2024.10.29	03:08:20.121	0.59880				2
2024.10.29	03:08:23.879	0.59881				2
2024.10.29	03:08:24.234	0.59880	0.59883			6
2024.10.29	03:08:24.559		0.59884			4
2024.10.29	03:08:25.027		0.59883			4
2024.10.29	03:08:25.984		0.59884			4
2024.10.29	03:08:26.296		0.59883			4
2024.10.29	03:08:27.050		0.59884			4
2024.10.29	03:08:27.929	0.59883	0.59887			6
2024.10.29	03:08:30.465	0.59882	0.59886			6
2024.10.29	03:08:31.227	0.59883				2
2024.10.29	03:08:31.824	0.59882	0.59885			6
2024.10.29	03:08:32.135	0.59880	0.59884			6
2024.10.29	03:08:35.257		0.59883			4
2024.10.29	03:08:35.680		0.59884			4
2024.10.29	03:08:36.200		0.59883			4
2024.10.29	03:08:50.644		0.59882			4
2024.10.29	03:08:53.540	0.59879				2
2024.10.29	03:08:55.886	0.59880				2
2024.10.29	03:08:58.281	0.59879				2
2024.10.29	03:09:00.568	0.59880				2
2024.10.29	03:09:06.684	0.59879				2
2024.10.29	03:09:07.976		0.59880			4
2024.10.29	03:09:10.240	0.59878				2
2024.10.29	03:09:12.327	0.59875	0.59877			6
2024.10.29	03:09:18.995	0.59877	0.59879			6
2024.10.29	03:09:20.102	0.59876				2
2024.10.29	03:09:20.405		0.59878			4
2024.10.29	03:09:21.054	0.59877	0.59879			6
2024.10.29	03:09:21.634	0.59875	0.59878			6
2024.10.29	03:09:25.147	0.59877	0.59879			6
2024.10.29	03:09:26.995	0.59878				2
2024.10.29	03:09:27.303	0.59877				2
2024.10.29	03:09:27.928		0.59880			4
2024.10.29	03:09:28.780	0.59878	0.59881			6
2024.10.29	03:09:29.081	0.59879				2
2024.10.29	03:09:29.397	0.59878				2
2024.10.29	03:09:30.403	0.59879	0.59882			6
2024.10.29	03:09:34.350	0.59878	0.59881			6
2024.10.29	03:09:34.760		0.59882			4
2024.10.29	03:09:37.101		0.59881			4
2024.10.29	03:09:41.275	0.59875	0.59879			6
2024.10.29	03:09:41.578		0.59878			4
2024.10.29	03:09:45.105	0.59876	0.59879			6
2024.10.29	03:09:45.724	0.59874	0.59877			6
2024.10.29	03:09:48.861		0.59876			4
2024.10.29	03:09:55.086		0.59875			4
2024.10.29	03:09:55.489		0.59876			4
2024.10.29	03:09:56.570	0.59873	0.59877			6
2024.10.29	03:09:57.656	0.59872	0.59876			6
2024.10.29	03:09:57.959	0.59871	0.59875			6
2024.10.29	03:09:58.263	0.59873	0.59876			6
2024.10.29	03:10:00.089	0.59873				2
2024.10.29	03:10:03.584	0.59874				2
2024.10.29	03:10:07.380	0.59875				2
2024.10.29	03:10:10.600	0.59873				2
2024.10.29	03:10:13.455	0.59874				2
2024.10.29	03:10:13.776	0.59873				2
2024.10.29	03:10:15.961	0.59874				2
2024.10.29	03:10:17.921	0.59871	0.59873			6
2024.10.29	03:10:18.226	0.59870	0.59872			6
2024.10.29	03:10:20.677	0.59869				2
2024.10.29	03:10:22.026	0.59868	0.59871			6
2024.10.29	03:10:23.014	0.59870	0.59873			6
2024.10.29	03:10:28.315		0.59872			4
2024.10.29	03:10:29.916		0.59873			4
2024.10.29	03:10:30.257		0.59872			4
2024.10.29	03:10:30.656		0.59873			4
2024.10.29	03:10:35.664	0.59871	0.59872			6
2024.10.29	03:10:37.593		0.59873			4
2024.10.29	03:10:38.151		0.59872			4
2024.10.29	03:10:39.824		0.59873			4
2024.10.29	03:10:50.959	0.59870				2
2024.10.29	03:10:57.353	0.59871				2
2024.10.29	03:10:59.092	0.59870				2
2024.10.29	03:11:00.333	0.59870				2
2024.10.29	03:11:00.679	0.59869	0.59872			6
2024.10.29	03:11:02.844	0.59868	0.59871			6
2024.10.29	03:11:04.931	0.59867	0.59870			6
2024.10.29	03:11:05.662	0.59869	0.59872			6
2024.10.29	03:11:10.998		0.59871			4
2024.10.29	03:11:11.458		0.59872			4
2024.10.29	03:11:12.549	0.59868	0.59871			6
2024.10.29	03:11:13.866	0.59866	0.59868			6
2024.10.29	03:11:14.171	0.59863	0.59865			6
2024.10.29	03:11:18.906		0.59866			4
2024.10.29	03:11:20.186	0.59864	0.59867			6
2024.10.29	03:11:20.612	0.59865				2
2024.10.29	03:11:21.659	0.59864				2
2024.10.29	03:11:24.795	0.59865				2
2024.10.29	03:11:25.380	0.59864				2
2024.10.29	03:11:27.543	0.59863	0.59866			6
2024.10.29	03:11:27.866	0.59864	0.59867			6
2024.10.29	03:11:31.661	0.59865	0.59868			6
2024.10.29	03:11:38.448	0.59869	0.59871			6
2024.10.29	03:11:39.177	0.59868				2
2024.10.29	03:11:41.596	0.59869				2
2024.10.29	03:11:41.926	0.59866	0.59869			6
2024.10.29	03:11:42.240		0.59868			4
2024.10.29	03:11:44.401		0.59869			4
2024.10.29	03:11:45.776		0.59868			4
2024.10.29	03:11:47.744	0.59865				2
2024.10.29	03:11:51.849		0.59867			4
2024.10.29	03:11:52.650		0.59868			4
2024.10.29	03:11:57.962	0.59864	0.59866			6
2024.10.29	03:11:59.226	0.59866	0.59869			6
2024.10.29	03:11:59.871		0.59870			4
2024.10.29	03:12:00.323	0.59866	0.59869			6
2024.10.29	03:12:01.581	0.59868	0.59870			6
2024.10.29	03:12:01.888		0.59871			4
2024.10.29	03:12:02.286	0.59869				2
2024.10.29	03:12:02.943	0.59868				2
2024.10.29	03:12:03.269	0.59869				2
2024.10.29	03:12:08.269		0.59872			4
2024.10.29	03:12:08.581	0.59870				2
2024.10.29	03:12:10.482		0.59873			4
2024.10.29	03:12:13.238	0.59871				2
2024.10.29	03:12:14.218	0.59870				2
2024.10.29	03:12:14.542	0.59871	0.59874			6
2024.10.29	03:12:16.667	0.59873				2
2024.10.29	03:12:17.815		0.59875			4
2024.10.29	03:12:21.427	0.59872				2
2024.10.29	03:12:22.593	0.59874	0.59876			6
2024.10.29	03:12:28.055	0.59873				2
2024.10.29	03:12:28.439	0.59874				2
2024.10.29	03:12:28.877	0.59873				2
2024.10.29	03:12:29.642	0.59872	0.59875			6
2024.10.29	03:12:30.564		0.59873			4
2024.10.29	03:12:31.955	0.59873	0.59874			6
2024.10.29	03:12:32.366	0.59872				2
2024.10.29	03:12:34.368		0.59875			4
2024.10.29	03:12:39.088	0.59873				2
2024.10.29	03:12:41.573	0.59872				2
2024.10.29	03:12:42.558	0.59873				2
2024.10.29	03:12:46.092		0.59876			4
2024.10.29	03:12:50.115	0.59874				2
2024.10.29	03:13:00.332	0.59874				2
2024.10.29	03:13:11.243		0.59877			4
2024.10.29	03:13:12.126		0.59876			4
2024.10.29	03:13:12.464		0.59877			4
2024.10.29	03:13:15.737	0.59875	0.59876			6
2024.10.29	03:13:17.676	0.59874				2
2024.10.29	03:13:19.429	0.59875				2
2024.10.29	03:13:19.920	0.59874				2
2024.10.29	03:13:28.353	0.59872				2
2024.10.29	03:13:28.706		0.59875			4
2024.10.29	03:13:32.427		0.59876			4
2024.10.29	03:13:36.121		0.59875			4
2024.10.29	03:13:37.698		0.59876			4
2024.10.29	03:13:38.004	0.59871	0.59875			6
2024.10.29	03:13:41.437	0.59872	0.59876			6
2024.10.29	03:13:43.716	0.59873	0.59877			6
2024.10.29	03:13:44.056		0.59876			4
2024.10.29	03:13:44.683		0.59877			4
2024.10.29	03:13:44.996		0.59876			4
2024.10.29	03:13:46.878		0.59877			4
2024.10.29	03:13:47.191		0.59876			4
2024.10.29	03:13:48.695		0.59877			4
2024.10.29	03:13:49.478	0.59872	0.59876			6
2024.10.29	03:13:49.794	0.59873				2
2024.10.29	03:13:50.842	0.59872				2
2024.10.29	03:13:52.593	0.59869	0.59872			6
2024.10.29	03:13:53.353	0.59868				2
2024.10.29	03:13:54.079		0.59871			4
2024.10.29	03:13:56.167		0.59872			4
2024.10.29	03:13:57.216		0.59870			4
2024.10.29	03:13:57.562		0.59872			4
2024.10.29	03:13:57.873		0.59871			4
2024.10.29	03:14:00.311	0.59868				2
2024.10.29	03:14:01.086	0.59867				2
2024.10.29	03:14:01.398		0.59870			4
2024.10.29	03:14:01.858	0.59868				2
2024.10.29	03:14:02.345	0.59867				2
2024.10.29	03:14:02.703	0.59868	0.59871			6
2024.10.29	03:14:03.081	0.59867	0.59870			6
2024.10.29	03:14:03.558	0.59868				2
2024.10.29	03:14:04.524		0.59871			4
2024.10.29	03:14:07.656		0.59872			4
2024.10.29	03:14:07.998		0.59870			4
2024.10.29	03:14:08.702		0.59872			4
2024.10.29	03:14:09.382		0.59870			4
2024.10.29	03:14:09.740		0.59872			4
2024.10.29	03:14:10.355		0.59870			4
2024.10.29	03:14:10.769		0.59872			4
2024.10.29	03:14:11.101		0.59870			4
2024.10.29	03:14:11.839		0.59872			4
2024.10.29	03:14:12.468		0.59870			4
2024.10.29	03:14:12.883	0.59870	0.59872			6
2024.10.29	03:14:13.187	0.59868	0.59870			6
2024.10.29	03:14:13.816	0.59869	0.59872			6
2024.10.29	03:14:14.135	0.59870				2
2024.10.29	03:14:14.442	0.59868	0.59870			6
2024.10.29	03:14:15.367	0.59866	0.59869			6
2024.10.29	03:14:16.560		0.59868			4
2024.10.29	03:14:16.982		0.59870			4
2024.10.29	03:14:19.759		0.59869			4
2024.10.29	03:14:20.074		0.59870			4
2024.10.29	03:14:23.194	0.59870	0.59872			6
2024.10.29	03:14:23.514		0.59871			4
2024.10.29	03:14:24.524		0.59872			4
2024.10.29	03:14:33.632		0.59871			4
2024.10.29	03:14:33.965		0.59872			4
2024.10.29	03:14:36.835	0.59868	0.59871			6
2024.10.29	03:14:37.230		0.59872			4
2024.10.29	03:14:37.849		0.59871			4
2024.10.29	03:14:38.855		0.59872			4
2024.10.29	03:14:39.812		0.59870			4
2024.10.29	03:14:40.463		0.59872			4
2024.10.29	03:14:40.770		0.59870			4
2024.10.29	03:14:41.802		0.59872			4
2024.10.29	03:14:42.106		0.59870			4
2024.10.29	03:14:42.839		0.59872			4
2024.10.29	03:14:43.166		0.59870			4
2024.10.29	03:14:43.884		0.59872			4
2024.10.29	03:14:44.190		0.59870			4
2024.10.29	03:14:44.553	0.59864	0.59867			6
2024.10.29	03:14:44.862		0.59866			4
2024.10.29	03:14:45.204		0.59867			4
2024.10.29	03:14:48.685		0.59866			4
2024.10.29	03:14:49.030		0.59867			4
2024.10.29	03:14:57.378	0.59865				2
2024.10.29	03:15:01.780	0.59864				2
2024.10.29	03:15:03.828		0.59868			4
2024.10.29	03:15:05.581		0.59867			4
2024.10.29	03:15:06.016	0.59863				2
2024.10.29	03:15:07.339		0.59866			4
2024.10.29	03:15:10.393		0.59865			4
2024.10.29	03:15:10.766		0.59866			4
2024.10.29	03:15:11.957		0.59865			4
2024.10.29	03:15:12.265		0.59866			4
2024.10.29	03:15:12.662		0.59865			4
2024.10.29	03:15:12.967	0.59864	0.59867			6
2024.10.29	03:15:13.979		0.59866			4
2024.10.29	03:15:15.923	0.59863				2
2024.10.29	03:15:16.627	0.59864				2
2024.10.29	03:15:17.362	0.59863	0.59865			6
2024.10.29	03:15:18.437		0.59866			4
2024.10.29	03:15:20.961		0.59865			4
2024.10.29	03:15:31.649		0.59866			4
2024.10.29	03:15:37.660	0.59864				2
2024.10.29	03:15:41.815		0.59865			4
2024.10.29	03:15:45.302	0.59859	0.59862			6
2024.10.29	03:15:51.523	0.59860				2
2024.10.29	03:15:53.243	0.59859	0.59861			6
2024.10.29	03:15:53.552		0.59862			4
2024.10.29	03:15:53.881		0.59860			4
2024.10.29	03:15:54.202		0.59862			4
2024.10.29	03:15:56.090		0.59860			4
2024.10.29	03:15:56.619		0.59862			4
2024.10.29	03:15:56.961		0.59860			4
2024.10.29	03:15:57.261		0.59862			4
2024.10.29	03:15:58.308	0.59858	0.59860			6
2024.10.29	03:16:00.146	0.59858	0.59861			6
2024.10.29	03:16:00.461		0.59860			4
2024.10.29	03:16:00.805	0.59853	0.59856			6
2024.10.29	03:16:02.831		0.59857			4
2024.10.29	03:16:03.253		0.59855			4
2024.10.29	03:16:05.699	0.59852				2
2024.10.29	03:16:06.021		0.59854			4
2024.10.29	03:16:10.973	0.59853	0.59855			6
2024.10.29	03:16:11.378	0.59854	0.59856			6
2024.10.29	03:16:12.021		0.59855			4
2024.10.29	03:16:12.354		0.59856			4
2024.10.29	03:16:14.386		0.59855			4
2024.10.29	03:16:17.382		0.59856			4
2024.10.29	03:16:17.744		0.59855			4
2024.10.29	03:16:18.499		0.59856			4
2024.10.29	03:16:18.804		0.59855			4
2024.10.29	03:16:19.158		0.59856			4
2024.10.29	03:16:19.461		0.59855			4
2024.10.29	03:16:19.946		0.59856			4
2024.10.29	03:16:23.285	0.59853				2
2024.10.29	03:16:25.132		0.59855			4
2024.10.29	03:16:30.701		0.59856			4
2024.10.29	03:16:36.488	0.59850	0.59853			6
2024.10.29	03:16:36.875		0.59854			4
2024.10.29	03:16:38.286		0.59855			4
2024.10.29	03:16:39.143	0.59848	0.59852			6
2024.10.29	03:16:39.446	0.59847	0.59851			6
2024.10.29	03:16:39.939		0.59850			4
2024.10.29	03:16:40.586		0.59851			4
2024.10.29	03:16:42.929	0.59848				2
2024.10.29	03:16:43.234		0.59850			4
2024.10.29	03:16:43.616		0.59851			4
2024.10.29	03:16:43.969		0.59850			4
2024.10.29	03:16:44.606	0.59845	0.59848			6
2024.10.29	03:16:45.486		0.59849			4
2024.10.29	03:16:46.339	0.59848	0.59851			6
2024.10.29	03:16:49.397		0.59850			4
2024.10.29	03:16:50.054		0.59851			4
2024.10.29	03:16:50.354		0.59850			4
2024.10.29	03:16:50.851		0.59851			4
2024.10.29	03:16:52.794		0.59850			4
2024.10.29	03:16:53.129	0.59847	0.59851			6
2024.10.29	03:16:54.378	0.59846	0.59850			6
2024.10.29	03:16:55.874	0.59845	0.59849			6
2024.10.29	03:16:56.488	0.59847				2
2024.10.29	03:16:57.370	0.59843	0.59847			6
2024.10.29	03:16:59.337	0.59842	0.59845			6
2024.10.29	03:16:59.701		0.59844			4
2024.10.29	03:17:00.161	0.59842	0.59845			6
2024.10.29	03:17:01.373	0.59840	0.59844			6
2024.10.29	03:17:01.688		0.59842			4
2024.10.29	03:17:02.020		0.59844			4
2024.10.29	03:17:04.369	0.59843	0.59846			6
2024.10.29	03:17:05.742	0.59845	0.59847			6
2024.10.29	03:17:06.043	0.59843				2
2024.10.29	03:17:07.187		0.59846			4
2024.10.29	03:17:09.768	0.59847	0.59851			6
2024.10.29	03:17:10.069	0.59850	0.59853			6
2024.10.29	03:17:10.371	0.59849				2
2024.10.29	03:17:12.354	0.59848	0.59852			6
2024.10.29	03:17:15.393		0.59851			4
2024.10.29	03:17:19.376	0.59846	0.59850			6
2024.10.29	03:17:21.813		0.59849			4
2024.10.29	03:17:22.144	0.59845	0.59847			6
2024.10.29	03:17:22.472	0.59844	0.59846			6
2024.10.29	03:17:32.343	0.59843				2
2024.10.29	03:17:39.190	0.59839	0.59842			6
2024.10.29	03:17:39.491	0.59837	0.59841			6
2024.10.29	03:17:42.380	0.59838				2
2024.10.29	03:17:42.773	0.59837				2
2024.10.29	03:17:44.122	0.59838				2
2024.10.29	03:17:47.681	0.59849	0.59851			6
2024.10.29	03:17:47.995	0.59848	0.59852			6
2024.10.29	03:17:50.522	0.59849	0.59853			6
2024.10.29	03:17:52.405	0.59850				2
2024.10.29	03:17:54.807	0.59848	0.59852			6
2024.10.29	03:17:56.661		0.59851			4
2024.10.29	03:18:00.074	0.59848				2
2024.10.29	03:18:00.401	0.59844	0.59847			6
2024.10.29	03:18:02.642	0.59843	0.59846			6
2024.10.29	03:18:02.964	0.59844				2
2024.10.29	03:18:03.322	0.59843				2
2024.10.29	03:18:09.650	0.59844				2
2024.10.29	03:18:10.794		0.59847			4
2024.10.29	03:18:11.113		0.59846			4
2024.10.29	03:18:11.422		0.59847			4
2024.10.29	03:18:11.725	0.59843	0.59846			6
2024.10.29	03:18:12.349	0.59844				2
2024.10.29	03:18:12.729	0.59843				2
2024.10.29	03:18:13.109	0.59844				2
2024.10.29	03:18:13.540	0.59843				2
2024.10.29	03:18:16.449	0.59842	0.59845			6
2024.10.29	03:18:18.656	0.59848	0.59849			6
2024.10.29	03:18:18.967	0.59851	0.59853			6
2024.10.29	03:18:19.958	0.59850				2
2024.10.29	03:18:24.599	0.59854	0.59856			6
2024.10.29	03:18:25.816		0.59857			4
2024.10.29	03:18:26.647	0.59853				2
2024.10.29	03:18:29.832	0.59854				2
2024.10.29	03:18:33.481	0.59855	0.59858			6
2024.10.29	03:18:40.065		0.59857			4
2024.10.29	03:18:41.730		0.59856			4
2024.10.29	03:18:43.923	0.59854				2
2024.10.29	03:18:56.822	0.59855				2
2024.10.29	03:18:59.883	0.59853	0.59854			6
2024.10.29	03:19:00.240	0.59853				2
2024.10.29	03:19:04.943	0.59854	0.59855			6
2024.10.29	03:19:14.438	0.59853				2
2024.10.29	03:19:15.470	0.59854				2
2024.10.29	03:19:16.646	0.59853				2
2024.10.29	03:19:17.654	0.59856	0.59858			6
2024.10.29	03:19:17.957	0.59855				2
2024.10.29	03:19:18.646	0.59857	0.59859			6
2024.10.29	03:19:22.911	0.59859	0.59860			6
2024.10.29	03:19:23.216	0.59860	0.59861			6
2024.10.29	03:19:23.526		0.59862			4
2024.10.29	03:19:26.703	0.59854	0.59856			6
2024.10.29	03:19:29.229	0.59853	0.59854			6
2024.10.29	03:19:30.108	0.59849	0.59851			6
2024.10.29	03:19:30.415	0.59848	0.59849			6
2024.10.29	03:19:30.724	0.59846				2
2024.10.29	03:19:31.481	0.59847				2
2024.10.29	03:19:31.986	0.59846				2
2024.10.29	03:19:34.945	0.59848				2
2024.10.29	03:19:39.684	0.59846				2
2024.10.29	03:19:41.490	0.59842	0.59843			6
2024.10.29	03:19:41.803	0.59841				2
2024.10.29	03:19:50.057	0.59840				2
2024.10.29	03:19:52.440	0.59838	0.59841			6
2024.10.29	03:19:52.748	0.59837	0.59840			6
2024.10.29	03:19:54.198	0.59835	0.59837			6
2024.10.29	03:19:54.507		0.59838			4
2024.10.29	03:19:58.343	0.59831	0.59834			6
2024.10.29	03:20:00.514	0.59830	0.59832			6
2024.10.29	03:20:00.827		0.59833			4
2024.10.29	03:20:01.154	0.59831				2
2024.10.29	03:20:02.575	0.59830	0.59832			6
2024.10.29	03:20:02.918	0.59833	0.59835			6
2024.10.29	03:20:04.695		0.59836			4
2024.10.29	03:20:05.610		0.59835			4
2024.10.29	03:20:08.490		0.59836			4
2024.10.29	03:20:09.211	0.59835	0.59837			6
2024.10.29	03:20:09.565	0.59833	0.59836			6
2024.10.29	03:20:10.154	0.59834				2
2024.10.29	03:20:13.793	0.59833				2
2024.10.29	03:20:20.298		0.59835			4
2024.10.29	03:20:33.028	0.59832				2
2024.10.29	03:20:36.363	0.59833				2
2024.10.29	03:20:37.580		0.59834			4
2024.10.29	03:20:39.487	0.59830	0.59831			6
2024.10.29	03:20:40.830		0.59832			4
2024.10.29	03:20:41.134	0.59831				2
2024.10.29	03:20:45.825	0.59832	0.59834			6
2024.10.29	03:20:51.829	0.59830	0.59833			6
2024.10.29	03:20:52.130		0.59832			4
2024.10.29	03:20:55.818	0.59831				2
2024.10.29	03:20:56.125	0.59828	0.59830			6
2024.10.29	03:20:57.868		0.59829			4
2024.10.29	03:20:58.373		0.59830			4
2024.10.29	03:21:00.498	0.59828				2
2024.10.29	03:21:05.920	0.59829				2
2024.10.29	03:21:06.376	0.59828				2
2024.10.29	03:21:11.340	0.59826	0.59828			6
2024.10.29	03:21:13.186	0.59827				2
2024.10.29	03:21:13.628	0.59826				2
2024.10.29	03:21:15.025	0.59825				2
2024.10.29	03:21:15.335		0.59827			4
2024.10.29	03:21:19.406	0.59823	0.59826			6
2024.10.29	03:21:22.975	0.59822	0.59825			6
2024.10.29	03:21:24.306	0.59823				2
2024.10.29	03:21:24.680		0.59826			4
2024.10.29	03:21:25.349	0.59825	0.59827			6
2024.10.29	03:21:26.262	0.59826				2
2024.10.29	03:21:28.030		0.59828			4
2024.10.29	03:21:29.704		0.59827			4
2024.10.29	03:21:30.713	0.59825				2
2024.10.29	03:21:31.861	0.59826	0.59828			6
2024.10.29	03:21:32.336	0.59824	0.59826			6
2024.10.29	03:21:32.652		0.59827			4
2024.10.29	03:21:33.571	0.59822	0.59824			6
2024.10.29	03:21:33.874	0.59820	0.59823			6
2024.10.29	03:21:36.810		0.59822			4
2024.10.29	03:21:37.125	0.59818	0.59820			6
2024.10.29	03:21:38.508	0.59817	0.59819			6
2024.10.29	03:21:42.268	0.59818				2
2024.10.29	03:21:42.868	0.59817				2
2024.10.29	03:21:50.158	0.59818	0.59820			6
2024.10.29	03:21:50.830	0.59819	0.59821			6
2024.10.29	03:21:56.642	0.59818				2
2024.10.29	03:21:57.822		0.59820			4
2024.10.29	03:21:58.160		0.59821			4
2024.10.29	03:21:58.800	0.59819				2
2024.10.29	03:21:59.743	0.59818	0.59820			6
2024.10.29	03:22:00.120	0.59818				2
2024.10.29	03:22:00.422	0.59819				2
2024.10.29	03:22:00.937	0.59818				2
2024.10.29	03:22:01.616	0.59811	0.59812			6
2024.10.29	03:22:01.926	0.59810				2
2024.10.29	03:22:02.855	0.59809	0.59810			6
2024.10.29	03:22:03.156	0.59808	0.59811			6
2024.10.29	03:22:03.467	0.59809	0.59812			6
2024.10.29	03:22:03.864	0.59808	0.59811			6
2024.10.29	03:22:04.541	0.59807	0.59810			6
2024.10.29	03:22:05.138		0.59812			4
2024.10.29	03:22:05.482	0.59808				2
2024.10.29	03:22:05.923		0.59810			4
2024.10.29	03:22:08.015	0.59807				2
2024.10.29	03:22:08.325		0.59811			4
2024.10.29	03:22:08.651	0.59806				2
2024.10.29	03:22:08.950	0.59807				2
2024.10.29	03:22:09.874	0.59806				2
2024.10.29	03:22:10.356	0.59810	0.59812			6
2024.10.29	03:22:10.656		0.59813			4
2024.10.29	03:22:11.300	0.59807	0.59811			6
2024.10.29	03:22:11.689	0.59806				2
2024.10.29	03:22:13.406	0.59807				2
2024.10.29	03:22:15.575	0.59811	0.59814			6
2024.10.29	03:22:20.136	0.59812	0.59816			6
2024.10.29	03:22:20.784	0.59813				2
2024.10.29	03:22:21.248	0.59815	0.59818			6
2024.10.29	03:22:22.544	0.59816				2
2024.10.29	03:22:22.914	0.59817	0.59821			6
2024.10.29	03:22:26.348	0.59818				2
2024.10.29	03:22:26.694	0.59817				2
2024.10.29	03:22:27.016	0.59818				2
2024.10.29	03:22:28.989	0.59819				2
2024.10.29	03:22:32.162	0.59820	0.59824			6
2024.10.29	03:22:36.320	0.59821				2
2024.10.29	03:22:39.021	0.59820				2
2024.10.29	03:22:39.651	0.59819	0.59823			6
2024.10.29	03:22:39.954	0.59818	0.59821			6
2024.10.29	03:22:40.608	0.59817	0.59820			6
2024.10.29	03:22:40.919	0.59816				2
2024.10.29	03:22:41.336	0.59818	0.59821			6
2024.10.29	03:22:43.831	0.59816	0.59819			6
2024.10.29	03:22:44.229	0.59814	0.59818			6
2024.10.29	03:22:46.041	0.59815				2
2024.10.29	03:22:53.655		0.59819			4
2024.10.29	03:22:57.694	0.59816	0.59820			6
2024.10.29	03:22:58.661	0.59817	0.59821			6
2024.10.29	03:23:00.419	0.59817				2
2024.10.29	03:23:03.186		0.59820			4
2024.10.29	03:23:03.616		0.59821			4
2024.10.29	03:23:06.521		0.59820			4
2024.10.29	03:23:06.841	0.59816				2
2024.10.29	03:23:08.630	0.59817	0.59821			6
2024.10.29	03:23:10.390		0.59820			4
2024.10.29	03:23:10.943		0.59821			4
2024.10.29	03:23:11.566	0.59816	0.59819			6
2024.10.29	03:23:12.160		0.59820			4
2024.10.29	03:23:15.216	0.59814	0.59817			6
2024.10.29	03:23:19.270	0.59813	0.59816			6
2024.10.29	03:23:20.404	0.59812				2
2024.10.29	03:23:20.741	0.59813	0.59815			6
2024.10.29	03:23:21.828	0.59811	0.59814			6
2024.10.29	03:23:22.912	0.59813	0.59815			6
2024.10.29	03:23:23.376	0.59811	0.59814			6
2024.10.29	03:23:23.679	0.59810				2
2024.10.29	03:23:30.115		0.59813			4
2024.10.29	03:23:35.877	0.59809				2
2024.10.29	03:23:36.180	0.59810				2
2024.10.29	03:23:36.541	0.59812	0.59815			6
2024.10.29	03:23:38.105	0.59810	0.59813			6
2024.10.29	03:23:44.665	0.59811				2
2024.10.29	03:23:45.391	0.59806	0.59808			6
2024.10.29	03:23:45.722	0.59805	0.59807			6
2024.10.29	03:23:46.025	0.59804	0.59806			6
2024.10.29	03:23:46.346	0.59805				2
2024.10.29	03:23:50.381		0.59807			4
2024.10.29	03:23:51.593	0.59806				2
2024.10.29	03:23:59.849	0.59809	0.59810			6
2024.10.29	03:24:00.151	0.59809				2
2024.10.29	03:24:00.595	0.59808	0.59811			6
2024.10.29	03:24:26.765	0.59809				2
2024.10.29	03:24:28.600	0.59808				2
2024.10.29	03:24:35.072	0.59809				2
2024.10.29	03:24:38.756	0.59808				2
2024.10.29	03:24:39.065	0.59810				2
2024.10.29	03:24:39.400	0.59809				2
2024.10.29	03:24:39.857	0.59808	0.59809			6
2024.10.29	03:24:40.680	0.59806	0.59808			6
2024.10.29	03:24:41.281	0.59805				2
2024.10.29	03:24:41.991	0.59804	0.59806			6
2024.10.29	03:24:42.319	0.59803				2
2024.10.29	03:24:43.133	0.59802	0.59804			6
2024.10.29	03:24:47.392	0.59803				2
2024.10.29	03:24:50.364	0.59805	0.59806			6
2024.10.29	03:24:51.042	0.59804				2
2024.10.29	03:24:51.868	0.59802	0.59805			6
2024.10.29	03:24:52.291	0.59803				2
2024.10.29	03:24:59.415	0.59808	0.59810			6
2024.10.29	03:24:59.726	0.59807				2
2024.10.29	03:25:00.082	0.59808				2
2024.10.29	03:25:01.163	0.59806	0.59808			6
2024.10.29	03:25:01.474	0.59805				2
2024.10.29	03:25:01.787		0.59807			4
2024.10.29	03:25:04.942		0.59808			4
2024.10.29	03:25:05.926	0.59806				2
2024.10.29	03:25:10.403	0.59804	0.59805			6
2024.10.29	03:25:10.706	0.59802				2
2024.10.29	03:25:11.345	0.59803				2
2024.10.29	03:25:14.928	0.59804	0.59806			6
2024.10.29	03:25:16.346	0.59803				2
2024.10.29	03:25:16.900	0.59800	0.59802			6
2024.10.29	03:25:18.351	0.59801	0.59803			6
2024.10.29	03:25:21.610	0.59797	0.59800			6
2024.10.29	03:25:21.914		0.59799			4
2024.10.29	03:25:23.711	0.59794	0.59796			6
2024.10.29	03:25:24.026	0.59793				2
2024.10.29	03:25:24.548		0.59795			4
2024.10.29	03:25:25.774	0.59792				2
2024.10.29	03:25:29.054	0.59788	0.59790			6
2024.10.29	03:25:29.363	0.59787	0.59789			6
2024.10.29	03:25:30.363	0.59784	0.59786			6
2024.10.29	03:25:31.962	0.59785				2
2024.10.29	03:25:32.584	0.59787	0.59789			6
2024.10.29	03:25:32.907	0.59788	0.59791			6
2024.10.29	03:25:33.208	0.59787	0.59789			6
2024.10.29	03:25:41.959	0.59788	0.59791			6
2024.10.29	03:25:42.349		0.59790			4
2024.10.29	03:25:46.472	0.59789	0.59792			6
2024.10.29	03:25:47.216	0.59790				2
2024.10.29	03:25:49.684	0.59791				2
2024.10.29	03:25:52.494	0.59790				2
2024.10.29	03:26:00.278	0.59790				2
2024.10.29	03:26:00.802	0.59792	0.59794			6
2024.10.29	03:26:05.385	0.59791				2
2024.10.29	03:26:07.640		0.59793			4
2024.10.29	03:26:08.348		0.59794			4
2024.10.29	03:26:13.648	0.59792				2
2024.10.29	03:26:16.330	0.59794	0.59796			6
2024.10.29	03:26:17.686	0.59792	0.59795			6
