<DATE>	<TIME>	<BID>	<ASK>	<LAST>	<VOLUME>	<FLAGS>
2024.08.30	00:00:00.166	0.62529	0.62609			6
2024.08.30	00:00:00.486	0.62584	0.62784			6
2024.08.30	00:00:00.846	0.62586	0.62725			6
2024.08.30	00:00:01.180		0.62786			4
2024.08.30	00:00:04.610	0.62585	0.62785			6
2024.08.30	00:00:08.613	0.62586	0.62786			6
2024.08.30	00:00:09.553	0.62585	0.62785			6
2024.08.30	00:00:31.509	0.62542	0.62742			6
2024.08.30	00:00:32.509	0.62544				2
2024.08.30	00:00:34.260	0.62585	0.62785			6
2024.08.30	00:00:36.921	0.62542	0.62706			6
2024.08.30	00:00:39.216		0.62636			4
2024.08.30	00:00:45.023		0.62635			4
2024.08.30	00:01:56.902	0.62545	0.62635			6
2024.08.30	00:02:01.460	0.62545	0.62636			6
2024.08.30	00:03:06.888	0.62545	0.62636			6
2024.08.30	00:03:22.353	0.62544	0.62702			6
2024.08.30	00:03:23.558		0.62636			4
2024.08.30	00:04:01.043	0.62544				2
2024.08.30	00:04:23.574		0.62636			4
2024.08.30	00:04:55.373		0.62633			4
2024.08.30	00:04:56.127		0.62636			4
2024.08.30	00:05:00.590	0.62544				2
2024.08.30	00:05:02.351	0.62548				2
2024.08.30	00:05:02.689	0.62544				2
2024.08.30	00:05:45.710		0.62635			4
2024.08.30	00:06:00.480	0.62544				2
2024.08.30	00:06:10.322		0.62631			4
2024.08.30	00:06:16.497		0.62634			4
2024.08.30	00:06:28.373		0.62633			4
2024.08.30	00:06:51.777		0.62634			4
2024.08.30	00:07:00.010	0.62544				2
2024.08.30	00:07:08.068	0.62545				2
2024.08.30	00:07:11.359	0.62529	0.62603			6
2024.08.30	00:07:11.718	0.62509	0.62626			6
2024.08.30	00:07:12.730	0.62501	0.62623			6
2024.08.30	00:07:13.731	0.62500	0.62622			6
2024.08.30	00:07:14.835	0.62494	0.62616			6
2024.08.30	00:07:15.759	0.62492	0.62614			6
2024.08.30	00:07:17.775	0.62491	0.62613			6
2024.08.30	00:07:19.814		0.62612			4
2024.08.30	00:07:25.373		0.62613			4
2024.08.30	00:07:47.032	0.62535	0.62630			6
2024.08.30	00:07:48.049		0.62633			4
2024.08.30	00:07:53.278		0.62630			4
2024.08.30	00:07:55.385		0.62627			4
2024.08.30	00:07:57.484		0.62619			4
2024.08.30	00:08:01.009	0.62535				2
2024.08.30	00:08:04.515		0.62615			4
2024.08.30	00:08:06.609		0.62614			4
2024.08.30	00:08:18.967		0.62608			4
2024.08.30	00:08:43.162	0.62534	0.62607			6
2024.08.30	00:09:04.790	0.62535	0.62594			6
2024.08.30	00:09:05.846		0.62593			4
2024.08.30	00:09:06.663	0.62536				2
2024.08.30	00:09:10.068	0.62537				2
2024.08.30	00:09:14.998	0.62539				2
2024.08.30	00:10:00.498	0.62539				2
2024.08.30	00:10:02.062	0.62536				2
2024.08.30	00:10:06.052		0.62593			4
2024.08.30	00:10:10.589		0.62591			4
2024.08.30	00:10:11.812		0.62593			4
2024.08.30	00:10:17.235	0.62539				2
2024.08.30	00:11:10.954	0.62539				2
2024.08.30	00:11:11.941		0.62593			4
2024.08.30	00:11:31.027	0.62538				2
2024.08.30	00:11:38.046	0.62550	0.62609			6
2024.08.30	00:11:42.542	0.62542	0.62608			6
2024.08.30	00:11:43.533	0.62540				2
2024.08.30	00:11:44.444		0.62609			4
2024.08.30	00:11:48.349	0.62543				2
2024.08.30	00:11:54.474		0.62608			4
2024.08.30	00:12:00.244	0.62543				2
2024.08.30	00:12:09.680	0.62547				2
2024.08.30	00:12:10.537	0.62536				2
2024.08.30	00:12:10.853	0.62538	0.62603			6
2024.08.30	00:12:26.354	0.62535				2
2024.08.30	00:12:33.045		0.62602			4
2024.08.30	00:12:36.476	0.62538				2
2024.08.30	00:12:45.340	0.62540	0.62603			6
2024.08.30	00:12:46.337	0.62534				2
2024.08.30	00:12:47.867	0.62539	0.62604			6
2024.08.30	00:12:49.042	0.62535	0.62603			6
2024.08.30	00:12:53.584	0.62536				2
2024.08.30	00:12:56.349	0.62537				2
2024.08.30	00:13:05.711	0.62537				2
2024.08.30	00:13:06.912	0.62539				2
2024.08.30	00:13:07.261	0.62537				2
2024.08.30	00:13:10.545	0.62543				2
2024.08.30	00:13:11.564	0.62544				2
2024.08.30	00:13:26.343		0.62609			4
2024.08.30	00:13:30.508		0.62603			4
2024.08.30	00:13:31.487		0.62601			4
2024.08.30	00:13:40.375		0.62600			4
2024.08.30	00:13:41.182		0.62599			4
2024.08.30	00:14:01.041	0.62544				2
2024.08.30	00:14:37.201		0.62600			4
2024.08.30	00:14:41.510	0.62549	0.62605			6
2024.08.30	00:14:42.393	0.62547				2
2024.08.30	00:15:03.246	0.62547				2
2024.08.30	00:15:22.781	0.62543				2
2024.08.30	00:15:23.345	0.62537	0.62604			6
2024.08.30	00:15:30.371		0.62605			4
2024.08.30	00:15:40.441	0.62540	0.62603			6
2024.08.30	00:15:41.607		0.62605			4
2024.08.30	00:15:42.588	0.62542				2
2024.08.30	00:15:45.926		0.62604			4
2024.08.30	00:15:55.941		0.62605			4
2024.08.30	00:16:00.369	0.62542				2
2024.08.30	00:16:08.018	0.62546	0.62611			6
2024.08.30	00:16:09.060	0.62544	0.62609			6
2024.08.30	00:16:09.877		0.62608			4
2024.08.30	00:16:16.228	0.62543	0.62607			6
2024.08.30	00:16:23.574	0.62547				2
2024.08.30	00:16:26.382		0.62606			4
2024.08.30	00:16:34.713		0.62605			4
2024.08.30	00:17:00.244	0.62547				2
2024.08.30	00:17:27.682		0.62607			4
2024.08.30	00:17:34.854		0.62605			4
2024.08.30	00:18:00.846	0.62547				2
2024.08.30	00:18:07.485	0.62551				2
2024.08.30	00:18:08.558	0.62552				2
2024.08.30	00:18:16.277	0.62551	0.62607			6
2024.08.30	00:18:25.554	0.62550	0.62609			6
2024.08.30	00:18:26.696	0.62546				2
2024.08.30	00:18:28.981	0.62543				2
2024.08.30	00:18:45.854	0.62545				2
2024.08.30	00:18:56.088	0.62536	0.62607			6
2024.08.30	00:18:58.349	0.62535				2
2024.08.30	00:18:59.449	0.62536				2
2024.08.30	00:18:59.942	0.62533	0.62594			6
2024.08.30	00:19:00.248	0.62533				2
2024.08.30	00:19:00.987	0.62532				2
2024.08.30	00:19:17.727		0.62591			4
2024.08.30	00:19:35.435	0.62533				2
2024.08.30	00:19:54.040	0.62534	0.62596			6
2024.08.30	00:19:58.078		0.62594			4
2024.08.30	00:20:02.048	0.62534				2
2024.08.30	00:20:05.339		0.62593			4
2024.08.30	00:20:10.977		0.62592			4
2024.08.30	00:20:12.855	0.62535				2
2024.08.30	00:20:42.016		0.62596			4
2024.08.30	00:20:48.014	0.62534				2
2024.08.30	00:21:03.251	0.62534				2
2024.08.30	00:21:05.900	0.62535				2
2024.08.30	00:21:10.801	0.62534	0.62592			6
2024.08.30	00:21:30.135	0.62533				2
2024.08.30	00:21:32.675	0.62534				2
2024.08.30	00:21:33.224	0.62532				2
2024.08.30	00:21:35.254		0.62590			4
2024.08.30	00:21:35.902		0.62591			4
2024.08.30	00:21:37.385		0.62592			4
2024.08.30	00:21:37.700	0.62533				2
2024.08.30	00:21:38.020	0.62532				2
2024.08.30	00:21:44.513		0.62593			4
2024.08.30	00:21:48.765	0.62533				2
2024.08.30	00:21:51.829		0.62589			4
2024.08.30	00:21:59.562	0.62531				2
2024.08.30	00:22:00.472	0.62531				2
2024.08.30	00:22:09.016	0.62532				2
2024.08.30	00:22:10.555	0.62531				2
2024.08.30	00:22:18.174	0.62532	0.62593			6
2024.08.30	00:22:30.813	0.62533	0.62592			6
2024.08.30	00:22:31.650	0.62530				2
2024.08.30	00:22:37.376	0.62529				2
2024.08.30	00:22:40.172	0.62530				2
2024.08.30	00:22:43.446	0.62529	0.62590			6
2024.08.30	00:22:46.648		0.62589			4
2024.08.30	00:22:48.078		0.62590			4
2024.08.30	00:22:49.151	0.62528				2
2024.08.30	00:22:52.622	0.62529	0.62592			6
2024.08.30	00:22:52.930	0.62528	0.62588			6
2024.08.30	00:22:53.266		0.62589			4
2024.08.30	00:22:53.590		0.62591			4
2024.08.30	00:22:53.899		0.62590			4
2024.08.30	00:22:55.244		0.62589			4
2024.08.30	00:23:02.919	0.62528				2
2024.08.30	00:23:52.943		0.62588			4
2024.08.30	00:24:00.772	0.62529	0.62589			6
2024.08.30	00:24:03.450	0.62527				2
2024.08.30	00:24:03.784	0.62528				2
2024.08.30	00:24:17.456	0.62527				2
2024.08.30	00:24:42.460	0.62528				2
2024.08.30	00:24:47.754	0.62525	0.62586			6
2024.08.30	00:24:48.763	0.62526				2
2024.08.30	00:24:49.110	0.62525	0.62587			6
2024.08.30	00:24:49.744		0.62588			4
2024.08.30	00:24:50.253		0.62587			4
2024.08.30	00:24:53.155	0.62526	0.62588			6
2024.08.30	00:24:54.207	0.62529				2
2024.08.30	00:24:54.561	0.62532	0.62589			6
2024.08.30	00:24:56.033	0.62530	0.62588			6
2024.08.30	00:25:00.915	0.62530	0.62589			6
2024.08.30	00:25:10.513	0.62535	0.62590			6
2024.08.30	00:25:11.520	0.62537				2
2024.08.30	00:25:16.509		0.62589			4
2024.08.30	00:25:16.916		0.62590			4
2024.08.30	00:26:06.139	0.62537				2
2024.08.30	00:26:16.920		0.62590			4
2024.08.30	00:26:18.020		0.62589			4
2024.08.30	00:26:43.220		0.62591			4
2024.08.30	00:26:46.270		0.62588			4
2024.08.30	00:27:01.016	0.62537				2
2024.08.30	00:27:38.117		0.62591			4
2024.08.30	00:28:06.415	0.62537				2
2024.08.30	00:28:12.603		0.62588			4
2024.08.30	00:28:16.468		0.62591			4
2024.08.30	00:28:16.780		0.62589			4
2024.08.30	00:28:24.932		0.62590			4
2024.08.30	00:28:38.834		0.62589			4
2024.08.30	00:29:09.480	0.62537				2
2024.08.30	00:29:16.990		0.62590			4
2024.08.30	00:30:00.114	0.62537				2
2024.08.30	00:30:00.424		0.62588			4
2024.08.30	00:30:05.729		0.62587			4
2024.08.30	00:30:16.814		0.62586			4
2024.08.30	00:30:19.742		0.62585			4
2024.08.30	00:30:23.187		0.62586			4
2024.08.30	00:30:24.048		0.62585			4
2024.08.30	00:30:24.616		0.62586			4
2024.08.30	00:30:25.060		0.62587			4
2024.08.30	00:30:27.089		0.62586			4
2024.08.30	00:30:29.051		0.62587			4
2024.08.30	00:30:29.792		0.62586			4
2024.08.30	00:30:32.598		0.62587			4
2024.08.30	00:30:33.971		0.62586			4
2024.08.30	00:30:37.181	0.62536				2
2024.08.30	00:30:37.495		0.62587			4
2024.08.30	00:30:38.465	0.62537				2
2024.08.30	00:30:41.442		0.62588			4
2024.08.30	00:30:44.424		0.62587			4
2024.08.30	00:30:46.871		0.62588			4
2024.08.30	00:30:52.784		0.62587			4
2024.08.30	00:30:53.816		0.62588			4
2024.08.30	00:30:55.396		0.62587			4
2024.08.30	00:30:56.863		0.62589			4
2024.08.30	00:31:00.202	0.62537				2
2024.08.30	00:31:25.817		0.62588			4
2024.08.30	00:31:30.720		0.62589			4
2024.08.30	00:32:00.014	0.62537				2
2024.08.30	00:32:04.644		0.62588			4
2024.08.30	00:32:06.089		0.62589			4
2024.08.30	00:32:21.093		0.62590			4
2024.08.30	00:32:21.674		0.62587			4
2024.08.30	00:32:36.705		0.62588			4
2024.08.30	00:33:03.312	0.62537				2
2024.08.30	00:33:13.517	0.62543	0.62590			6
2024.08.30	00:33:14.658	0.62544				2
2024.08.30	00:33:34.295		0.62591			4
2024.08.30	00:34:04.562	0.62544				2
2024.08.30	00:34:13.651		0.62592			4
2024.08.30	00:34:14.082		0.62591			4
2024.08.30	00:34:23.279		0.62592			4
2024.08.30	00:34:30.073		0.62591			4
2024.08.30	00:34:30.421		0.62592			4
2024.08.30	00:34:31.452		0.62591			4
2024.08.30	00:34:39.889		0.62593			4
2024.08.30	00:34:51.015		0.62594			4
2024.08.30	00:34:52.485		0.62592			4
2024.08.30	00:34:55.404		0.62593			4
2024.08.30	00:34:57.294		0.62594			4
2024.08.30	00:35:00.641	0.62544	0.62591			6
2024.08.30	00:35:10.215		0.62590			4
2024.08.30	00:35:17.117		0.62592			4
2024.08.30	00:35:39.585		0.62594			4
2024.08.30	00:35:44.417		0.62591			4
2024.08.30	00:35:48.292		0.62593			4
2024.08.30	00:35:53.946		0.62591			4
2024.08.30	00:36:03.622	0.62544				2
2024.08.30	00:36:38.889		0.62592			4
2024.08.30	00:36:52.150		0.62593			4
2024.08.30	00:36:56.168		0.62591			4
2024.08.30	00:37:04.635	0.62544				2
2024.08.30	00:37:52.221		0.62592			4
2024.08.30	00:37:54.018		0.62593			4
2024.08.30	00:37:58.815		0.62592			4
2024.08.30	00:37:59.190		0.62591			4
2024.08.30	00:38:03.014	0.62544				2
2024.08.30	00:38:51.470	0.62542				2
2024.08.30	00:38:52.221		0.62594			4
2024.08.30	00:38:54.013	0.62541				2
2024.08.30	00:38:56.040	0.62540	0.62593			6
2024.08.30	00:38:58.542	0.62541				2
2024.08.30	00:39:09.014	0.62540				2
2024.08.30	00:39:10.461	0.62541	0.62594			6
2024.08.30	00:39:50.249	0.62542	0.62593			6
2024.08.30	00:39:50.645	0.62540				2
2024.08.30	00:39:55.135	0.62542	0.62592			6
2024.08.30	00:39:55.456	0.62540	0.62591			6
2024.08.30	00:40:01.009	0.62540				2
2024.08.30	00:40:22.641	0.62541	0.62595			6
2024.08.30	00:40:25.835		0.62594			4
2024.08.30	00:40:41.315	0.62542	0.62591			6
2024.08.30	00:40:41.713	0.62541	0.62592			6
2024.08.30	00:40:56.505		0.62594			4
2024.08.30	00:41:06.916	0.62541	0.62595			6
2024.08.30	00:41:16.870	0.62542	0.62592			6
2024.08.30	00:41:26.645	0.62541				2
2024.08.30	00:41:31.956		0.62594			4
2024.08.30	00:41:51.749		0.62592			4
2024.08.30	00:41:55.213		0.62593			4
2024.08.30	00:42:01.014	0.62541				2
2024.08.30	00:42:01.782	0.62542	0.62592			6
2024.08.30	00:42:05.565	0.62541				2
2024.08.30	00:42:09.953		0.62591			4
2024.08.30	00:42:13.635		0.62593			4
2024.08.30	00:42:15.013		0.62594			4
2024.08.30	00:42:45.384	0.62540	0.62593			6
2024.08.30	00:42:45.966	0.62541	0.62592			6
2024.08.30	00:42:49.448	0.62542				2
2024.08.30	00:42:54.086		0.62594			4
2024.08.30	00:43:06.213	0.62541	0.62592			6
2024.08.30	00:43:06.610	0.62542				2
2024.08.30	00:43:18.614		0.62595			4
2024.08.30	00:43:24.662	0.62541	0.62591			6
2024.08.30	00:43:24.965	0.62540	0.62592			6
2024.08.30	00:43:25.355	0.62541				2
2024.08.30	00:43:27.046	0.62540	0.62593			6
2024.08.30	00:43:27.752		0.62592			4
2024.08.30	00:43:28.179	0.62541				2
2024.08.30	00:43:31.488		0.62593			4
2024.08.30	00:43:31.797		0.62592			4
2024.08.30	00:44:00.380	0.62541				2
2024.08.30	00:44:18.060		0.62594			4
2024.08.30	00:44:36.015		0.62593			4
2024.08.30	00:44:40.839		0.62592			4
2024.08.30	00:44:45.931	0.62542	0.62593			6
2024.08.30	00:44:46.459	0.62541				2
2024.08.30	00:44:54.759		0.62592			4
2024.08.30	00:44:56.944	0.62542				2
2024.08.30	00:45:01.157	0.62542				2
2024.08.30	00:45:01.796	0.62539				2
2024.08.30	00:45:03.000	0.62540	0.62591			6
2024.08.30	00:45:03.545	0.62541				2
2024.08.30	00:45:06.474	0.62554	0.62580			6
2024.08.30	00:45:07.166	0.62555	0.62581			6
2024.08.30	00:45:08.343	0.62554	0.62579			6
2024.08.30	00:45:10.693	0.62551	0.62577			6
2024.08.30	00:45:14.088		0.62576			4
2024.08.30	00:45:14.527	0.62550				2
2024.08.30	00:45:16.569	0.62549	0.62575			6
2024.08.30	00:45:17.709		0.62576			4
2024.08.30	00:45:18.030	0.62548	0.62574			6
2024.08.30	00:45:18.345	0.62549	0.62575			6
2024.08.30	00:45:18.791	0.62548	0.62574			6
2024.08.30	00:45:19.191	0.62547				2
2024.08.30	00:45:19.655	0.62548				2
2024.08.30	00:45:19.991	0.62547				2
2024.08.30	00:45:20.302		0.62573			4
2024.08.30	00:45:25.182		0.62574			4
2024.08.30	00:45:25.507		0.62575			4
2024.08.30	00:45:25.844	0.62548				2
2024.08.30	00:45:27.127	0.62547				2
2024.08.30	00:45:27.481	0.62546	0.62574			6
2024.08.30	00:45:27.809	0.62548	0.62576			6
2024.08.30	00:45:28.288	0.62547	0.62575			6
2024.08.30	00:45:28.639	0.62546	0.62574			6
2024.08.30	00:45:29.003	0.62547				2
2024.08.30	00:45:29.426		0.62575			4
2024.08.30	00:45:29.827	0.62546	0.62574			6
2024.08.30	00:45:30.836	0.62547	0.62575			6
2024.08.30	00:45:33.922	0.62548	0.62576			6
2024.08.30	00:45:37.002	0.62547	0.62575			6
2024.08.30	00:45:38.131		0.62576			4
2024.08.30	00:45:51.153	0.62548				2
2024.08.30	00:45:57.981	0.62549	0.62578			6
2024.08.30	00:46:00.606	0.62550				2
2024.08.30	00:46:21.377	0.62551	0.62579			6
2024.08.30	00:46:23.886	0.62552	0.62580			6
2024.08.30	00:46:25.678	0.62551	0.62579			6
2024.08.30	00:46:29.016	0.62548	0.62576			6
2024.08.30	00:46:30.161	0.62551	0.62579			6
2024.08.30	00:46:38.043	0.62552				2
2024.08.30	00:46:39.955	0.62551	0.62578			6
2024.08.30	00:46:45.549	0.62552	0.62579			6
2024.08.30	00:46:46.936	0.62551	0.62578			6
2024.08.30	00:46:50.232	0.62550				2
2024.08.30	00:46:58.139		0.62577			4
2024.08.30	00:46:59.956	0.62549	0.62576			6
2024.08.30	00:47:01.774	0.62547	0.62580			6
2024.08.30	00:47:02.659	0.62548	0.62582			6
2024.08.30	00:47:02.983	0.62549	0.62577			6
2024.08.30	00:47:07.376	0.62550				2
2024.08.30	00:47:07.874	0.62549				2
2024.08.30	00:47:08.667	0.62550	0.62578			6
2024.08.30	00:47:10.770	0.62549	0.62577			6
2024.08.30	00:47:11.085	0.62550	0.62578			6
2024.08.30	00:47:18.596		0.62577			4
2024.08.30	00:47:26.033	0.62552	0.62579			6
2024.08.30	00:47:28.815		0.62580			4
2024.08.30	00:47:32.948	0.62553				2
2024.08.30	00:47:50.990	0.62554	0.62581			6
2024.08.30	00:47:57.098		0.62580			4
2024.08.30	00:48:10.027	0.62553				2
2024.08.30	00:48:16.447		0.62579			4
2024.08.30	00:48:45.881	0.62554				2
2024.08.30	00:48:51.792		0.62580			4
2024.08.30	00:49:00.974	0.62554				2
2024.08.30	00:49:15.083	0.62555				2
2024.08.30	00:49:28.146		0.62581			4
2024.08.30	00:49:32.076		0.62580			4
2024.08.30	00:49:32.412		0.62581			4
2024.08.30	00:49:41.646	0.62556				2
2024.08.30	00:49:42.033	0.62555	0.62580			6
2024.08.30	00:49:50.370	0.62556				2
2024.08.30	00:49:55.445	0.62555				2
2024.08.30	00:50:01.371	0.62555				2
2024.08.30	00:50:07.745	0.62556	0.62581			6
2024.08.30	00:50:25.938	0.62558	0.62583			6
2024.08.30	00:50:31.448	0.62557	0.62582			6
2024.08.30	00:50:39.541	0.62556	0.62581			6
2024.08.30	00:50:40.616		0.62582			4
2024.08.30	00:50:44.944	0.62557				2
2024.08.30	00:51:00.354	0.62557				2
2024.08.30	00:51:20.644	0.62558				2
2024.08.30	00:51:24.736	0.62561	0.62585			6
2024.08.30	00:51:45.546	0.62560	0.62584			6
2024.08.30	00:52:02.212	0.62560				2
2024.08.30	00:52:13.445	0.62559	0.62583			6
2024.08.30	00:52:14.547	0.62557	0.62581			6
2024.08.30	00:52:15.005	0.62556	0.62580			6
2024.08.30	00:52:18.403	0.62555				2
2024.08.30	00:52:32.621	0.62556				2
2024.08.30	00:52:39.539		0.62581			4
2024.08.30	00:52:40.224	0.62555	0.62580			6
2024.08.30	00:52:40.942	0.62556	0.62581			6
2024.08.30	00:52:41.362	0.62555	0.62580			6
2024.08.30	00:52:44.943	0.62554	0.62579			6
2024.08.30	00:52:47.775		0.62580			4
2024.08.30	00:52:48.319		0.62579			4
2024.08.30	00:52:49.786	0.62553	0.62578			6
2024.08.30	00:52:50.201	0.62554	0.62579			6
2024.08.30	00:52:50.865		0.62580			4
2024.08.30	00:52:52.788	0.62553	0.62579			6
2024.08.30	00:52:53.722	0.62557	0.62584			6
2024.08.30	00:52:54.027	0.62553	0.62579			6
2024.08.30	00:52:54.866	0.62554	0.62581			6
2024.08.30	00:52:55.425	0.62553	0.62580			6
2024.08.30	00:52:55.826	0.62554				2
2024.08.30	00:52:56.194		0.62581			4
2024.08.30	00:52:56.595	0.62553	0.62580			6
2024.08.30	00:52:56.944	0.62555	0.62581			6
2024.08.30	00:53:01.011	0.62555				2
2024.08.30	00:53:11.196	0.62560	0.62583			6
2024.08.30	00:53:13.034	0.62561				2
2024.08.30	00:53:16.395	0.62562				2
2024.08.30	00:53:23.005	0.62558				2
2024.08.30	00:53:23.690	0.62557				2
2024.08.30	00:53:33.249	0.62558				2
2024.08.30	00:53:37.040	0.62560				2
2024.08.30	00:53:37.341	0.62559				2
2024.08.30	00:53:38.653	0.62557				2
2024.08.30	00:53:45.151	0.62569	0.62588			6
2024.08.30	00:53:56.488	0.62562	0.62583			6
2024.08.30	00:53:56.922	0.62561				2
2024.08.30	00:54:00.740	0.62561				2
2024.08.30	00:54:25.748	0.62560				2
2024.08.30	00:54:36.697	0.62559				2
2024.08.30	00:54:45.081	0.62569	0.62588			6
2024.08.30	00:54:51.009	0.62563	0.62583			6
2024.08.30	00:54:51.315	0.62561				2
2024.08.30	00:54:53.725	0.62560				2
2024.08.30	00:55:02.195	0.62559				2
2024.08.30	00:55:07.425		0.62582			4
2024.08.30	00:55:27.961	0.62558				2
2024.08.30	00:55:41.336		0.62581			4
2024.08.30	00:55:41.705	0.62557				2
2024.08.30	00:55:47.612	0.62558	0.62582			6
2024.08.30	00:56:03.588	0.62559	0.62583			6
2024.08.30	00:56:04.596	0.62558	0.62582			6
2024.08.30	00:56:04.951		0.62581			4
2024.08.30	00:56:05.342		0.62582			4
2024.08.30	00:56:14.947	0.62557	0.62581			6
2024.08.30	00:56:18.535	0.62558	0.62582			6
2024.08.30	00:56:22.509	0.62557				2
2024.08.30	00:56:28.957	0.62569	0.62588			6
2024.08.30	00:56:38.428	0.62562	0.62583			6
2024.08.30	00:56:43.447	0.62561				2
2024.08.30	00:56:45.085	0.62560				2
2024.08.30	00:56:50.045	0.62559				2
2024.08.30	00:57:00.246	0.62561				2
2024.08.30	00:57:07.389	0.62560				2
2024.08.30	00:57:38.433		0.62583			4
2024.08.30	00:57:40.371	0.62559	0.62582			6
2024.08.30	00:57:40.719	0.62560	0.62583			6
2024.08.30	00:57:41.043	0.62558	0.62582			6
2024.08.30	00:57:55.526		0.62581			4
2024.08.30	00:57:57.107		0.62582			4
2024.08.30	00:58:00.389	0.62559	0.62583			6
2024.08.30	00:58:02.443	0.62558				2
2024.08.30	00:58:02.752	0.62559				2
2024.08.30	00:58:03.121	0.62560				2
2024.08.30	00:58:05.693	0.62559				2
2024.08.30	00:58:07.945	0.62560				2
2024.08.30	00:58:10.024	0.62563				2
2024.08.30	00:58:10.328	0.62559				2
2024.08.30	00:58:16.761	0.62558				2
2024.08.30	00:58:18.478	0.62559				2
2024.08.30	00:58:24.886	0.62558				2
2024.08.30	00:58:39.601	0.62562				2
2024.08.30	00:58:49.593	0.62559				2
2024.08.30	00:58:50.468	0.62562				2
2024.08.30	00:59:01.970	0.62560	0.62583			6
2024.08.30	00:59:06.746	0.62559				2
2024.08.30	00:59:15.786		0.62581			4
2024.08.30	00:59:16.318	0.62560				2
2024.08.30	00:59:17.147	0.62561				2
2024.08.30	00:59:18.570	0.62562				2
2024.08.30	00:59:19.692	0.62561				2
2024.08.30	00:59:20.479	0.62562				2
2024.08.30	00:59:23.540	0.62563				2
2024.08.30	00:59:23.948	0.62562				2
2024.08.30	00:59:27.264	0.62561				2
2024.08.30	00:59:31.342	0.62562				2
2024.08.30	00:59:36.681	0.62561				2
2024.08.30	00:59:44.272	0.62560				2
2024.08.30	01:00:00.278	0.62557	0.62622			6
2024.08.30	01:00:00.585	0.62554	0.62626			6
2024.08.30	01:00:00.889		0.62628			4
2024.08.30	01:00:01.243	0.62558	0.62626			6
2024.08.30	01:00:01.584	0.62562	0.62608			6
2024.08.30	01:00:01.920		0.62606			4
2024.08.30	01:00:02.238	0.62555	0.62607			6
2024.08.30	01:00:02.569	0.62552	0.62604			6
2024.08.30	01:00:02.871	0.62551	0.62603			6
2024.08.30	01:00:03.329	0.62562	0.62604			6
2024.08.30	01:00:03.631	0.62566	0.62605			6
2024.08.30	01:00:03.935	0.62564	0.62606			6
2024.08.30	01:00:04.313	0.62565	0.62607			6
2024.08.30	01:00:05.555	0.62566	0.62608			6
2024.08.30	01:00:06.172	0.62564	0.62606			6
2024.08.30	01:00:07.351	0.62565	0.62607			6
2024.08.30	01:00:07.673	0.62564	0.62605			6
2024.08.30	01:00:08.068		0.62606			4
2024.08.30	01:00:08.469		0.62605			4
2024.08.30	01:00:10.619	0.62569				2
2024.08.30	01:00:10.923	0.62571	0.62606			6
2024.08.30	01:00:13.443	0.62572				2
2024.08.30	01:00:15.281	0.62571	0.62608			6
2024.08.30	01:00:15.582		0.62605			4
2024.08.30	01:00:15.884	0.62572				2
2024.08.30	01:00:18.741		0.62606			4
2024.08.30	01:00:19.392	0.62565	0.62600			6
2024.08.30	01:00:19.702		0.62598			4
2024.08.30	01:00:20.023		0.62595			4
2024.08.30	01:00:20.410		0.62594			4
2024.08.30	01:00:20.839	0.62564	0.62595			6
2024.08.30	01:00:21.140		0.62594			4
2024.08.30	01:00:21.441	0.62566	0.62596			6
2024.08.30	01:00:21.778		0.62595			4
2024.08.30	01:00:22.122		0.62592			4
2024.08.30	01:00:22.423	0.62565				2
2024.08.30	01:00:22.782		0.62591			4
2024.08.30	01:00:23.144	0.62564				2
2024.08.30	01:00:24.101		0.62592			4
2024.08.30	01:00:27.517		0.62593			4
2024.08.30	01:00:28.803		0.62592			4
2024.08.30	01:00:29.122		0.62593			4
2024.08.30	01:00:29.689		0.62592			4
2024.08.30	01:00:30.007		0.62593			4
2024.08.30	01:00:30.319		0.62592			4
2024.08.30	01:00:30.649		0.62593			4
2024.08.30	01:00:32.607		0.62592			4
2024.08.30	01:00:32.939		0.62593			4
2024.08.30	01:00:34.521	0.62563	0.62581			6
2024.08.30	01:00:34.824		0.62582			4
2024.08.30	01:00:35.137	0.62561				2
2024.08.30	01:00:36.595	0.62559	0.62576			6
2024.08.30	01:00:36.921		0.62577			4
2024.08.30	01:00:38.708		0.62576			4
2024.08.30	01:00:39.623		0.62577			4
2024.08.30	01:00:40.355		0.62575			4
2024.08.30	01:00:42.118	0.62555	0.62570			6
2024.08.30	01:00:42.462	0.62554				2
2024.08.30	01:00:43.058	0.62552	0.62565			6
2024.08.30	01:00:43.379	0.62555	0.62567			6
2024.08.30	01:00:45.200	0.62557	0.62568			6
2024.08.30	01:00:46.443	0.62574	0.62579			6
2024.08.30	01:00:46.745	0.62582	0.62587			6
2024.08.30	01:00:47.096		0.62592			4
2024.08.30	01:00:48.091	0.62580				2
2024.08.30	01:00:48.606	0.62581	0.62594			6
2024.08.30	01:00:48.958	0.62577				2
2024.08.30	01:00:50.495	0.62579				2
2024.08.30	01:00:53.083	0.62576	0.62589			6
2024.08.30	01:00:53.904	0.62575				2
2024.08.30	01:00:56.034	0.62580	0.62588			6
2024.08.30	01:00:56.400	0.62581				2
2024.08.30	01:00:56.707		0.62583			4
2024.08.30	01:00:57.025	0.62574	0.62582			6
2024.08.30	01:00:57.365	0.62575	0.62583			6
2024.08.30	01:00:58.381	0.62573	0.62582			6
2024.08.30	01:00:58.794	0.62574				2
2024.08.30	01:01:00.056	0.62574				2
2024.08.30	01:01:02.833	0.62572				2
2024.08.30	01:01:03.186	0.62574				2
2024.08.30	01:01:05.369	0.62579	0.62585			6
2024.08.30	01:01:06.426	0.62573	0.62582			6
2024.08.30	01:01:07.045	0.62574	0.62583			6
2024.08.30	01:01:08.045	0.62577	0.62584			6
2024.08.30	01:01:08.602	0.62576				2
2024.08.30	01:01:08.905	0.62577				2
2024.08.30	01:01:11.532	0.62574	0.62582			6
2024.08.30	01:01:12.393	0.62575	0.62585			6
2024.08.30	01:01:12.746	0.62577	0.62586			6
2024.08.30	01:01:13.253	0.62579	0.62587			6
2024.08.30	01:01:14.010	0.62577	0.62586			6
2024.08.30	01:01:14.365		0.62587			4
2024.08.30	01:01:14.770	0.62579	0.62588			6
2024.08.30	01:01:15.129	0.62576	0.62585			6
2024.08.30	01:01:15.487	0.62585	0.62591			6
2024.08.30	01:01:16.144	0.62583	0.62589			6
2024.08.30	01:01:16.801	0.62584	0.62590			6
2024.08.30	01:01:17.869	0.62583				2
2024.08.30	01:01:18.414	0.62584	0.62591			6
2024.08.30	01:01:22.934	0.62585				2
2024.08.30	01:01:23.645	0.62584				2
2024.08.30	01:01:25.272	0.62586	0.62592			6
2024.08.30	01:01:25.594	0.62587				2
2024.08.30	01:01:26.385	0.62583	0.62590			6
2024.08.30	01:01:36.107	0.62584				2
2024.08.30	01:01:37.116	0.62583				2
2024.08.30	01:01:47.775	0.62582	0.62589			6
2024.08.30	01:01:48.412	0.62583	0.62590			6
2024.08.30	01:01:49.193	0.62586	0.62592			6
2024.08.30	01:01:49.494	0.62587				2
2024.08.30	01:01:53.423		0.62593			4
2024.08.30	01:01:56.781		0.62592			4
2024.08.30	01:02:00.395	0.62587				2
2024.08.30	01:02:04.398	0.62584	0.62590			6
2024.08.30	01:02:05.054	0.62588	0.62593			6
2024.08.30	01:02:05.414	0.62584	0.62591			6
2024.08.30	01:02:05.915	0.62586	0.62592			6
2024.08.30	01:02:07.808	0.62574	0.62596			6
2024.08.30	01:02:08.348		0.62591			4
2024.08.30	01:02:09.370		0.62592			4
2024.08.30	01:02:15.147		0.62593			4
2024.08.30	01:02:17.434	0.62573	0.62591			6
2024.08.30	01:02:18.422	0.62574	0.62592			6
2024.08.30	01:02:18.727	0.62575	0.62594			6
2024.08.30	01:02:20.299	0.62577	0.62595			6
2024.08.30	01:02:24.826		0.62593			4
2024.08.30	01:02:25.333		0.62594			4
2024.08.30	01:02:26.021	0.62576				2
2024.08.30	01:02:30.445	0.62575				2
2024.08.30	01:02:31.018	0.62576				2
2024.08.30	01:02:36.913	0.62577	0.62595			6
2024.08.30	01:02:38.278	0.62576				2
2024.08.30	01:02:39.845	0.62577	0.62594			6
2024.08.30	01:02:40.149	0.62579	0.62597			6
2024.08.30	01:02:40.711		0.62598			4
2024.08.30	01:02:44.148	0.62578	0.62597			6
2024.08.30	01:02:45.105		0.62598			4
2024.08.30	01:02:46.156	0.62579				2
2024.08.30	01:02:48.653	0.62580				2
2024.08.30	01:02:55.084	0.62581	0.62600			6
2024.08.30	01:03:02.788	0.62577	0.62599			6
2024.08.30	01:03:05.045	0.62578				2
2024.08.30	01:03:07.399		0.62597			4
2024.08.30	01:03:11.243		0.62598			4
2024.08.30	01:03:13.421		0.62599			4
2024.08.30	01:03:14.648	0.62577				2
2024.08.30	01:03:24.209	0.62578				2
2024.08.30	01:03:26.463		0.62597			4
2024.08.30	01:03:28.746	0.62577				2
2024.08.30	01:03:37.810	0.62576	0.62595			6
2024.08.30	01:03:38.613	0.62577				2
2024.08.30	01:03:46.099	0.62576				2
2024.08.30	01:03:48.095		0.62594			4
2024.08.30	01:03:49.818		0.62592			4
2024.08.30	01:03:50.271	0.62575				2
2024.08.30	01:03:51.083	0.62574				2
2024.08.30	01:03:51.580		0.62589			4
2024.08.30	01:03:53.105	0.62573				2
2024.08.30	01:03:58.938	0.62572				2
2024.08.30	01:04:01.771	0.62572	0.62588			6
2024.08.30	01:04:10.613	0.62571				2
2024.08.30	01:04:12.536	0.62569	0.62586			6
2024.08.30	01:04:12.837	0.62568				2
2024.08.30	01:04:16.024		0.62582			4
2024.08.30	01:04:16.430		0.62580			4
2024.08.30	01:04:16.782		0.62581			4
2024.08.30	01:04:26.680	0.62567	0.62580			6
2024.08.30	01:04:33.160	0.62566				2
2024.08.30	01:04:48.411	0.62568				2
2024.08.30	01:04:55.499	0.62569	0.62583			6
2024.08.30	01:04:56.443		0.62582			4
2024.08.30	01:04:59.647		0.62583			4
2024.08.30	01:05:00.375	0.62571	0.62584			6
2024.08.30	01:05:05.529	0.62573	0.62585			6
2024.08.30	01:05:05.909	0.62575	0.62587			6
2024.08.30	01:05:10.019	0.62574				2
2024.08.30	01:05:15.245	0.62572	0.62583			6
2024.08.30	01:05:15.553	0.62571				2
2024.08.30	01:05:19.294	0.62568	0.62580			6
2024.08.30	01:05:41.041	0.62569				2
2024.08.30	01:06:00.209	0.62569				2
2024.08.30	01:06:10.280	0.62574	0.62584			6
2024.08.30	01:06:13.277		0.62585			4
2024.08.30	01:06:13.903		0.62584			4
2024.08.30	01:06:14.899		0.62585			4
2024.08.30	01:06:18.352	0.62575				2
2024.08.30	01:06:23.103		0.62584			4
2024.08.30	01:06:25.939		0.62585			4
2024.08.30	01:06:26.886		0.62584			4
2024.08.30	01:06:37.893		0.62585			4
2024.08.30	01:06:38.215		0.62584			4
2024.08.30	01:06:58.348		0.62586			4
2024.08.30	01:06:59.946	0.62576				2
2024.08.30	01:07:00.358	0.62581				2
2024.08.30	01:07:00.661	0.62582				2
2024.08.30	01:07:01.621	0.62584	0.62589			6
2024.08.30	01:07:12.007		0.62588			4
2024.08.30	01:07:12.361	0.62583				2
2024.08.30	01:07:12.766	0.62584				2
2024.08.30	01:07:13.476		0.62589			4
2024.08.30	01:07:14.585		0.62588			4
2024.08.30	01:07:14.889		0.62589			4
2024.08.30	01:07:16.940		0.62588			4
2024.08.30	01:07:17.620		0.62589			4
2024.08.30	01:07:18.862		0.62588			4
2024.08.30	01:07:19.268	0.62583				2
2024.08.30	01:07:20.384	0.62584				2
2024.08.30	01:07:21.517	0.62582	0.62587			6
2024.08.30	01:07:22.003	0.62583				2
2024.08.30	01:07:22.686	0.62582				2
2024.08.30	01:07:37.683		0.62586			4
2024.08.30	01:07:45.682	0.62581				2
2024.08.30	01:07:49.406	0.62580	0.62584			6
2024.08.30	01:08:03.947	0.62579	0.62583			6
2024.08.30	01:08:04.551	0.62577	0.62581			6
2024.08.30	01:08:05.005	0.62578				2
2024.08.30	01:08:05.309	0.62577				2
2024.08.30	01:08:05.717	0.62578				2
2024.08.30	01:08:06.369	0.62577				2
2024.08.30	01:08:07.336	0.62578				2
2024.08.30	01:08:10.632	0.62579	0.62582			6
2024.08.30	01:08:11.339	0.62578	0.62581			6
2024.08.30	01:08:11.729	0.62579	0.62582			6
2024.08.30	01:08:12.297	0.62578	0.62581			6
2024.08.30	01:08:15.485	0.62579	0.62582			6
2024.08.30	01:08:18.368	0.62578				2
2024.08.30	01:08:20.399	0.62579				2
2024.08.30	01:08:21.258	0.62578				2
2024.08.30	01:08:22.985	0.62579	0.62583			6
2024.08.30	01:08:23.737		0.62582			4
2024.08.30	01:08:25.459	0.62578				2
2024.08.30	01:08:26.066	0.62579	0.62580			6
2024.08.30	01:08:26.373	0.62574	0.62577			6
2024.08.30	01:08:26.831	0.62575	0.62578			6
2024.08.30	01:08:27.946	0.62574	0.62577			6
2024.08.30	01:08:28.455	0.62575	0.62578			6
2024.08.30	01:08:29.656	0.62574				2
2024.08.30	01:08:30.021		0.62577			4
2024.08.30	01:08:30.989	0.62575	0.62578			6
2024.08.30	01:08:32.152	0.62576	0.62579			6
2024.08.30	01:08:32.512	0.62575				2
2024.08.30	01:08:34.616	0.62574	0.62578			6
2024.08.30	01:08:35.676	0.62578	0.62582			6
2024.08.30	01:08:37.381	0.62577	0.62581			6
2024.08.30	01:08:38.591	0.62578				2
2024.08.30	01:08:38.895		0.62582			4
2024.08.30	01:08:46.835	0.62579	0.62583			6
2024.08.30	01:08:51.784	0.62578	0.62582			6
2024.08.30	01:09:05.021	0.62578				2
2024.08.30	01:09:21.781	0.62577	0.62581			6
2024.08.30	01:09:22.106	0.62578	0.62582			6
2024.08.30	01:09:24.379		0.62581			4
2024.08.30	01:09:24.944		0.62582			4
2024.08.30	01:09:27.386	0.62577	0.62581			6
2024.08.30	01:09:27.983	0.62578	0.62582			6
2024.08.30	01:09:29.378		0.62581			4
2024.08.30	01:09:30.871		0.62582			4
2024.08.30	01:09:33.384		0.62581			4
2024.08.30	01:09:33.957		0.62582			4
2024.08.30	01:09:36.394		0.62581			4
2024.08.30	01:09:37.500		0.62582			4
2024.08.30	01:09:43.977		0.62581			4
2024.08.30	01:09:44.334	0.62577				2
2024.08.30	01:09:44.637		0.62580			4
2024.08.30	01:09:44.941		0.62581			4
2024.08.30	01:09:46.556		0.62580			4
2024.08.30	01:09:48.031		0.62581			4
2024.08.30	01:09:49.397		0.62580			4
2024.08.30	01:09:50.510		0.62581			4
2024.08.30	01:09:51.546		0.62580			4
2024.08.30	01:09:52.490		0.62581			4
2024.08.30	01:09:55.745	0.62578				2
2024.08.30	01:09:56.582		0.62582			4
2024.08.30	01:09:58.909	0.62579	0.62583			6
2024.08.30	01:10:00.118	0.62578				2
2024.08.30	01:10:00.461	0.62579				2
2024.08.30	01:10:05.545	0.62578	0.62582			6
2024.08.30	01:10:06.150	0.62579	0.62583			6
2024.08.30	01:10:07.669	0.62578				2
2024.08.30	01:10:08.948	0.62579				2
2024.08.30	01:10:09.844	0.62578				2
2024.08.30	01:10:10.606		0.62580			4
2024.08.30	01:10:11.461	0.62579	0.62583			6
2024.08.30	01:10:12.015	0.62578				2
2024.08.30	01:10:15.996	0.62579				2
2024.08.30	01:10:16.761	0.62578				2
2024.08.30	01:10:18.739	0.62579				2
2024.08.30	01:10:19.698	0.62578				2
2024.08.30	01:10:24.918	0.62579				2
2024.08.30	01:10:25.879	0.62578				2
2024.08.30	01:10:27.156	0.62579				2
2024.08.30	01:10:27.753	0.62581				2
2024.08.30	01:10:28.134	0.62580	0.62581			6
2024.08.30	01:10:28.807	0.62579				2
2024.08.30	01:10:34.127	0.62578				2
2024.08.30	01:10:36.081	0.62577				2
2024.08.30	01:10:38.345	0.62578				2
2024.08.30	01:10:38.647	0.62577				2
2024.08.30	01:10:39.188	0.62578				2
2024.08.30	01:10:39.731	0.62577				2
2024.08.30	01:10:40.200	0.62578				2
2024.08.30	01:10:44.875	0.62577				2
2024.08.30	01:10:45.333	0.62578	0.62582			6
2024.08.30	01:11:01.383	0.62578				2
2024.08.30	01:11:11.377	0.62577	0.62581			6
2024.08.30	01:11:45.898	0.62578	0.62582			6
2024.08.30	01:11:57.377	0.62577	0.62581			6
2024.08.30	01:12:01.377	0.62576				2
2024.08.30	01:12:01.850	0.62578	0.62582			6
2024.08.30	01:12:02.744	0.62577				2
2024.08.30	01:12:03.532		0.62581			4
2024.08.30	01:12:04.213	0.62576				2
2024.08.30	01:12:06.811	0.62577				2
2024.08.30	01:12:07.822	0.62576				2
2024.08.30	01:12:10.379	0.62577				2
2024.08.30	01:12:14.082	0.62576	0.62580			6
2024.08.30	01:12:15.080	0.62577	0.62581			6
2024.08.30	01:12:17.416	0.62576	0.62580			6
2024.08.30	01:12:18.165		0.62581			4
2024.08.30	01:12:18.625	0.62577				2
2024.08.30	01:12:19.442	0.62576	0.62580			6
2024.08.30	01:12:20.901	0.62577	0.62581			6
2024.08.30	01:12:21.682		0.62580			4
2024.08.30	01:12:22.265		0.62581			4
2024.08.30	01:12:24.001	0.62576	0.62580			6
2024.08.30	01:12:27.843	0.62577	0.62581			6
2024.08.30	01:12:30.118	0.62576	0.62580			6
2024.08.30	01:12:30.473		0.62581			4
2024.08.30	01:12:48.176	0.62577				2
2024.08.30	01:12:48.728		0.62580			4
2024.08.30	01:12:49.133		0.62581			4
2024.08.30	01:12:50.912	0.62576	0.62580			6
2024.08.30	01:12:54.550	0.62575	0.62579			6
2024.08.30	01:13:06.602	0.62573	0.62577			6
2024.08.30	01:13:07.017	0.62578	0.62582			6
2024.08.30	01:13:10.576	0.62577				2
2024.08.30	01:13:21.656	0.62578				2
2024.08.30	01:13:22.837	0.62577				2
2024.08.30	01:14:02.044	0.62577				2
2024.08.30	01:14:03.260	0.62576	0.62581			6
2024.08.30	01:14:26.835	0.62573	0.62577			6
2024.08.30	01:14:32.101	0.62570	0.62573			6
2024.08.30	01:14:38.742	0.62568	0.62572			6
2024.08.30	01:14:39.230	0.62569				2
2024.08.30	01:14:42.503		0.62573			4
2024.08.30	01:14:46.844	0.62566	0.62568			6
2024.08.30	01:14:51.609	0.62569	0.62574			6
2024.08.30	01:14:53.350	0.62570	0.62575			6
2024.08.30	01:15:00.381	0.62570				2
2024.08.30	01:15:01.349	0.62569				2
2024.08.30	01:15:01.690		0.62572			4
2024.08.30	01:15:04.743	0.62570	0.62573			6
2024.08.30	01:15:07.473		0.62574			4
2024.08.30	01:15:16.674		0.62573			4
2024.08.30	01:15:20.890		0.62574			4
2024.08.30	01:15:23.313		0.62573			4
2024.08.30	01:15:25.180	0.62571	0.62575			6
2024.08.30	01:15:27.739	0.62570	0.62574			6
2024.08.30	01:15:41.010	0.62569	0.62572			6
2024.08.30	01:15:50.444	0.62571	0.62576			6
2024.08.30	01:15:56.722	0.62572	0.62578			6
2024.08.30	01:15:58.060		0.62577			4
2024.08.30	01:15:59.047	0.62574	0.62579			6
2024.08.30	01:15:59.428	0.62573	0.62578			6
2024.08.30	01:16:00.256	0.62573				2
2024.08.30	01:16:04.162		0.62579			4
2024.08.30	01:16:18.448		0.62578			4
2024.08.30	01:16:19.461		0.62579			4
2024.08.30	01:16:19.939		0.62578			4
2024.08.30	01:16:26.962	0.62574				2
2024.08.30	01:16:27.337	0.62573				2
2024.08.30	01:16:33.173		0.62579			4
2024.08.30	01:16:40.393	0.62574				2
2024.08.30	01:16:40.798	0.62573				2
2024.08.30	01:16:44.745		0.62578			4
2024.08.30	01:16:47.482		0.62579			4
2024.08.30	01:16:49.203	0.62574				2
2024.08.30	01:16:49.658	0.62573				2
2024.08.30	01:16:50.316		0.62578			4
2024.08.30	01:16:51.023	0.62579	0.62580			6
2024.08.30	01:16:51.329	0.62583	0.62587			6
2024.08.30	01:16:51.661	0.62585	0.62588			6
2024.08.30	01:16:53.719		0.62591			4
2024.08.30	01:16:54.259		0.62592			4
2024.08.30	01:16:54.563		0.62590			4
2024.08.30	01:17:00.089	0.62585				2
2024.08.30	01:17:11.470	0.62586				2
2024.08.30	01:17:13.331	0.62588	0.62591			6
2024.08.30	01:17:14.569		0.62592			4
2024.08.30	01:17:21.678		0.62591			4
2024.08.30	01:17:22.075		0.62592			4
2024.08.30	01:17:37.614		0.62591			4
2024.08.30	01:17:38.352		0.62592			4
2024.08.30	01:17:40.852		0.62591			4
2024.08.30	01:17:50.906		0.62592			4
2024.08.30	01:17:53.122	0.62587	0.62590			6
2024.08.30	01:17:53.444		0.62591			4
2024.08.30	01:17:56.449		0.62590			4
2024.08.30	01:18:00.127	0.62587				2
2024.08.30	01:18:00.781	0.62588	0.62591			6
2024.08.30	01:18:10.534	0.62587	0.62590			6
2024.08.30	01:18:11.601		0.62591			4
2024.08.30	01:18:13.792		0.62592			4
2024.08.30	01:18:14.550		0.62591			4
2024.08.30	01:18:16.475	0.62588				2
2024.08.30	01:18:20.392	0.62587				2
2024.08.30	01:18:32.834	0.62593	0.62597			6
2024.08.30	01:18:33.143	0.62592				2
2024.08.30	01:18:46.068	0.62593				2
2024.08.30	01:18:59.287	0.62598	0.62602			6
2024.08.30	01:19:00.315	0.62598				2
2024.08.30	01:19:01.363		0.62601			4
2024.08.30	01:19:33.350		0.62602			4
2024.08.30	01:20:01.307	0.62598				2
2024.08.30	01:20:09.974		0.62601			4
2024.08.30	01:20:11.409	0.62592	0.62596			6
2024.08.30	01:20:11.756		0.62597			4
2024.08.30	01:20:13.393		0.62596			4
2024.08.30	01:20:14.367	0.62593	0.62597			6
2024.08.30	01:20:14.693	0.62594	0.62598			6
2024.08.30	01:20:29.490	0.62597	0.62600			6
2024.08.30	01:20:32.712	0.62598	0.62601			6
2024.08.30	01:21:00.414	0.62601	0.62604			6
2024.08.30	01:21:02.043	0.62603	0.62606			6
2024.08.30	01:21:02.927	0.62602				2
2024.08.30	01:21:08.695		0.62605			4
2024.08.30	01:21:09.014	0.62601				2
2024.08.30	01:21:11.141		0.62604			4
2024.08.30	01:21:19.732	0.62602				2
2024.08.30	01:21:26.395		0.62607			4
2024.08.30	01:21:29.281	0.62601				2
2024.08.30	01:21:50.460	0.62600	0.62602			6
2024.08.30	01:21:50.764	0.62598				2
2024.08.30	01:21:51.069		0.62603			4
2024.08.30	01:22:00.401	0.62598				2
2024.08.30	01:22:00.796		0.62602			4
2024.08.30	01:22:07.411	0.62595	0.62598			6
2024.08.30	01:22:12.018	0.62592	0.62596			6
2024.08.30	01:22:21.053		0.62597			4
2024.08.30	01:22:25.959	0.62595	0.62602			6
2024.08.30	01:23:00.116	0.62595				2
2024.08.30	01:23:13.447	0.62594	0.62598			6
2024.08.30	01:23:13.970	0.62595	0.62601			6
2024.08.30	01:23:20.430	0.62594				2
2024.08.30	01:23:22.261	0.62592	0.62597			6
2024.08.30	01:23:25.867	0.62591				2
2024.08.30	01:23:29.944	0.62592				2
2024.08.30	01:23:35.604	0.62591				2
2024.08.30	01:23:39.084		0.62594			4
2024.08.30	01:23:40.051		0.62597			4
2024.08.30	01:23:44.716	0.62592				2
2024.08.30	01:23:45.098	0.62591				2
2024.08.30	01:23:46.726	0.62592				2
2024.08.30	01:23:55.441	0.62591				2
2024.08.30	01:23:56.626	0.62592				2
2024.08.30	01:24:00.871	0.62592				2
2024.08.30	01:24:11.751	0.62593	0.62598			6
2024.08.30	01:24:16.534		0.62597			4
2024.08.30	01:24:17.203	0.62592				2
2024.08.30	01:24:28.001	0.62593				2
2024.08.30	01:24:28.526	0.62592				2
2024.08.30	01:24:49.735	0.62593	0.62598			6
2024.08.30	01:24:50.053		0.62597			4
2024.08.30	01:24:56.039	0.62592				2
2024.08.30	01:25:00.701	0.62592				2
2024.08.30	01:25:10.770	0.62593				2
2024.08.30	01:25:12.182	0.62592				2
2024.08.30	01:25:50.378		0.62597			4
2024.08.30	01:25:58.792	0.62591				2
2024.08.30	01:26:00.262	0.62591				2
2024.08.30	01:26:03.784	0.62592				2
2024.08.30	01:26:12.377	0.62591				2
2024.08.30	01:26:28.616		0.62595			4
2024.08.30	01:26:54.198	0.62592	0.62596			6
2024.08.30	01:26:54.662	0.62591	0.62595			6
2024.08.30	01:27:00.266	0.62591				2
2024.08.30	01:27:29.836		0.62596			4
2024.08.30	01:27:34.056		0.62595			4
2024.08.30	01:28:01.116	0.62591				2
2024.08.30	01:28:12.114	0.62590	0.62593			6
2024.08.30	01:28:12.422	0.62588	0.62592			6
2024.08.30	01:28:18.671	0.62593	0.62597			6
2024.08.30	01:28:20.130	0.62592				2
2024.08.30	01:28:31.615		0.62598			4
2024.08.30	01:28:31.941		0.62597			4
2024.08.30	01:28:33.308		0.62598			4
2024.08.30	01:28:34.684	0.62596	0.62602			6
2024.08.30	01:28:40.165	0.62594	0.62601			6
2024.08.30	01:28:40.925	0.62593	0.62598			6
2024.08.30	01:28:44.857	0.62595	0.62601			6
2024.08.30	01:28:46.446		0.62602			4
2024.08.30	01:28:48.855		0.62601			4
2024.08.30	01:28:57.209	0.62593	0.62598			6
2024.08.30	01:29:00.328	0.62594	0.62599			6
2024.08.30	01:29:01.379		0.62600			4
2024.08.30	01:29:04.612	0.62597	0.62602			6
2024.08.30	01:29:13.847		0.62601			4
2024.08.30	01:29:20.114	0.62596				2
2024.08.30	01:29:23.936	0.62597				2
2024.08.30	01:30:00.389	0.62599	0.62602			6
2024.08.30	01:30:01.612	0.62597				2
2024.08.30	01:30:03.351	0.62599				2
2024.08.30	01:30:04.021	0.62598				2
2024.08.30	01:30:06.172	0.62599				2
2024.08.30	01:30:06.485	0.62598				2
2024.08.30	01:30:30.126		0.62601			4
2024.08.30	01:31:00.300	0.62598				2
2024.08.30	01:31:30.579		0.62601			4
2024.08.30	01:32:00.759	0.62598				2
2024.08.30	01:32:31.013		0.62601			4
2024.08.30	01:33:00.291	0.62598				2
2024.08.30	01:33:02.149		0.62602			4
2024.08.30	01:33:16.027		0.62601			4
2024.08.30	01:34:00.202	0.62598				2
2024.08.30	01:34:16.134		0.62601			4
2024.08.30	01:34:32.194		0.62602			4
2024.08.30	01:34:33.492	0.62603	0.62607			6
2024.08.30	01:34:33.842		0.62606			4
2024.08.30	01:34:34.699	0.62602				2
2024.08.30	01:35:00.463	0.62602				2
2024.08.30	01:35:34.155		0.62606			4
2024.08.30	01:35:38.999	0.62591	0.62596			6
2024.08.30	01:35:39.311		0.62595			4
2024.08.30	01:35:45.766	0.62592	0.62596			6
2024.08.30	01:35:50.044	0.62593	0.62597			6
2024.08.30	01:35:58.667	0.62592	0.62596			6
2024.08.30	01:36:00.413	0.62592				2
2024.08.30	01:36:01.108	0.62593	0.62597			6
2024.08.30	01:36:09.297	0.62592	0.62596			6
2024.08.30	01:37:00.423	0.62594	0.62597			6
2024.08.30	01:37:03.661	0.62593				2
2024.08.30	01:37:17.160	0.62592	0.62596			6
2024.08.30	01:37:21.896	0.62593	0.62597			6
2024.08.30	01:37:23.002	0.62594	0.62599			6
2024.08.30	01:37:35.607		0.62598			4
2024.08.30	01:37:35.917	0.62592	0.62596			6
2024.08.30	01:38:00.874	0.62592				2
2024.08.30	01:38:04.854	0.62593	0.62597			6
2024.08.30	01:38:05.701	0.62594				2
2024.08.30	01:38:06.331	0.62593				2
2024.08.30	01:38:06.719	0.62594	0.62598			6
2024.08.30	01:38:22.695	0.62593	0.62597			6
2024.08.30	01:38:42.219		0.62596			4
2024.08.30	01:38:47.375		0.62597			4
2024.08.30	01:38:48.302	0.62592				2
2024.08.30	01:39:00.435	0.62592				2
2024.08.30	01:39:15.053	0.62593				2
2024.08.30	01:39:22.500	0.62592	0.62596			6
2024.08.30	01:39:30.521	0.62593	0.62597			6
2024.08.30	01:40:00.427	0.62593	0.62598			6
2024.08.30	01:40:01.339		0.62597			4
2024.08.30	01:40:02.951	0.62592				2
2024.08.30	01:40:22.875	0.62593	0.62598			6
2024.08.30	01:40:23.853	0.62592				2
2024.08.30	01:40:25.382	0.62594	0.62600			6
2024.08.30	01:40:48.369		0.62601			4
2024.08.30	01:40:49.395	0.62600	0.62606			6
2024.08.30	01:40:58.949		0.62605			4
2024.08.30	01:40:59.276	0.62602	0.62606			6
2024.08.30	01:41:00.357	0.62602	0.62607			6
2024.08.30	01:41:33.782		0.62606			4
2024.08.30	01:41:34.444	0.62603	0.62607			6
2024.08.30	01:41:34.764	0.62607	0.62612			6
2024.08.30	01:41:43.875	0.62608				2
2024.08.30	01:41:44.190	0.62607				2
2024.08.30	01:42:00.410	0.62607				2
2024.08.30	01:42:35.475		0.62612			4
2024.08.30	01:42:36.576	0.62608				2
2024.08.30	01:42:37.769	0.62607				2
2024.08.30	01:42:44.701		0.62611			4
2024.08.30	01:42:54.022		0.62610			4
2024.08.30	01:43:00.385	0.62609	0.62612			6
2024.08.30	01:43:11.200	0.62607	0.62611			6
2024.08.30	01:43:15.842	0.62603	0.62606			6
2024.08.30	01:43:16.267	0.62601				2
2024.08.30	01:43:30.393	0.62603	0.62607			6
2024.08.30	01:43:31.442	0.62602				2
2024.08.30	01:43:41.460	0.62603				2
2024.08.30	01:43:44.762	0.62601	0.62606			6
2024.08.30	01:44:00.468	0.62601				2
2024.08.30	01:44:20.060	0.62602				2
2024.08.30	01:44:20.863	0.62601				2
2024.08.30	01:44:26.682		0.62607			4
2024.08.30	01:44:49.844	0.62603				2
2024.08.30	01:44:50.147	0.62601				2
2024.08.30	01:44:59.861	0.62602				2
2024.08.30	01:45:00.162	0.62601				2
2024.08.30	01:45:21.736		0.62606			4
2024.08.30	01:45:22.155		0.62607			4
2024.08.30	01:45:23.162		0.62606			4
2024.08.30	01:45:24.191		0.62607			4
2024.08.30	01:45:31.209		0.62606			4
2024.08.30	01:45:32.177	0.62602				2
2024.08.30	01:45:32.547	0.62597	0.62602			6
2024.08.30	01:46:00.421	0.62597				2
2024.08.30	01:46:01.311	0.62599	0.62603			6
2024.08.30	01:46:01.652		0.62605			4
2024.08.30	01:46:02.736	0.62600				2
2024.08.30	01:46:03.039	0.62599				2
2024.08.30	01:46:06.077	0.62600				2
2024.08.30	01:46:06.400	0.62599				2
2024.08.30	01:46:16.206	0.62600				2
2024.08.30	01:46:16.553	0.62599				2
2024.08.30	01:46:18.502	0.62600				2
2024.08.30	01:46:18.828	0.62599				2
2024.08.30	01:46:21.846	0.62600				2
2024.08.30	01:46:22.221	0.62599				2
2024.08.30	01:46:26.131		0.62604			4
2024.08.30	01:46:57.421	0.62597	0.62601			6
2024.08.30	01:47:04.229	0.62597				2
2024.08.30	01:47:35.209	0.62596	0.62600			6
2024.08.30	01:47:40.412	0.62595				2
2024.08.30	01:48:00.617	0.62595				2
2024.08.30	01:48:16.175	0.62596				2
2024.08.30	01:48:16.508	0.62597	0.62601			6
2024.08.30	01:48:52.348	0.62596				2
2024.08.30	01:48:53.471	0.62597				2
2024.08.30	01:48:56.553	0.62598				2
2024.08.30	01:49:04.228	0.62598				2
2024.08.30	01:49:18.851		0.62601			4
2024.08.30	01:50:01.086	0.62598				2
2024.08.30	01:50:02.301	0.62597	0.62600			6
2024.08.30	01:50:17.414	0.62598				2
2024.08.30	01:50:32.883	0.62597				2
2024.08.30	01:50:38.552	0.62598				2
2024.08.30	01:50:38.901	0.62597				2
2024.08.30	01:50:39.901	0.62598				2
2024.08.30	01:50:40.271	0.62597				2
2024.08.30	01:50:40.581	0.62598				2
2024.08.30	01:50:41.679	0.62597				2
2024.08.30	01:51:00.234	0.62597				2
2024.08.30	01:51:03.081		0.62600			4
2024.08.30	01:52:01.442	0.62597				2
2024.08.30	01:52:04.563		0.62600			4
2024.08.30	01:53:04.442	0.62597				2
2024.08.30	01:53:05.731		0.62601			4
2024.08.30	01:53:37.277		0.62602			4
2024.08.30	01:54:00.426	0.62597				2
2024.08.30	01:54:13.686		0.62601			4
2024.08.30	01:54:14.019		0.62602			4
2024.08.30	01:54:15.284	0.62600	0.62605			6
2024.08.30	01:54:31.916		0.62606			4
2024.08.30	01:54:40.281	0.62599				2
2024.08.30	01:54:41.355	0.62600				2
2024.08.30	01:54:41.661	0.62599				2
2024.08.30	01:54:43.547	0.62600				2
2024.08.30	01:54:43.857	0.62599				2
2024.08.30	01:54:45.844	0.62600				2
2024.08.30	01:54:49.290	0.62599				2
2024.08.30	01:54:50.333	0.62600				2
2024.08.30	01:54:50.641	0.62599				2
2024.08.30	01:54:55.972	0.62600				2
2024.08.30	01:54:56.292	0.62599				2
2024.08.30	01:54:58.269	0.62600				2
2024.08.30	01:54:58.572	0.62599				2
2024.08.30	01:54:59.313	0.62600				2
2024.08.30	01:54:59.669	0.62599				2
2024.08.30	01:55:00.043	0.62599				2
2024.08.30	01:55:07.812		0.62605			4
2024.08.30	01:55:12.652		0.62606			4
2024.08.30	01:55:14.339	0.62598	0.62604			6
2024.08.30	01:55:14.650	0.62599	0.62605			6
2024.08.30	01:55:29.069	0.62600				2
2024.08.30	01:55:29.448	0.62599				2
2024.08.30	01:55:41.726	0.62600				2
2024.08.30	01:55:47.355	0.62599				2
2024.08.30	01:55:50.995	0.62600				2
2024.08.30	01:55:51.323	0.62599				2
2024.08.30	01:56:01.010	0.62599				2
2024.08.30	01:56:16.421		0.62605			4
2024.08.30	01:56:34.219	0.62600	0.62606			6
2024.08.30	01:56:34.524		0.62605			4
2024.08.30	01:56:34.855		0.62606			4
2024.08.30	01:56:35.525		0.62605			4
2024.08.30	01:56:35.923		0.62606			4
2024.08.30	01:56:37.671		0.62605			4
2024.08.30	01:56:38.388		0.62606			4
2024.08.30	01:56:57.867		0.62605			4
2024.08.30	01:57:00.015	0.62600				2
2024.08.30	01:57:02.445		0.62606			4
2024.08.30	01:57:05.831		0.62605			4
2024.08.30	01:57:07.498		0.62606			4
2024.08.30	01:57:08.085		0.62605			4
2024.08.30	01:57:08.479		0.62606			4
2024.08.30	01:57:09.100		0.62605			4
2024.08.30	01:57:21.525		0.62606			4
2024.08.30	01:57:22.567		0.62605			4
2024.08.30	01:57:30.399	0.62603	0.62608			6
2024.08.30	01:57:30.702	0.62606	0.62611			6
2024.08.30	01:57:39.296	0.62608	0.62614			6
2024.08.30	01:57:43.554		0.62612			4
2024.08.30	01:57:43.918		0.62614			4
2024.08.30	01:57:55.041		0.62612			4
2024.08.30	01:57:55.354		0.62614			4
2024.08.30	01:58:00.391	0.62608				2
2024.08.30	01:58:00.714	0.62607	0.62613			6
2024.08.30	01:58:11.956	0.62606	0.62612			6
2024.08.30	01:58:16.760	0.62607				2
2024.08.30	01:58:24.902	0.62606				2
2024.08.30	01:58:30.388		0.62611			4
2024.08.30	01:58:49.353	0.62608	0.62613			6
2024.08.30	01:59:01.029	0.62608				2
2024.08.30	01:59:12.166		0.62612			4
2024.08.30	01:59:12.482		0.62613			4
2024.08.30	01:59:24.523		0.62612			4
2024.08.30	01:59:24.856		0.62613			4
2024.08.30	01:59:26.196		0.62612			4
2024.08.30	01:59:26.506		0.62613			4
2024.08.30	01:59:27.121		0.62612			4
2024.08.30	01:59:27.820		0.62613			4
2024.08.30	01:59:41.478		0.62612			4
2024.08.30	01:59:57.100	0.62607				2
2024.08.30	02:00:00.126	0.62607				2
2024.08.30	02:00:05.348		0.62613			4
2024.08.30	02:00:29.882		0.62609			4
2024.08.30	02:00:30.507		0.62613			4
2024.08.30	02:00:56.405	0.62608				2
2024.08.30	02:00:56.710	0.62607				2
2024.08.30	02:01:00.581	0.62607				2
2024.08.30	02:01:04.761		0.62612			4
2024.08.30	02:01:05.377		0.62613			4
2024.08.30	02:01:16.765		0.62612			4
2024.08.30	02:01:19.444	0.62603	0.62608			6
2024.08.30	02:01:21.481	0.62604				2
2024.08.30	02:01:25.230	0.62603				2
2024.08.30	02:01:25.659	0.62607	0.62612			6
2024.08.30	02:01:26.286		0.62613			4
2024.08.30	02:01:27.414	0.62606				2
2024.08.30	02:01:28.707	0.62605	0.62609			6
2024.08.30	02:01:29.013		0.62610			4
2024.08.30	02:01:40.708	0.62606	0.62612			6
2024.08.30	02:01:41.134		0.62611			4
2024.08.30	02:01:46.147	0.62603	0.62608			6
2024.08.30	02:01:53.519	0.62600	0.62606			6
2024.08.30	02:02:00.154	0.62600				2
2024.08.30	02:02:01.150	0.62598	0.62602			6
2024.08.30	02:02:03.305	0.62597				2
2024.08.30	02:02:15.622	0.62602	0.62606			6
2024.08.30	02:02:15.925	0.62603	0.62608			6
2024.08.30	02:02:16.253		0.62609			4
2024.08.30	02:02:22.858		0.62608			4
2024.08.30	02:02:23.902		0.62607			4
2024.08.30	02:02:24.224		0.62608			4
2024.08.30	02:02:25.302		0.62607			4
2024.08.30	02:02:25.680		0.62608			4
2024.08.30	02:02:26.922		0.62607			4
2024.08.30	02:02:27.243		0.62608			4
2024.08.30	02:02:28.800		0.62607			4
2024.08.30	02:02:29.124		0.62608			4
2024.08.30	02:02:31.943		0.62609			4
2024.08.30	02:02:33.295		0.62608			4
2024.08.30	02:02:34.276		0.62609			4
2024.08.30	02:02:35.910		0.62608			4
2024.08.30	02:02:51.721		0.62607			4
2024.08.30	02:02:52.022		0.62606			4
2024.08.30	02:02:52.359		0.62608			4
2024.08.30	02:02:53.325		0.62607			4
2024.08.30	02:02:55.438	0.62604	0.62608			6
2024.08.30	02:02:56.103	0.62603				2
2024.08.30	02:03:00.029	0.62603				2
2024.08.30	02:03:05.796		0.62607			4
2024.08.30	02:03:08.800		0.62609			4
2024.08.30	02:03:21.009	0.62605	0.62611			6
2024.08.30	02:03:22.940	0.62607				2
2024.08.30	02:03:23.246	0.62612	0.62614			6
2024.08.30	02:03:23.547		0.62618			4
2024.08.30	02:03:32.620	0.62611	0.62616			6
2024.08.30	02:03:33.942	0.62612				2
2024.08.30	02:03:35.768		0.62617			4
2024.08.30	02:03:45.945	0.62611	0.62616			6
2024.08.30	02:04:00.923	0.62611				2
2024.08.30	02:04:12.712	0.62612	0.62617			6
2024.08.30	02:04:23.325	0.62611				2
2024.08.30	02:04:25.072	0.62612				2
2024.08.30	02:04:26.966	0.62614	0.62618			6
2024.08.30	02:04:27.335		0.62619			4
2024.08.30	02:04:31.412	0.62618	0.62623			6
2024.08.30	02:04:55.257		0.62619			4
2024.08.30	02:04:56.458		0.62623			4
2024.08.30	02:04:57.966	0.62617				2
2024.08.30	02:05:00.102	0.62617				2
2024.08.30	02:05:01.145		0.62622			4
2024.08.30	02:05:03.182		0.62623			4
2024.08.30	02:05:03.599		0.62622			4
2024.08.30	02:05:13.089		0.62623			4
2024.08.30	02:05:17.060		0.62622			4
2024.08.30	02:05:39.663		0.62623			4
2024.08.30	02:05:41.638	0.62619				2
2024.08.30	02:05:43.442	0.62620				2
2024.08.30	02:05:48.819	0.62619				2
2024.08.30	02:05:49.283	0.62620				2
2024.08.30	02:05:50.698	0.62619				2
2024.08.30	02:05:51.015	0.62620				2
2024.08.30	02:05:52.493	0.62619				2
2024.08.30	02:05:52.934	0.62620				2
2024.08.30	02:05:54.252	0.62619				2
2024.08.30	02:05:54.612	0.62623	0.62627			6
2024.08.30	02:05:54.923	0.62621				2
2024.08.30	02:05:55.669		0.62625			4
2024.08.30	02:05:59.545	0.62626	0.62630			6
2024.08.30	02:05:59.935		0.62629			4
2024.08.30	02:06:00.486	0.62626				2
2024.08.30	02:06:01.262	0.62625	0.62627			6
2024.08.30	02:06:02.081	0.62627	0.62630			6
2024.08.30	02:06:03.775		0.62629			4
2024.08.30	02:06:06.059		0.62632			4
2024.08.30	02:06:06.752		0.62630			4
2024.08.30	02:06:36.392	0.62625	0.62629			6
2024.08.30	02:06:36.736	0.62624	0.62628			6
2024.08.30	02:06:37.041	0.62622	0.62627			6
2024.08.30	02:07:00.126	0.62622				2
2024.08.30	02:07:06.963		0.62626			4
2024.08.30	02:07:10.377		0.62627			4
2024.08.30	02:07:26.496		0.62626			4
2024.08.30	02:07:29.107	0.62621				2
2024.08.30	02:07:32.649	0.62620	0.62625			6
2024.08.30	02:07:32.962	0.62621	0.62626			6
2024.08.30	02:07:34.640	0.62622				2
2024.08.30	02:07:34.943	0.62621				2
2024.08.30	02:08:00.635	0.62621				2
2024.08.30	02:08:11.747	0.62623	0.62627			6
2024.08.30	02:08:12.831		0.62626			4
2024.08.30	02:08:17.016		0.62627			4
2024.08.30	02:08:23.592	0.62627	0.62632			6
2024.08.30	02:08:26.998		0.62631			4
2024.08.30	02:08:28.893		0.62632			4
2024.08.30	02:08:34.043		0.62631			4
2024.08.30	02:08:50.679	0.62625	0.62628			6
2024.08.30	02:08:51.908	0.62626	0.62630			6
2024.08.30	02:08:52.477		0.62631			4
2024.08.30	02:08:56.155	0.62627	0.62632			6
2024.08.30	02:08:58.502	0.62628				2
2024.08.30	02:09:01.373	0.62629	0.62634			6
2024.08.30	02:09:03.828	0.62630				2
2024.08.30	02:09:04.929	0.62631				2
2024.08.30	02:09:05.240	0.62629				2
2024.08.30	02:09:05.567	0.62630				2
2024.08.30	02:09:05.918	0.62629				2
2024.08.30	02:09:25.420	0.62628	0.62633			6
2024.08.30	02:09:25.723		0.62632			4
2024.08.30	02:09:26.653		0.62633			4
2024.08.30	02:09:27.813		0.62632			4
2024.08.30	02:09:28.354		0.62633			4
2024.08.30	02:09:39.084		0.62632			4
2024.08.30	02:10:00.458	0.62628				2
2024.08.30	02:10:10.861		0.62630			4
2024.08.30	02:10:11.639		0.62632			4
2024.08.30	02:10:11.983	0.62626	0.62630			6
2024.08.30	02:10:12.303		0.62631			4
2024.08.30	02:10:18.874		0.62630			4
2024.08.30	02:10:22.392		0.62631			4
2024.08.30	02:10:32.883		0.62630			4
2024.08.30	02:11:00.776	0.62626				2
2024.08.30	02:11:35.382		0.62631			4
2024.08.30	02:11:46.604	0.62627				2
2024.08.30	02:11:53.897		0.62632			4
2024.08.30	02:11:54.203	0.62628				2
2024.08.30	02:11:59.236	0.62627	0.62631			6
2024.08.30	02:12:00.363	0.62627				2
2024.08.30	02:12:01.123		0.62632			4
2024.08.30	02:12:01.475		0.62631			4
2024.08.30	02:12:04.057	0.62629				2
2024.08.30	02:12:04.362		0.62634			4
2024.08.30	02:12:04.728	0.62633	0.62638			6
2024.08.30	02:12:05.378	0.62632	0.62637			6
2024.08.30	02:12:10.974		0.62636			4
2024.08.30	02:12:21.181		0.62637			4
2024.08.30	02:12:30.326		0.62636			4
2024.08.30	02:12:34.345	0.62627	0.62631			6
2024.08.30	02:12:51.596		0.62630			4
2024.08.30	02:12:51.907	0.62624	0.62627			6
2024.08.30	02:12:56.821		0.62628			4
2024.08.30	02:13:00.299	0.62624				2
2024.08.30	02:13:04.312	0.62622	0.62626			6
2024.08.30	02:13:04.625	0.62624	0.62629			6
2024.08.30	02:13:11.387		0.62628			4
2024.08.30	02:13:21.961	0.62625				2
2024.08.30	02:13:22.598	0.62624				2
2024.08.30	02:13:36.179	0.62625				2
2024.08.30	02:14:01.413	0.62625				2
2024.08.30	02:14:02.100	0.62624				2
2024.08.30	02:14:11.822	0.62625	0.62628			6
2024.08.30	02:14:47.740	0.62628	0.62631			6
2024.08.30	02:14:48.051	0.62629				2
2024.08.30	02:14:51.049	0.62627	0.62629			6
2024.08.30	02:15:00.059	0.62627				2
2024.08.30	02:15:00.395		0.62630			4
2024.08.30	02:15:12.796	0.62628	0.62632			6
2024.08.30	02:15:43.784	0.62627				2
2024.08.30	02:16:00.204	0.62627				2
2024.08.30	02:16:13.149		0.62632			4
2024.08.30	02:16:16.280	0.62628				2
2024.08.30	02:16:16.622	0.62627				2
2024.08.30	02:16:35.186	0.62628				2
2024.08.30	02:16:35.557	0.62627				2
2024.08.30	02:16:37.369	0.62628				2
2024.08.30	02:16:37.820	0.62627				2
2024.08.30	02:16:38.178	0.62628				2
2024.08.30	02:16:40.311	0.62627				2
2024.08.30	02:16:47.840	0.62628				2
2024.08.30	02:17:00.416	0.62628				2
2024.08.30	02:17:13.159		0.62632			4
2024.08.30	02:17:14.865	0.62629				2
2024.08.30	02:17:15.240	0.62628				2
2024.08.30	02:17:28.589	0.62629				2
2024.08.30	02:17:33.194	0.62627				2
2024.08.30	02:17:34.603	0.62628				2
2024.08.30	02:18:00.168	0.62628				2
2024.08.30	02:18:13.225		0.62632			4
2024.08.30	02:18:26.245	0.62634	0.62636			6
2024.08.30	02:18:40.589	0.62633				2
2024.08.30	02:19:00.101	0.62633				2
2024.08.30	02:19:21.088		0.62637			4
2024.08.30	02:19:35.591	0.62632				2
2024.08.30	02:20:00.297	0.62633				2
2024.08.30	02:20:01.092	0.62632	0.62636			6
2024.08.30	02:20:55.900		0.62635			4
2024.08.30	02:21:00.410	0.62632				2
2024.08.30	02:21:41.148	0.62633	0.62636			6
2024.08.30	02:21:58.537	0.62632				2
2024.08.30	02:22:00.412	0.62633				2
2024.08.30	02:22:04.612	0.62632				2
2024.08.30	02:22:11.429		0.62635			4
2024.08.30	02:22:15.701	0.62633				2
2024.08.30	02:22:35.578	0.62637	0.62639			6
2024.08.30	02:22:35.885	0.62638	0.62642			6
2024.08.30	02:22:42.730		0.62641			4
2024.08.30	02:23:00.044	0.62638				2
2024.08.30	02:23:18.698	0.62641	0.62644			6
2024.08.30	02:23:25.263	0.62639	0.62641			6
2024.08.30	02:23:39.572		0.62640			4
2024.08.30	02:23:40.249	0.62642	0.62644			6
2024.08.30	02:23:40.603		0.62645			4
2024.08.30	02:23:43.921		0.62646			4
2024.08.30	02:24:00.174	0.62639	0.62643			6
2024.08.30	02:24:00.498	0.62638	0.62642			6
2024.08.30	02:24:06.623	0.62641	0.62644			6
2024.08.30	02:24:08.641		0.62645			4
2024.08.30	02:24:10.359		0.62644			4
2024.08.30	02:24:15.309	0.62642				2
2024.08.30	02:24:17.936		0.62646			4
2024.08.30	02:25:00.121	0.62642				2
2024.08.30	02:25:05.324	0.62641	0.62644			6
2024.08.30	02:25:05.635	0.62642	0.62645			6
2024.08.30	02:25:08.173		0.62646			4
2024.08.30	02:25:10.152	0.62643				2
2024.08.30	02:25:14.322		0.62645			4
2024.08.30	02:25:15.571		0.62646			4
2024.08.30	02:25:25.280		0.62645			4
2024.08.30	02:25:37.511	0.62642				2
2024.08.30	02:25:38.440	0.62643				2
2024.08.30	02:25:47.101	0.62642				2
2024.08.30	02:25:59.531	0.62641				2
2024.08.30	02:26:00.545	0.62641				2
2024.08.30	02:26:11.222	0.62640				2
2024.08.30	02:26:20.292		0.62644			4
2024.08.30	02:26:48.507	0.62638	0.62641			6
2024.08.30	02:26:49.368	0.62642	0.62647			6
2024.08.30	02:26:52.534	0.62644				2
2024.08.30	02:27:00.317	0.62644				2
2024.08.30	02:27:02.443		0.62649			4
2024.08.30	02:27:02.785		0.62647			4
2024.08.30	02:27:07.048	0.62646	0.62648			6
2024.08.30	02:27:13.833	0.62647	0.62650			6
2024.08.30	02:27:40.391	0.62646				2
2024.08.30	02:27:45.015		0.62652			4
2024.08.30	02:27:45.525	0.62647				2
2024.08.30	02:27:46.341		0.62651			4
2024.08.30	02:27:52.609		0.62652			4
2024.08.30	02:28:00.597	0.62647	0.62651			6
2024.08.30	02:29:00.456	0.62647				2
2024.08.30	02:29:02.307		0.62651			4
2024.08.30	02:29:24.922	0.62642	0.62647			6
2024.08.30	02:29:29.550	0.62638	0.62643			6
2024.08.30	02:29:29.858	0.62637	0.62642			6
2024.08.30	02:29:35.605	0.62636	0.62641			6
2024.08.30	02:29:35.976		0.62640			4
2024.08.30	02:29:41.860		0.62638			4
2024.08.30	02:29:42.163		0.62640			4
2024.08.30	02:29:49.499		0.62639			4
2024.08.30	02:29:49.803	0.62633	0.62638			6
2024.08.30	02:29:52.789	0.62632	0.62637			6
2024.08.30	02:30:00.278	0.62632				2
2024.08.30	02:30:09.805	0.62630	0.62635			6
2024.08.30	02:30:12.984		0.62634			4
2024.08.30	02:30:14.961	0.62629				2
2024.08.30	02:30:15.269	0.62628	0.62633			6
2024.08.30	02:30:15.761	0.62627	0.62631			6
2024.08.30	02:30:19.971		0.62630			4
2024.08.30	02:30:22.608		0.62631			4
2024.08.30	02:30:24.553		0.62632			4
2024.08.30	02:30:30.364	0.62632	0.62637			6
2024.08.30	02:30:31.398	0.62631	0.62636			6
2024.08.30	02:30:33.344	0.62630	0.62635			6
2024.08.30	02:30:39.053	0.62629	0.62634			6
2024.08.30	02:30:40.371	0.62630	0.62635			6
2024.08.30	02:30:43.204	0.62629				2
2024.08.30	02:30:57.082	0.62631	0.62636			6
2024.08.30	02:30:57.724	0.62632	0.62637			6
2024.08.30	02:31:00.760	0.62632				2
2024.08.30	02:31:11.201	0.62633	0.62638			6
2024.08.30	02:31:11.522	0.62635	0.62640			6
2024.08.30	02:31:26.415	0.62633	0.62638			6
2024.08.30	02:31:34.340	0.62634				2
2024.08.30	02:31:37.603	0.62631	0.62636			6
2024.08.30	02:31:58.360	0.62632				2
2024.08.30	02:32:00.066	0.62632				2
2024.08.30	02:32:01.355		0.62637			4
2024.08.30	02:32:48.851		0.62636			4
2024.08.30	02:33:00.370	0.62632				2
2024.08.30	02:33:43.852		0.62635			4
2024.08.30	02:34:00.370	0.62632				2
2024.08.30	02:34:19.308	0.62626	0.62629			6
2024.08.30	02:34:30.322	0.62625				2
2024.08.30	02:34:44.585	0.62626				2
2024.08.30	02:34:50.114	0.62625				2
2024.08.30	02:34:51.086	0.62621	0.62626			6
2024.08.30	02:34:55.166	0.62623				2
2024.08.30	02:34:55.621	0.62621				2
2024.08.30	02:35:00.332	0.62621	0.62625			6
2024.08.30	02:35:06.845		0.62626			4
2024.08.30	02:35:09.260	0.62622	0.62627			6
2024.08.30	02:35:10.486	0.62623	0.62628			6
2024.08.30	02:35:15.843		0.62626			4
2024.08.30	02:35:16.315		0.62628			4
2024.08.30	02:35:24.823		0.62627			4
2024.08.30	02:35:34.632	0.62621	0.62626			6
2024.08.30	02:35:36.154		0.62625			4
2024.08.30	02:35:54.713	0.62622	0.62626			6
2024.08.30	02:36:01.401	0.62622				2
2024.08.30	02:36:50.759		0.62628			4
2024.08.30	02:36:51.430		0.62627			4
2024.08.30	02:37:00.449	0.62622				2
2024.08.30	02:37:26.965	0.62620	0.62625			6
2024.08.30	02:37:27.916	0.62621	0.62626			6
2024.08.30	02:37:41.713		0.62625			4
2024.08.30	02:37:48.698	0.62622	0.62626			6
2024.08.30	02:37:51.726		0.62625			4
2024.08.30	02:37:52.746		0.62626			4
2024.08.30	02:37:53.585		0.62625			4
2024.08.30	02:37:54.604		0.62626			4
2024.08.30	02:37:56.739		0.62625			4
2024.08.30	02:37:57.359		0.62626			4
2024.08.30	02:37:59.141		0.62625			4
2024.08.30	02:38:00.184	0.62622	0.62626			6
2024.08.30	02:38:06.135		0.62625			4
2024.08.30	02:38:12.130		0.62626			4
2024.08.30	02:38:12.505		0.62625			4
2024.08.30	02:38:15.220		0.62626			4
2024.08.30	02:38:16.044		0.62624			4
2024.08.30	02:38:16.376		0.62625			4
2024.08.30	02:38:22.215		0.62626			4
2024.08.30	02:38:23.612		0.62625			4
2024.08.30	02:38:24.624		0.62626			4
2024.08.30	02:38:25.351		0.62625			4
2024.08.30	02:38:28.688		0.62626			4
2024.08.30	02:38:29.731		0.62625			4
2024.08.30	02:38:31.126		0.62626			4
2024.08.30	02:38:32.239		0.62625			4
2024.08.30	02:38:32.661		0.62626			4
2024.08.30	02:38:33.305		0.62625			4
2024.08.30	02:38:33.769	0.62623				2
2024.08.30	02:38:34.981	0.62622				2
2024.08.30	02:38:52.742		0.62624			4
2024.08.30	02:39:00.430	0.62622				2
2024.08.30	02:39:34.654		0.62623			4
2024.08.30	02:39:37.205	0.62626	0.62631			6
2024.08.30	02:39:43.451	0.62622	0.62623			6
2024.08.30	02:39:43.764	0.62618	0.62622			6
2024.08.30	02:40:00.471	0.62618				2
2024.08.30	02:40:01.401	0.62620	0.62624			6
2024.08.30	02:40:06.314		0.62625			4
2024.08.30	02:40:11.671	0.62618	0.62623			6
2024.08.30	02:40:14.689	0.62615	0.62620			6
2024.08.30	02:40:18.335	0.62612	0.62617			6
2024.08.30	02:40:19.303	0.62609	0.62612			6
2024.08.30	02:40:19.622	0.62608				2
2024.08.30	02:40:20.072	0.62607				2
2024.08.30	02:40:21.882	0.62608				2
2024.08.30	02:40:24.089		0.62613			4
2024.08.30	02:40:24.536		0.62612			4
2024.08.30	02:40:26.924		0.62613			4
2024.08.30	02:40:30.036	0.62607				2
2024.08.30	02:40:31.375	0.62610	0.62614			6
2024.08.30	02:40:39.258		0.62616			4
2024.08.30	02:40:39.848	0.62609	0.62614			6
2024.08.30	02:40:44.620		0.62613			4
2024.08.30	02:40:49.888	0.62608				2
2024.08.30	02:40:55.855	0.62612	0.62616			6
2024.08.30	02:40:57.714	0.62613				2
2024.08.30	02:40:58.040	0.62612				2
2024.08.30	02:41:00.969	0.62612				2
2024.08.30	02:41:01.843	0.62614				2
2024.08.30	02:41:02.146	0.62612				2
2024.08.30	02:41:12.543	0.62611				2
2024.08.30	02:41:35.027	0.62617	0.62620			6
2024.08.30	02:41:51.815	0.62616				2
2024.08.30	02:42:00.822	0.62616				2
2024.08.30	02:42:01.406	0.62617				2
2024.08.30	02:42:06.585	0.62616				2
2024.08.30	02:42:12.516	0.62617	0.62621			6
2024.08.30	02:42:12.819	0.62618				2
2024.08.30	02:42:15.697	0.62617				2
2024.08.30	02:42:16.831	0.62616	0.62619			6
2024.08.30	02:42:17.137	0.62615				2
2024.08.30	02:42:33.513	0.62618	0.62622			6
2024.08.30	02:42:33.884	0.62619				2
2024.08.30	02:42:40.693	0.62617	0.62621			6
2024.08.30	02:42:42.569	0.62618				2
2024.08.30	02:42:46.351		0.62622			4
2024.08.30	02:42:47.682	0.62617	0.62620			6
2024.08.30	02:42:47.999	0.62618				2
2024.08.30	02:42:48.322	0.62617				2
2024.08.30	02:42:48.747	0.62618	0.62621			6
2024.08.30	02:42:52.658	0.62616	0.62620			6
2024.08.30	02:42:55.023	0.62617				2
2024.08.30	02:42:58.083	0.62618	0.62622			6
2024.08.30	02:43:00.309	0.62619				2
2024.08.30	02:43:05.144	0.62618	0.62621			6
2024.08.30	02:43:09.527	0.62617				2
2024.08.30	02:43:09.833	0.62618				2
2024.08.30	02:43:29.372	0.62617				2
2024.08.30	02:43:30.295	0.62618				2
2024.08.30	02:43:45.271	0.62617				2
2024.08.30	02:43:55.730	0.62616				2
2024.08.30	02:43:59.112	0.62618				2
2024.08.30	02:43:59.849	0.62617				2
2024.08.30	02:44:00.201	0.62617				2
2024.08.30	02:44:05.429		0.62621			4
2024.08.30	02:44:07.093	0.62616	0.62620			6
2024.08.30	02:44:15.024	0.62618				2
2024.08.30	02:44:15.496	0.62617				2
2024.08.30	02:44:19.863	0.62613	0.62617			6
2024.08.30	02:44:20.713	0.62614				2
2024.08.30	02:44:30.238	0.62618	0.62621			6
2024.08.30	02:44:46.649	0.62617				2
2024.08.30	02:44:48.543	0.62618				2
2024.08.30	02:45:00.098	0.62618				2
2024.08.30	02:45:06.353	0.62620	0.62623			6
2024.08.30	02:45:12.263	0.62618	0.62621			6
2024.08.30	02:45:16.527	0.62617				2
2024.08.30	02:45:20.722	0.62616	0.62620			6
2024.08.30	02:45:40.406	0.62618	0.62621			6
2024.08.30	02:45:46.785	0.62616				2
2024.08.30	02:45:49.939		0.62620			4
2024.08.30	02:45:59.568	0.62617				2
2024.08.30	02:46:00.572	0.62617				2
2024.08.30	02:46:01.397	0.62618	0.62621			6
2024.08.30	02:46:28.675	0.62616				2
2024.08.30	02:46:50.005	0.62617				2
2024.08.30	02:46:57.608	0.62616				2
2024.08.30	02:47:00.936	0.62616				2
2024.08.30	02:47:01.965	0.62617	0.62621			6
2024.08.30	02:47:04.015	0.62619				2
2024.08.30	02:47:08.246		0.62622			4
2024.08.30	02:47:09.297	0.62618				2
2024.08.30	02:47:13.426	0.62619	0.62621			6
2024.08.30	02:47:13.730		0.62622			4
2024.08.30	02:47:29.597		0.62621			4
2024.08.30	02:47:32.992	0.62620	0.62622			6
2024.08.30	02:47:44.792	0.62619				2
2024.08.30	02:48:00.035	0.62619				2
2024.08.30	02:48:33.344		0.62622			4
2024.08.30	02:48:42.563	0.62618				2
2024.08.30	02:48:43.318		0.62621			4
2024.08.30	02:48:46.130	0.62619				2
2024.08.30	02:48:48.075	0.62618				2
2024.08.30	02:48:48.876	0.62621	0.62625			6
2024.08.30	02:48:49.331		0.62624			4
2024.08.30	02:48:51.470		0.62625			4
2024.08.30	02:48:52.045		0.62624			4
2024.08.30	02:48:53.696		0.62625			4
2024.08.30	02:48:54.027		0.62624			4
2024.08.30	02:48:54.395		0.62625			4
2024.08.30	02:49:00.272	0.62621				2
2024.08.30	02:49:12.013	0.62619	0.62623			6
2024.08.30	02:49:16.093	0.62620				2
2024.08.30	02:49:17.225	0.62616	0.62620			6
2024.08.30	02:50:00.186	0.62615	0.62619			6
2024.08.30	02:50:00.502	0.62614	0.62618			6
2024.08.30	02:50:01.375	0.62612	0.62616			6
2024.08.30	02:50:05.018	0.62614				2
2024.08.30	02:50:10.913		0.62617			4
2024.08.30	02:50:13.473	0.62612	0.62616			6
2024.08.30	02:50:14.244		0.62617			4
2024.08.30	02:50:14.938		0.62616			4
2024.08.30	02:50:16.105	0.62613	0.62617			6
2024.08.30	02:50:16.407	0.62612	0.62616			6
2024.08.30	02:50:17.073	0.62613	0.62617			6
2024.08.30	02:50:32.176	0.62617	0.62621			6
2024.08.30	02:51:00.982	0.62617				2
2024.08.30	02:51:08.376	0.62619	0.62623			6
2024.08.30	02:51:11.716	0.62620				2
2024.08.30	02:51:34.308	0.62619	0.62622			6
2024.08.30	02:51:52.227	0.62618				2
2024.08.30	02:51:52.536	0.62613	0.62618			6
2024.08.30	02:51:53.457	0.62616	0.62620			6
2024.08.30	02:52:00.183	0.62616				2
2024.08.30	02:52:25.744	0.62620	0.62624			6
2024.08.30	02:52:26.174	0.62621	0.62625			6
2024.08.30	02:52:26.497	0.62620				2
2024.08.30	02:52:27.854	0.62625	0.62628			6
2024.08.30	02:52:29.407	0.62626	0.62630			6
2024.08.30	02:52:30.372	0.62627	0.62631			6
2024.08.30	02:52:30.673	0.62628				2
2024.08.30	02:52:33.133	0.62627				2
2024.08.30	02:52:34.252	0.62628				2
2024.08.30	02:52:36.916	0.62627				2
2024.08.30	02:52:38.599		0.62632			4
2024.08.30	02:52:41.677	0.62626	0.62630			6
2024.08.30	02:52:42.005		0.62631			4
2024.08.30	02:52:43.676	0.62629	0.62634			6
2024.08.30	02:52:49.320	0.62627	0.62631			6
2024.08.30	02:52:49.659		0.62632			4
2024.08.30	02:52:51.139		0.62631			4
2024.08.30	02:52:52.616		0.62630			4
2024.08.30	02:52:54.948		0.62631			4
2024.08.30	02:52:57.925		0.62630			4
2024.08.30	02:53:00.094	0.62627				2
2024.08.30	02:53:06.162	0.62626				2
2024.08.30	02:53:09.873	0.62631	0.62633			6
2024.08.30	02:53:10.186		0.62635			4
2024.08.30	02:53:22.311		0.62634			4
2024.08.30	02:53:30.939		0.62635			4
2024.08.30	02:53:31.341	0.62630	0.62634			6
2024.08.30	02:53:31.649	0.62629	0.62633			6
2024.08.30	02:53:31.983	0.62628	0.62632			6
2024.08.30	02:53:32.318		0.62633			4
2024.08.30	02:53:33.325	0.62627	0.62632			6
2024.08.30	02:53:40.916		0.62628			4
2024.08.30	02:53:41.301		0.62632			4
2024.08.30	02:53:41.662		0.62628			4
2024.08.30	02:53:42.043		0.62632			4
2024.08.30	02:53:42.416		0.62628			4
2024.08.30	02:53:42.725		0.62631			4
2024.08.30	02:53:43.040		0.62632			4
2024.08.30	02:53:43.412		0.62629			4
2024.08.30	02:53:43.760		0.62632			4
2024.08.30	02:54:00.351	0.62627				2
2024.08.30	02:54:04.541	0.62629	0.62633			6
2024.08.30	02:54:05.554	0.62628	0.62632			6
2024.08.30	02:54:05.907		0.62633			4
2024.08.30	02:54:07.027		0.62632			4
2024.08.30	02:54:16.007		0.62631			4
2024.08.30	02:54:21.331		0.62633			4
2024.08.30	02:54:25.955		0.62632			4
2024.08.30	02:54:30.367	0.62629	0.62633			6
2024.08.30	02:54:38.967		0.62634			4
2024.08.30	02:54:42.984	0.62628	0.62633			6
2024.08.30	02:54:44.008		0.62632			4
2024.08.30	02:54:59.096		0.62633			4
2024.08.30	02:54:59.421		0.62632			4
2024.08.30	02:55:00.462	0.62628	0.62631			6
2024.08.30	02:55:00.861	0.62627				2
2024.08.30	02:55:02.378		0.62632			4
2024.08.30	02:55:02.742	0.62628	0.62633			6
2024.08.30	02:55:03.695		0.62632			4
2024.08.30	02:55:06.585		0.62633			4
2024.08.30	02:55:07.709		0.62632			4
2024.08.30	02:55:10.608		0.62633			4
2024.08.30	02:55:10.930		0.62632			4
2024.08.30	02:55:15.501	0.62634	0.62638			6
2024.08.30	02:55:15.802	0.62632	0.62637			6
2024.08.30	02:55:16.104		0.62636			4
2024.08.30	02:55:16.732		0.62637			4
2024.08.30	02:55:21.210		0.62633			4
2024.08.30	02:55:21.523	0.62627	0.62631			6
2024.08.30	02:55:25.978	0.62623	0.62626			6
2024.08.30	02:55:26.458	0.62622	0.62625			6
2024.08.30	02:55:31.585		0.62626			4
2024.08.30	02:55:32.950	0.62624	0.62628			6
2024.08.30	02:55:33.577	0.62626				2
2024.08.30	02:55:34.141	0.62624				2
2024.08.30	02:55:36.943	0.62623	0.62627			6
2024.08.30	02:55:37.780	0.62621	0.62625			6
2024.08.30	02:55:47.035	0.62622	0.62626			6
2024.08.30	02:55:49.797		0.62625			4
2024.08.30	02:55:51.817	0.62624	0.62629			6
2024.08.30	02:55:54.700	0.62627	0.62632			6
2024.08.30	02:55:55.424		0.62630			4
2024.08.30	02:55:57.440	0.62626				2
2024.08.30	02:56:02.002	0.62626				2
2024.08.30	02:56:06.600		0.62629			4
2024.08.30	02:56:07.541		0.62630			4
2024.08.30	02:56:19.600	0.62625	0.62628			6
2024.08.30	02:56:20.221	0.62626	0.62629			6
2024.08.30	02:56:24.860	0.62625	0.62628			6
2024.08.30	02:56:26.619		0.62629			4
2024.08.30	02:56:27.080	0.62624	0.62628			6
2024.08.30	02:56:28.147		0.62627			4
2024.08.30	02:56:28.453	0.62623	0.62626			6
2024.08.30	02:56:30.377	0.62620	0.62623			6
2024.08.30	02:56:31.092		0.62624			4
2024.08.30	02:56:31.465		0.62623			4
2024.08.30	02:56:32.707		0.62624			4
2024.08.30	02:56:33.512	0.62621	0.62625			6
2024.08.30	02:56:38.281		0.62624			4
2024.08.30	02:56:38.588	0.62620	0.62623			6
2024.08.30	02:56:41.401		0.62624			4
2024.08.30	02:56:55.371	0.62622	0.62626			6
2024.08.30	02:56:55.897	0.62623	0.62627			6
2024.08.30	02:56:56.235	0.62624	0.62628			6
2024.08.30	02:56:56.537	0.62623	0.62627			6
2024.08.30	02:56:56.880	0.62627	0.62631			6
2024.08.30	02:56:57.226	0.62628	0.62632			6
2024.08.30	02:56:59.745	0.62627	0.62631			6
2024.08.30	02:57:00.132	0.62627				2
2024.08.30	02:57:13.654	0.62629	0.62634			6
2024.08.30	02:57:15.660	0.62630				2
2024.08.30	02:57:22.049	0.62629	0.62633			6
2024.08.30	02:57:24.953	0.62627	0.62631			6
2024.08.30	02:57:35.015		0.62630			4
2024.08.30	02:57:39.552		0.62631			4
2024.08.30	02:57:40.449		0.62630			4
2024.08.30	02:57:45.911	0.62624	0.62628			6
2024.08.30	02:57:46.224	0.62623	0.62626			6
2024.08.30	02:57:46.926	0.62626	0.62630			6
2024.08.30	02:57:48.599		0.62629			4
2024.08.30	02:57:48.962		0.62630			4
2024.08.30	02:58:00.975	0.62625	0.62629			6
2024.08.30	02:58:06.686		0.62630			4
2024.08.30	02:58:07.523		0.62629			4
2024.08.30	02:58:09.724	0.62627	0.62631			6
2024.08.30	02:58:10.382		0.62629			4
2024.08.30	02:58:10.707	0.62626	0.62630			6
2024.08.30	02:58:12.763		0.62629			4
2024.08.30	02:58:14.962	0.62625	0.62627			6
2024.08.30	02:58:15.291	0.62621	0.62625			6
2024.08.30	02:58:19.722		0.62624			4
2024.08.30	02:58:38.827	0.62620				2
2024.08.30	02:58:39.141	0.62619	0.62622			6
2024.08.30	02:58:40.278		0.62621			4
2024.08.30	02:58:43.653		0.62622			4
2024.08.30	02:58:52.281	0.62621	0.62623			6
2024.08.30	02:58:54.129		0.62624			4
2024.08.30	02:58:59.512		0.62625			4
2024.08.30	02:59:00.146	0.62621				2
2024.08.30	02:59:02.498		0.62624			4
2024.08.30	02:59:09.294		0.62625			4
2024.08.30	02:59:20.497	0.62622				2
2024.08.30	02:59:20.826	0.62626	0.62628			6
2024.08.30	02:59:22.591		0.62629			4
2024.08.30	02:59:25.139		0.62628			4
2024.08.30	02:59:32.262		0.62629			4
2024.08.30	02:59:42.381		0.62628			4
2024.08.30	02:59:50.073		0.62629			4
2024.08.30	02:59:52.142		0.62627			4
2024.08.30	02:59:53.224		0.62628			4
2024.08.30	03:00:00.062	0.62626				2
2024.08.30	03:00:00.400		0.62629			4
2024.08.30	03:00:00.741	0.62631	0.62632			6
2024.08.30	03:00:01.453	0.62628				2
2024.08.30	03:00:01.790	0.62629				2
2024.08.30	03:00:05.190	0.62627	0.62631			6
2024.08.30	03:00:07.902		0.62630			4
2024.08.30	03:00:08.746		0.62631			4
2024.08.30	03:00:10.368		0.62630			4
2024.08.30	03:00:10.803		0.62631			4
2024.08.30	03:00:11.120		0.62630			4
2024.08.30	03:00:11.422	0.62631	0.62632			6
2024.08.30	03:00:11.761	0.62630				2
2024.08.30	03:00:15.025	0.62628	0.62631			6
2024.08.30	03:00:18.168	0.62627	0.62630			6
2024.08.30	03:00:20.200		0.62629			4
2024.08.30	03:00:22.803	0.62626	0.62628			6
2024.08.30	03:00:25.248	0.62622	0.62626			6
2024.08.30	03:00:26.873		0.62624			4
2024.08.30	03:00:27.173	0.62621	0.62626			6
2024.08.30	03:00:27.981	0.62625	0.62627			6
2024.08.30	03:00:29.809		0.62628			4
2024.08.30	03:00:31.279		0.62629			4
2024.08.30	03:00:35.090	0.62626	0.62630			6
2024.08.30	03:00:37.946	0.62628	0.62631			6
2024.08.30	03:00:45.817	0.62629				2
2024.08.30	03:00:46.126	0.62628				2
2024.08.30	03:00:46.621	0.62626	0.62630			6
2024.08.30	03:00:51.533	0.62625	0.62629			6
2024.08.30	03:00:52.728	0.62623	0.62625			6
2024.08.30	03:00:53.035	0.62622				2
2024.08.30	03:00:56.902		0.62626			4
2024.08.30	03:00:57.421	0.62623				2
2024.08.30	03:01:00.123	0.62623				2
2024.08.30	03:01:00.445	0.62625	0.62629			6
2024.08.30	03:01:01.834	0.62626				2
2024.08.30	03:01:02.171	0.62625				2
2024.08.30	03:01:02.484	0.62626				2
2024.08.30	03:01:04.047		0.62630			4
2024.08.30	03:01:04.734		0.62629			4
2024.08.30	03:01:05.156	0.62623	0.62626			6
2024.08.30	03:01:10.158	0.62622				2
2024.08.30	03:01:14.963	0.62621	0.62624			6
2024.08.30	03:01:18.918	0.62622	0.62625			6
2024.08.30	03:01:19.257	0.62621				2
2024.08.30	03:01:19.726	0.62622	0.62624			6
2024.08.30	03:01:20.080	0.62621				2
2024.08.30	03:01:23.722	0.62622	0.62625			6
2024.08.30	03:01:24.035	0.62621				2
2024.08.30	03:01:27.411		0.62624			4
2024.08.30	03:01:34.666	0.62622				2
2024.08.30	03:01:35.064	0.62621				2
2024.08.30	03:01:39.373	0.62622	0.62625			6
2024.08.30	03:01:41.299	0.62621	0.62624			6
2024.08.30	03:01:42.009		0.62625			4
2024.08.30	03:01:42.360		0.62624			4
2024.08.30	03:01:49.810	0.62622				2
2024.08.30	03:01:50.351	0.62621				2
2024.08.30	03:01:51.032	0.62622	0.62625			6
2024.08.30	03:01:51.519	0.62621				2
2024.08.30	03:01:52.687	0.62622				2
2024.08.30	03:02:00.328	0.62621	0.62624			6
2024.08.30	03:02:01.353	0.62622				2
2024.08.30	03:02:01.657	0.62621				2
2024.08.30	03:02:05.273	0.62622				2
2024.08.30	03:02:05.656	0.62621				2
2024.08.30	03:02:10.604		0.62625			4
2024.08.30	03:02:10.938	0.62622				2
2024.08.30	03:02:12.002	0.62623				2
2024.08.30	03:02:12.372	0.62622				2
2024.08.30	03:02:13.492	0.62623				2
2024.08.30	03:02:13.839	0.62628	0.62630			6
2024.08.30	03:02:14.142	0.62629	0.62631			6
2024.08.30	03:02:15.820	0.62628				2
2024.08.30	03:02:20.225	0.62631	0.62634			6
2024.08.30	03:02:20.527	0.62632				2
2024.08.30	03:02:23.854	0.62631				2
2024.08.30	03:02:33.109	0.62628	0.62631			6
2024.08.30	03:02:33.990	0.62629				2
2024.08.30	03:02:34.380	0.62628				2
2024.08.30	03:03:00.637	0.62629				2
2024.08.30	03:03:01.880	0.62628				2
2024.08.30	03:03:02.225	0.62629				2
2024.08.30	03:03:04.159	0.62628				2
2024.08.30	03:03:04.659	0.62629				2
2024.08.30	03:03:05.041	0.62628				2
2024.08.30	03:03:10.322	0.62626				2
2024.08.30	03:03:10.623	0.62628				2
2024.08.30	03:03:11.407	0.62629				2
2024.08.30	03:03:12.363	0.62628				2
2024.08.30	03:03:13.470	0.62629				2
2024.08.30	03:03:13.939	0.62628				2
2024.08.30	03:03:16.175	0.62629				2
2024.08.30	03:03:17.289	0.62628				2
2024.08.30	03:03:17.614	0.62629				2
2024.08.30	03:03:18.143	0.62628				2
2024.08.30	03:03:18.501	0.62629				2
2024.08.30	03:03:18.870	0.62628				2
2024.08.30	03:03:20.678	0.62629				2
2024.08.30	03:03:21.125	0.62628				2
2024.08.30	03:03:21.648	0.62626	0.62629			6
2024.08.30	03:03:21.982		0.62630			4
2024.08.30	03:03:23.879	0.62627	0.62631			6
2024.08.30	03:03:24.201	0.62628				2
2024.08.30	03:03:32.085	0.62629				2
2024.08.30	03:03:34.292	0.62631	0.62632			6
2024.08.30	03:03:34.605		0.62635			4
2024.08.30	03:03:35.871		0.62634			4
2024.08.30	03:03:36.245	0.62632	0.62635			6
2024.08.30	03:03:44.003		0.62636			4
2024.08.30	03:03:44.313	0.62638	0.62641			6
2024.08.30	03:03:48.589	0.62637				2
2024.08.30	03:03:50.392	0.62638				2
2024.08.30	03:03:51.041	0.62637				2
2024.08.30	03:03:55.486	0.62638				2
2024.08.30	03:03:57.361	0.62637				2
2024.08.30	03:03:58.944	0.62640				2
2024.08.30	03:03:59.267	0.62637				2
2024.08.30	03:04:00.142	0.62638				2
2024.08.30	03:04:00.462		0.62642			4
2024.08.30	03:04:00.765	0.62639				2
2024.08.30	03:04:01.084	0.62638				2
2024.08.30	03:04:01.420	0.62639				2
2024.08.30	03:04:02.444	0.62638				2
2024.08.30	03:04:03.695	0.62639				2
2024.08.30	03:04:04.414	0.62638				2
2024.08.30	03:04:05.435	0.62637				2
2024.08.30	03:04:05.741	0.62638				2
2024.08.30	03:04:06.830	0.62637	0.62641			6
2024.08.30	03:04:07.533	0.62636				2
2024.08.30	03:04:07.846	0.62637				2
2024.08.30	03:04:14.515	0.62636				2
2024.08.30	03:04:18.149		0.62640			4
2024.08.30	03:04:18.887		0.62641			4
2024.08.30	03:04:23.748	0.62637				2
2024.08.30	03:04:24.854	0.62636				2
2024.08.30	03:04:25.183		0.62640			4
2024.08.30	03:04:29.171		0.62639			4
2024.08.30	03:04:30.042		0.62640			4
2024.08.30	03:04:30.348		0.62639			4
2024.08.30	03:04:30.650		0.62640			4
2024.08.30	03:04:30.982		0.62641			4
2024.08.30	03:04:33.426	0.62637				2
2024.08.30	03:04:45.458		0.62642			4
2024.08.30	03:04:50.313		0.62641			4
2024.08.30	03:04:50.621		0.62642			4
2024.08.30	03:04:55.614		0.62640			4
2024.08.30	03:04:56.384	0.62640	0.62642			6
2024.08.30	03:04:56.687		0.62645			4
2024.08.30	03:04:57.216		0.62644			4
2024.08.30	03:04:58.110	0.62637	0.62643			6
2024.08.30	03:05:00.354	0.62637	0.62642			6
2024.08.30	03:05:00.676		0.62641			4
2024.08.30	03:05:01.328	0.62636	0.62639			6
2024.08.30	03:05:01.631		0.62640			4
2024.08.30	03:05:09.298		0.62639			4
2024.08.30	03:05:10.644		0.62640			4
2024.08.30	03:05:14.559	0.62637	0.62642			6
2024.08.30	03:05:14.861		0.62641			4
2024.08.30	03:05:15.188		0.62642			4
2024.08.30	03:05:15.512		0.62641			4
2024.08.30	03:05:15.873		0.62642			4
2024.08.30	03:05:16.585		0.62641			4
2024.08.30	03:05:16.919		0.62642			4
2024.08.30	03:05:17.227		0.62641			4
2024.08.30	03:05:18.079	0.62638	0.62642			6
2024.08.30	03:05:18.700		0.62641			4
2024.08.30	03:05:19.421	0.62637	0.62642			6
2024.08.30	03:05:30.079		0.62641			4
2024.08.30	03:05:31.062	0.62642	0.62643			6
2024.08.30	03:05:31.367		0.62646			4
2024.08.30	03:05:37.655	0.62641	0.62645			6
2024.08.30	03:05:43.602	0.62637	0.62640			6
2024.08.30	03:05:47.394		0.62641			4
2024.08.30	03:05:48.094	0.62638	0.62642			6
2024.08.30	03:05:48.404		0.62641			4
2024.08.30	03:05:49.166		0.62643			4
2024.08.30	03:05:53.133		0.62642			4
2024.08.30	03:05:56.863		0.62641			4
2024.08.30	03:05:57.199		0.62642			4
2024.08.30	03:05:57.991		0.62641			4
2024.08.30	03:05:58.303		0.62643			4
2024.08.30	03:05:58.611		0.62641			4
2024.08.30	03:06:00.078	0.62638				2
2024.08.30	03:06:00.429	0.62641	0.62644			6
2024.08.30	03:06:00.737		0.62645			4
2024.08.30	03:06:01.041	0.62640	0.62644			6
2024.08.30	03:06:02.875	0.62645	0.62648			6
2024.08.30	03:06:03.184	0.62644	0.62647			6
2024.08.30	03:06:05.282		0.62648			4
2024.08.30	03:06:05.829		0.62647			4
2024.08.30	03:06:06.134		0.62649			4
2024.08.30	03:06:07.172		0.62648			4
2024.08.30	03:06:12.423	0.62645				2
2024.08.30	03:06:13.338		0.62649			4
2024.08.30	03:06:14.445	0.62646				2
2024.08.30	03:06:14.755	0.62645				2
2024.08.30	03:06:23.604	0.62647	0.62650			6
2024.08.30	03:06:23.905	0.62648	0.62652			6
2024.08.30	03:06:24.640	0.62646	0.62650			6
2024.08.30	03:06:25.786	0.62648	0.62652			6
2024.08.30	03:06:26.097	0.62649				2
2024.08.30	03:06:31.320	0.62650				2
2024.08.30	03:06:31.622	0.62653	0.62658			6
2024.08.30	03:06:31.926		0.62656			4
2024.08.30	03:06:34.879		0.62655			4
2024.08.30	03:06:35.188		0.62656			4
2024.08.30	03:06:35.502		0.62655			4
2024.08.30	03:06:39.133	0.62651	0.62652			6
2024.08.30	03:06:39.550		0.62653			4
2024.08.30	03:06:42.036		0.62654			4
2024.08.30	03:06:42.434		0.62653			4
2024.08.30	03:06:44.557	0.62648	0.62652			6
2024.08.30	03:06:44.866	0.62647	0.62651			6
2024.08.30	03:06:45.182	0.62646	0.62649			6
2024.08.30	03:06:46.667	0.62645				2
2024.08.30	03:06:48.316	0.62646				2
2024.08.30	03:06:49.787	0.62647	0.62651			6
2024.08.30	03:06:51.957		0.62650			4
2024.08.30	03:06:53.048		0.62651			4
2024.08.30	03:06:53.400		0.62650			4
2024.08.30	03:06:53.753		0.62651			4
2024.08.30	03:06:54.394		0.62650			4
2024.08.30	03:06:55.560	0.62646				2
2024.08.30	03:06:58.584		0.62649			4
2024.08.30	03:06:58.890	0.62642	0.62646			6
2024.08.30	03:06:59.840		0.62645			4
2024.08.30	03:07:00.142	0.62642				2
2024.08.30	03:07:01.389	0.62643	0.62646			6
2024.08.30	03:07:02.099	0.62642				2
2024.08.30	03:07:02.413	0.62637	0.62641			6
2024.08.30	03:07:02.722	0.62636	0.62640			6
2024.08.30	03:07:03.027	0.62632	0.62636			6
2024.08.30	03:07:03.649	0.62633				2
2024.08.30	03:07:05.337		0.62637			4
2024.08.30	03:07:10.490	0.62634				2
2024.08.30	03:07:11.471	0.62635	0.62639			6
2024.08.30	03:07:16.700		0.62640			4
2024.08.30	03:07:17.843	0.62640	0.62644			6
2024.08.30	03:07:22.343	0.62638	0.62642			6
2024.08.30	03:07:24.011	0.62639				2
2024.08.30	03:07:24.326	0.62638				2
2024.08.30	03:07:32.326	0.62639	0.62643			6
2024.08.30	03:07:33.283	0.62635	0.62639			6
2024.08.30	03:07:39.072	0.62640	0.62644			6
2024.08.30	03:07:40.472	0.62639	0.62642			6
2024.08.30	03:07:41.177		0.62643			4
2024.08.30	03:07:41.702		0.62642			4
2024.08.30	03:07:44.982		0.62643			4
2024.08.30	03:07:45.364		0.62642			4
2024.08.30	03:07:46.659		0.62643			4
2024.08.30	03:07:50.981		0.62642			4
2024.08.30	03:07:54.304		0.62643			4
2024.08.30	03:07:57.211	0.62641	0.62644			6
2024.08.30	03:08:00.416	0.62644	0.62648			6
2024.08.30	03:08:10.520	0.62642	0.62646			6
2024.08.30	03:08:12.987	0.62644	0.62648			6
2024.08.30	03:08:18.911		0.62649			4
2024.08.30	03:08:19.404	0.62645				2
2024.08.30	03:08:25.407	0.62644				2
2024.08.30	03:08:39.522	0.62645				2
2024.08.30	03:08:43.271	0.62646	0.62650			6
2024.08.30	03:08:43.584		0.62651			4
2024.08.30	03:08:44.294		0.62650			4
2024.08.30	03:08:48.920		0.62651			4
2024.08.30	03:08:49.965	0.62651	0.62654			6
2024.08.30	03:08:50.291		0.62655			4
2024.08.30	03:08:51.822		0.62656			4
2024.08.30	03:08:55.126	0.62652				2
2024.08.30	03:08:55.433	0.62653	0.62657			6
2024.08.30	03:08:57.202	0.62654	0.62658			6
2024.08.30	03:08:58.293		0.62659			4
2024.08.30	03:08:59.664	0.62653				2
2024.08.30	03:09:00.205	0.62654				2
2024.08.30	03:09:00.578		0.62658			4
2024.08.30	03:09:00.975	0.62653	0.62659			6
2024.08.30	03:09:02.328	0.62655	0.62660			6
2024.08.30	03:09:02.927		0.62659			4
2024.08.30	03:09:03.485		0.62658			4
2024.08.30	03:09:03.797		0.62659			4
2024.08.30	03:09:04.543		0.62660			4
2024.08.30	03:09:04.951		0.62659			4
2024.08.30	03:09:05.316	0.62656				2
2024.08.30	03:09:06.057	0.62655	0.62660			6
2024.08.30	03:09:06.567	0.62656	0.62661			6
2024.08.30	03:09:09.416		0.62659			4
2024.08.30	03:09:09.719		0.62661			4
2024.08.30	03:09:10.623	0.62652	0.62657			6
2024.08.30	03:09:12.057		0.62656			4
2024.08.30	03:09:13.706		0.62655			4
2024.08.30	03:09:14.022		0.62656			4
2024.08.30	03:09:15.053		0.62657			4
2024.08.30	03:09:15.541	0.62653				2
2024.08.30	03:09:15.843		0.62658			4
2024.08.30	03:09:16.497		0.62657			4
2024.08.30	03:09:16.803		0.62658			4
2024.08.30	03:09:17.105	0.62652	0.62657			6
2024.08.30	03:09:17.519		0.62658			4
2024.08.30	03:09:18.147		0.62657			4
2024.08.30	03:09:18.514		0.62658			4
2024.08.30	03:09:19.121		0.62657			4
2024.08.30	03:09:24.306	0.62657	0.62658			6
2024.08.30	03:09:24.622	0.62659	0.62663			6
2024.08.30	03:09:25.529		0.62662			4
2024.08.30	03:09:25.921		0.62663			4
2024.08.30	03:09:26.232		0.62662			4
2024.08.30	03:09:26.568		0.62663			4
2024.08.30	03:09:27.658		0.62662			4
2024.08.30	03:09:31.178	0.62660				2
2024.08.30	03:09:31.950		0.62663			4
2024.08.30	03:09:32.290	0.62658				2
2024.08.30	03:09:35.586		0.62662			4
2024.08.30	03:09:40.281		0.62661			4
2024.08.30	03:09:43.310		0.62662			4
2024.08.30	03:09:44.058	0.62653	0.62658			6
2024.08.30	03:09:44.478	0.62654				2
2024.08.30	03:09:44.783	0.62658	0.62662			6
2024.08.30	03:09:46.233	0.62661	0.62666			6
2024.08.30	03:09:46.538	0.62662	0.62667			6
2024.08.30	03:09:49.408		0.62666			4
2024.08.30	03:09:50.272		0.62667			4
2024.08.30	03:09:51.352		0.62666			4
2024.08.30	03:09:52.241	0.62661				2
2024.08.30	03:09:52.880		0.62663			4
2024.08.30	03:09:58.064	0.62658	0.62661			6
2024.08.30	03:09:59.180		0.62660			4
2024.08.30	03:09:59.956		0.62661			4
2024.08.30	03:10:00.358	0.62658				2
2024.08.30	03:10:01.053	0.62663	0.62665			6
2024.08.30	03:10:01.355		0.62666			4
2024.08.30	03:10:01.967		0.62667			4
2024.08.30	03:10:05.225		0.62666			4
2024.08.30	03:10:05.542		0.62667			4
2024.08.30	03:10:05.850		0.62666			4
2024.08.30	03:10:06.529		0.62667			4
2024.08.30	03:10:08.442	0.62664				2
2024.08.30	03:10:10.180	0.62663				2
2024.08.30	03:10:11.025	0.62667	0.62669			6
2024.08.30	03:10:11.343	0.62668	0.62672			6
2024.08.30	03:10:16.523	0.62670	0.62673			6
2024.08.30	03:10:19.232	0.62668	0.62672			6
2024.08.30	03:10:19.543	0.62671	0.62674			6
2024.08.30	03:10:19.850	0.62674	0.62677			6
2024.08.30	03:10:20.205	0.62673	0.62676			6
2024.08.30	03:10:20.506	0.62672				2
2024.08.30	03:10:20.894		0.62675			4
2024.08.30	03:10:23.760	0.62673	0.62677			6
2024.08.30	03:10:24.367	0.62674				2
2024.08.30	03:10:25.021	0.62673	0.62676			6
2024.08.30	03:10:29.682	0.62672	0.62675			6
2024.08.30	03:10:33.838	0.62673	0.62674			6
2024.08.30	03:10:34.142	0.62674	0.62675			6
2024.08.30	03:10:34.467		0.62676			4
2024.08.30	03:10:35.675	0.62671	0.62675			6
2024.08.30	03:10:35.986	0.62668	0.62672			6
2024.08.30	03:10:37.166	0.62670	0.62673			6
2024.08.30	03:10:41.710	0.62669				2
2024.08.30	03:10:42.026		0.62672			4
2024.08.30	03:10:42.752		0.62673			4
2024.08.30	03:10:43.060		0.62672			4
2024.08.30	03:10:43.859	0.62670	0.62673			6
2024.08.30	03:10:46.349	0.62669				2
2024.08.30	03:10:48.480	0.62667	0.62669			6
2024.08.30	03:10:48.784	0.62666	0.62671			6
2024.08.30	03:10:49.091		0.62670			4
2024.08.30	03:10:49.401		0.62671			4
2024.08.30	03:10:50.124	0.62667				2
2024.08.30	03:10:51.106	0.62666				2
2024.08.30	03:10:54.221	0.62667				2
2024.08.30	03:10:55.772	0.62666				2
2024.08.30	03:10:57.677	0.62667				2
2024.08.30	03:11:00.284	0.62666	0.62669			6
2024.08.30	03:11:01.375	0.62667				2
2024.08.30	03:11:04.223	0.62668	0.62670			6
2024.08.30	03:11:15.444	0.62667				2
2024.08.30	03:11:17.423	0.62663	0.62666			6
2024.08.30	03:11:17.737	0.62664				2
2024.08.30	03:11:18.365		0.62667			4
2024.08.30	03:11:22.309		0.62666			4
2024.08.30	03:11:24.256	0.62665	0.62669			6
2024.08.30	03:11:29.036		0.62670			4
2024.08.30	03:11:31.615	0.62667				2
2024.08.30	03:11:32.675	0.62666				2
2024.08.30	03:11:34.208	0.62665	0.62668			6
2024.08.30	03:11:34.679		0.62669			4
2024.08.30	03:11:36.821	0.62667	0.62668			6
2024.08.30	03:11:37.318	0.62665	0.62669			6
2024.08.30	03:11:37.664		0.62668			4
2024.08.30	03:11:37.964		0.62669			4
2024.08.30	03:11:52.207		0.62668			4
2024.08.30	03:11:52.547		0.62669			4
2024.08.30	03:11:52.863		0.62668			4
2024.08.30	03:11:53.237	0.62663	0.62667			6
2024.08.30	03:11:53.550	0.62662	0.62664			6
2024.08.30	03:11:54.353		0.62665			4
2024.08.30	03:11:55.722		0.62664			4
2024.08.30	03:11:56.141		0.62665			4
2024.08.30	03:11:56.484	0.62664				2
2024.08.30	03:11:56.796	0.62662	0.62666			6
2024.08.30	03:11:57.459	0.62663				2
2024.08.30	03:11:57.817		0.62665			4
2024.08.30	03:11:58.326		0.62666			4
2024.08.30	03:11:58.633		0.62665			4
2024.08.30	03:12:00.705	0.62663	0.62666			6
2024.08.30	03:12:01.038		0.62665			4
2024.08.30	03:12:01.520		0.62666			4
2024.08.30	03:12:01.873	0.62662	0.62665			6
2024.08.30	03:12:06.023		0.62664			4
2024.08.30	03:12:06.754		0.62663			4
2024.08.30	03:12:07.095		0.62664			4
2024.08.30	03:12:07.562		0.62665			4
2024.08.30	03:12:07.887		0.62664			4
2024.08.30	03:12:18.075		0.62663			4
2024.08.30	03:12:18.378		0.62664			4
2024.08.30	03:12:18.686	0.62658	0.62661			6
2024.08.30	03:12:20.305	0.62660				2
2024.08.30	03:12:20.610	0.62661	0.62663			6
2024.08.30	03:12:22.649		0.62664			4
2024.08.30	03:12:23.085		0.62663			4
2024.08.30	03:12:23.592		0.62664			4
2024.08.30	03:12:23.991	0.62662	0.62665			6
2024.08.30	03:12:25.777	0.62663	0.62667			6
2024.08.30	03:12:26.472	0.62664	0.62666			6
2024.08.30	03:12:26.808		0.62667			4
2024.08.30	03:12:27.555	0.62663	0.62666			6
2024.08.30	03:12:28.693	0.62664	0.62667			6
2024.08.30	03:12:34.126	0.62665				2
2024.08.30	03:12:37.392	0.62664				2
2024.08.30	03:12:37.950	0.62665				2
2024.08.30	03:12:38.428	0.62666	0.62669			6
2024.08.30	03:12:39.497	0.62667	0.62670			6
2024.08.30	03:12:40.653	0.62668	0.62671			6
2024.08.30	03:12:40.967	0.62670				2
2024.08.30	03:12:43.873	0.62669				2
2024.08.30	03:12:59.684	0.62665	0.62667			6
2024.08.30	03:13:00.373	0.62664				2
2024.08.30	03:13:00.685	0.62663	0.62666			6
2024.08.30	03:13:01.383	0.62662	0.62664			6
2024.08.30	03:13:04.012	0.62663	0.62666			6
2024.08.30	03:13:05.085		0.62665			4
2024.08.30	03:13:05.743	0.62662				2
2024.08.30	03:13:06.502		0.62664			4
2024.08.30	03:13:06.804	0.62661	0.62663			6
2024.08.30	03:13:07.706		0.62664			4
2024.08.30	03:13:21.648	0.62663				2
2024.08.30	03:13:21.989	0.62661				2
2024.08.30	03:13:22.642	0.62662	0.62665			6
2024.08.30	03:13:23.450	0.62663				2
2024.08.30	03:13:24.303	0.62662				2
2024.08.30	03:13:29.011		0.62666			4
2024.08.30	03:13:29.573		0.62665			4
2024.08.30	03:13:30.223	0.62661				2
2024.08.30	03:13:41.140	0.62662				2
2024.08.30	03:13:42.410	0.62667	0.62669			6
2024.08.30	03:13:46.366	0.62668	0.62670			6
2024.08.30	03:13:46.699	0.62667				2
2024.08.30	03:13:47.007	0.62668				2
2024.08.30	03:13:50.937		0.62671			4
2024.08.30	03:13:51.705		0.62670			4
2024.08.30	03:13:54.906	0.62667				2
2024.08.30	03:13:55.881	0.62668				2
2024.08.30	03:13:57.243	0.62669				2
2024.08.30	03:13:59.098	0.62668				2
2024.08.30	03:14:01.453	0.62667				2
2024.08.30	03:14:08.614	0.62666	0.62668			6
2024.08.30	03:14:20.411	0.62664	0.62666			6
2024.08.30	03:14:34.588		0.62668			4
2024.08.30	03:14:35.379		0.62666			4
2024.08.30	03:14:40.337	0.62667	0.62669			6
2024.08.30	03:14:40.643		0.62670			4
2024.08.30	03:14:42.762	0.62669	0.62674			6
2024.08.30	03:14:43.074		0.62672			4
2024.08.30	03:14:43.399		0.62674			4
2024.08.30	03:14:43.776	0.62671	0.62673			6
2024.08.30	03:14:44.370		0.62672			4
2024.08.30	03:14:48.584	0.62670	0.62674			6
2024.08.30	03:14:49.212	0.62672				2
2024.08.30	03:14:52.945	0.62670	0.62672			6
2024.08.30	03:14:53.250	0.62669				2
2024.08.30	03:14:57.998		0.62671			4
2024.08.30	03:15:00.507	0.62669				2
2024.08.30	03:15:02.410	0.62670				2
2024.08.30	03:15:03.930	0.62668				2
2024.08.30	03:15:05.692	0.62669	0.62673			6
2024.08.30	03:15:06.035	0.62668				2
2024.08.30	03:15:06.342		0.62672			4
2024.08.30	03:15:09.182		0.62671			4
2024.08.30	03:15:12.221		0.62672			4
2024.08.30	03:15:12.872		0.62671			4
2024.08.30	03:15:13.682		0.62672			4
2024.08.30	03:15:15.150	0.62671	0.62674			6
2024.08.30	03:15:17.156	0.62668	0.62672			6
2024.08.30	03:15:17.569		0.62671			4
2024.08.30	03:15:19.818		0.62672			4
2024.08.30	03:15:23.820		0.62673			4
2024.08.30	03:15:28.356		0.62672			4
2024.08.30	03:15:29.068		0.62673			4
2024.08.30	03:15:42.344	0.62667	0.62671			6
2024.08.30	03:15:43.136		0.62672			4
2024.08.30	03:15:45.550	0.62668				2
2024.08.30	03:15:45.866	0.62669	0.62673			6
2024.08.30	03:15:50.196		0.62674			4
2024.08.30	03:15:50.571	0.62671	0.62676			6
2024.08.30	03:15:52.533	0.62672				2
2024.08.30	03:15:53.763	0.62674	0.62677			6
2024.08.30	03:15:55.386	0.62673				2
2024.08.30	03:15:55.706	0.62674				2
2024.08.30	03:16:00.438	0.62674				2
2024.08.30	03:16:13.420	0.62672				2
2024.08.30	03:16:14.648	0.62673				2
2024.08.30	03:16:18.338	0.62674				2
2024.08.30	03:16:18.668	0.62673				2
2024.08.30	03:16:22.567	0.62676				2
2024.08.30	03:16:22.882	0.62678	0.62682			6
2024.08.30	03:16:23.185	0.62679	0.62683			6
2024.08.30	03:16:23.512		0.62684			4
2024.08.30	03:16:23.860		0.62683			4
2024.08.30	03:16:28.611		0.62684			4
2024.08.30	03:16:30.426	0.62678	0.62681			6
2024.08.30	03:16:30.731		0.62680			4
2024.08.30	03:16:31.144		0.62681			4
2024.08.30	03:16:32.532		0.62680			4
2024.08.30	03:16:34.522		0.62681			4
2024.08.30	03:16:37.581		0.62680			4
2024.08.30	03:16:38.882		0.62681			4
2024.08.30	03:16:41.544		0.62680			4
2024.08.30	03:16:48.376	0.62675				2
2024.08.30	03:16:49.107		0.62679			4
2024.08.30	03:16:55.984	0.62672	0.62675			6
2024.08.30	03:17:00.164	0.62672				2
2024.08.30	03:17:00.484	0.62670	0.62673			6
2024.08.30	03:17:01.371	0.62671	0.62675			6
2024.08.30	03:17:07.688		0.62676			4
2024.08.30	03:17:13.933	0.62673				2
2024.08.30	03:17:14.312	0.62674	0.62677			6
2024.08.30	03:17:16.180		0.62675			4
2024.08.30	03:17:16.676		0.62677			4
2024.08.30	03:17:17.050		0.62676			4
2024.08.30	03:17:17.713		0.62677			4
2024.08.30	03:17:22.902	0.62673				2
2024.08.30	03:17:23.718		0.62676			4
2024.08.30	03:17:57.420	0.62675	0.62678			6
2024.08.30	03:18:00.453	0.62675				2
2024.08.30	03:18:00.834		0.62677			4
2024.08.30	03:18:08.204		0.62679			4
2024.08.30	03:18:15.308	0.62673	0.62676			6
2024.08.30	03:18:18.537		0.62675			4
2024.08.30	03:18:18.842		0.62676			4
2024.08.30	03:18:20.148		0.62678			4
2024.08.30	03:18:21.569	0.62674	0.62679			6
2024.08.30	03:18:22.622		0.62678			4
2024.08.30	03:18:24.482		0.62679			4
2024.08.30	03:18:29.193	0.62676	0.62681			6
2024.08.30	03:18:29.498		0.62679			4
2024.08.30	03:18:30.374	0.62677				2
2024.08.30	03:18:32.779	0.62674	0.62677			6
2024.08.30	03:18:37.069		0.62676			4
2024.08.30	03:18:37.410		0.62678			4
2024.08.30	03:18:38.286		0.62677			4
2024.08.30	03:18:39.961	0.62673	0.62676			6
2024.08.30	03:18:40.263	0.62672	0.62675			6
2024.08.30	03:18:40.877		0.62676			4
2024.08.30	03:18:41.968	0.62680	0.62681			6
2024.08.30	03:18:42.282	0.62684	0.62687			6
2024.08.30	03:18:42.911		0.62688			4
2024.08.30	03:18:43.252		0.62687			4
2024.08.30	03:18:44.208		0.62686			4
2024.08.30	03:18:46.204	0.62683				2
2024.08.30	03:18:46.882	0.62682	0.62685			6
2024.08.30	03:18:49.143	0.62681	0.62684			6
2024.08.30	03:19:00.012	0.62680	0.62683			6
2024.08.30	03:19:03.282	0.62679				2
2024.08.30	03:19:04.090		0.62682			4
2024.08.30	03:19:10.095	0.62680				2
2024.08.30	03:19:18.384	0.62678	0.62680			6
2024.08.30	03:19:19.559	0.62679				2
2024.08.30	03:19:19.897	0.62678	0.62681			6
2024.08.30	03:19:22.803		0.62680			4
2024.08.30	03:19:23.518	0.62677				2
2024.08.30	03:19:26.320		0.62679			4
2024.08.30	03:19:26.725		0.62680			4
2024.08.30	03:19:28.869	0.62678				2
2024.08.30	03:19:29.189	0.62677	0.62679			6
2024.08.30	03:19:29.805	0.62678				2
2024.08.30	03:19:30.125	0.62677	0.62680			6
2024.08.30	03:19:30.796	0.62678				2
2024.08.30	03:19:31.423	0.62677				2
2024.08.30	03:19:31.752	0.62678				2
2024.08.30	03:19:32.066	0.62677				2
2024.08.30	03:19:32.581	0.62678				2
2024.08.30	03:19:32.914	0.62677				2
2024.08.30	03:19:33.423		0.62679			4
2024.08.30	03:19:36.462	0.62678				2
2024.08.30	03:19:36.767	0.62677	0.62678			6
2024.08.30	03:19:39.190	0.62676	0.62677			6
2024.08.30	03:19:39.503	0.62675				2
2024.08.30	03:19:41.035	0.62674				2
2024.08.30	03:19:41.697	0.62675				2
2024.08.30	03:19:46.873		0.62676			4
2024.08.30	03:19:47.182		0.62677			4
2024.08.30	03:19:48.744	0.62680	0.62681			6
2024.08.30	03:19:49.049		0.62682			4
2024.08.30	03:19:53.911	0.62679	0.62680			6
2024.08.30	03:19:55.148		0.62681			4
2024.08.30	03:19:57.635		0.62682			4
2024.08.30	03:19:58.340	0.62680				2
2024.08.30	03:19:59.022	0.62679				2
2024.08.30	03:20:00.338	0.62678	0.62681			6
2024.08.30	03:20:01.513		0.62682			4
2024.08.30	03:20:02.218	0.62679				2
2024.08.30	03:20:03.936	0.62678				2
2024.08.30	03:20:04.767		0.62681			4
2024.08.30	03:20:09.157	0.62679	0.62682			6
2024.08.30	03:20:12.117	0.62678				2
2024.08.30	03:20:13.078	0.62679				2
2024.08.30	03:20:13.440	0.62680				2
2024.08.30	03:20:19.772	0.62678	0.62681			6
2024.08.30	03:20:20.149		0.62680			4
2024.08.30	03:20:20.464		0.62681			4
2024.08.30	03:20:21.280	0.62680	0.62682			6
2024.08.30	03:20:23.008	0.62682	0.62684			6
2024.08.30	03:20:23.506		0.62685			4
2024.08.30	03:20:25.158	0.62681				2
2024.08.30	03:20:27.536	0.62682	0.62686			6
2024.08.30	03:20:30.906	0.62681				2
