<DATE>	<TIME>	<BID>	<ASK>	<LAST>	<VOLUME>	<FLAGS>
2024.09.20	00:00:00.159	0.62364	0.62412			6
2024.09.20	00:00:00.602	0.62221	0.62411			6
2024.09.20	00:00:00.866	0.62267	0.62412			6
2024.09.20	00:00:01.215	0.62185	0.62385			6
2024.09.20	00:00:49.369	0.62316	0.62516			6
2024.09.20	00:00:50.150	0.62296	0.62496			6
2024.09.20	00:01:04.731	0.62296				2
2024.09.20	00:01:30.016	0.62308	0.62508			6
2024.09.20	00:01:30.536	0.62300	0.62500			6
2024.09.20	00:01:30.838	0.62294	0.62494			6
2024.09.20	00:01:31.153	0.62288	0.62488			6
2024.09.20	00:01:31.459	0.62292	0.62492			6
2024.09.20	00:01:31.794	0.62290	0.62490			6
2024.09.20	00:01:33.304	0.62284	0.62484			6
2024.09.20	00:01:36.284	0.62288	0.62488			6
2024.09.20	00:01:36.736	0.62289	0.62484			6
2024.09.20	00:01:38.341		0.62479			4
2024.09.20	00:02:03.035	0.62289				2
2024.09.20	00:02:18.433		0.62487			4
2024.09.20	00:02:37.951		0.62486			4
2024.09.20	00:03:10.562	0.62289				2
2024.09.20	00:03:46.886		0.62486			4
2024.09.20	00:04:00.039	0.62289	0.62477			6
2024.09.20	00:05:01.020	0.62289	0.62477			6
2024.09.20	00:05:01.375	0.62330	0.62452			6
2024.09.20	00:05:06.922	0.62327	0.62449			6
2024.09.20	00:05:23.884	0.62328				2
2024.09.20	00:05:24.385	0.62327				2
2024.09.20	00:05:30.457	0.62332	0.62454			6
2024.09.20	00:05:34.908	0.62327	0.62448			6
2024.09.20	00:05:39.632	0.62342	0.62438			6
2024.09.20	00:05:42.004		0.62432			4
2024.09.20	00:05:43.946		0.62430			4
2024.09.20	00:05:52.179		0.62435			4
2024.09.20	00:06:00.022	0.62342				2
2024.09.20	00:06:05.857	0.62333	0.62432			6
2024.09.20	00:06:11.631	0.62336				2
2024.09.20	00:06:12.599	0.62326	0.62435			6
2024.09.20	00:06:17.834	0.62327	0.62420			6
2024.09.20	00:06:18.665	0.62333				2
2024.09.20	00:06:19.870	0.62321				2
2024.09.20	00:06:20.316	0.62326				2
2024.09.20	00:06:26.389	0.62327				2
2024.09.20	00:07:00.321	0.62327				2
2024.09.20	00:07:11.359	0.62332				2
2024.09.20	00:07:11.927	0.62325				2
2024.09.20	00:07:12.379	0.62327				2
2024.09.20	00:07:13.246	0.62325				2
2024.09.20	00:07:19.444		0.62420			4
2024.09.20	00:07:22.306	0.62331				2
2024.09.20	00:07:22.860	0.62334				2
2024.09.20	00:07:33.904	0.62335				2
2024.09.20	00:08:00.397	0.62335				2
2024.09.20	00:08:22.439		0.62420			4
2024.09.20	00:08:34.027	0.62338				2
2024.09.20	00:08:39.497	0.62334				2
2024.09.20	00:08:41.812		0.62406			4
2024.09.20	00:08:43.015		0.62420			4
2024.09.20	00:09:05.448	0.62334				2
2024.09.20	00:09:12.122	0.62338				2
2024.09.20	00:09:13.081	0.62341				2
2024.09.20	00:09:22.344	0.62347				2
2024.09.20	00:09:40.186	0.62363				2
2024.09.20	00:09:40.538	0.62347				2
2024.09.20	00:09:40.849	0.62363				2
2024.09.20	00:09:41.221	0.62347				2
2024.09.20	00:09:51.579		0.62420			4
2024.09.20	00:10:00.312	0.62347				2
2024.09.20	00:10:02.291	0.62349				2
2024.09.20	00:10:10.409	0.62347				2
2024.09.20	00:10:54.884		0.62420			4
2024.09.20	00:11:00.536	0.62347				2
2024.09.20	00:11:08.350	0.62348				2
2024.09.20	00:11:13.382		0.62403			4
2024.09.20	00:11:13.707		0.62420			4
2024.09.20	00:11:14.062		0.62403			4
2024.09.20	00:11:14.380		0.62420			4
2024.09.20	00:11:17.998	0.62347				2
2024.09.20	00:11:45.302	0.62348				2
2024.09.20	00:11:52.204	0.62347				2
2024.09.20	00:11:55.845		0.62401			4
2024.09.20	00:11:56.799		0.62420			4
2024.09.20	00:12:00.325	0.62347				2
2024.09.20	00:12:10.678	0.62348				2
2024.09.20	00:12:19.167	0.62367				2
2024.09.20	00:12:20.331	0.62348				2
2024.09.20	00:12:28.276		0.62456			4
2024.09.20	00:12:29.368		0.62451			4
2024.09.20	00:12:29.759		0.62444			4
2024.09.20	00:12:30.319	0.62350	0.62447			6
2024.09.20	00:12:30.940		0.62438			4
2024.09.20	00:12:38.111	0.62349	0.62436			6
2024.09.20	00:12:38.426	0.62348				2
2024.09.20	00:12:40.693	0.62349	0.62435			6
2024.09.20	00:12:47.999	0.62353	0.62442			6
2024.09.20	00:12:48.428		0.62445			4
2024.09.20	00:12:49.287	0.62351	0.62442			6
2024.09.20	00:12:51.491	0.62350	0.62437			6
2024.09.20	00:12:55.558	0.62351	0.62436			6
2024.09.20	00:12:58.868	0.62355	0.62434			6
2024.09.20	00:13:00.595	0.62350	0.62433			6
2024.09.20	00:13:05.383		0.62432			4
2024.09.20	00:13:05.740	0.62351	0.62430			6
2024.09.20	00:13:09.094	0.62350	0.62429			6
2024.09.20	00:13:19.095	0.62352				2
2024.09.20	00:13:20.676	0.62350				2
2024.09.20	00:13:29.096	0.62348	0.62434			6
2024.09.20	00:13:30.121	0.62349	0.62428			6
2024.09.20	00:13:39.313		0.62427			4
2024.09.20	00:13:43.777		0.62425			4
2024.09.20	00:13:49.520		0.62426			4
2024.09.20	00:13:52.368		0.62436			4
2024.09.20	00:13:53.431	0.62348	0.62434			6
2024.09.20	00:13:59.737	0.62350	0.62429			6
2024.09.20	00:14:00.121	0.62350				2
2024.09.20	00:14:09.939	0.62349	0.62427			6
2024.09.20	00:14:20.157		0.62426			4
2024.09.20	00:14:29.398		0.62431			4
2024.09.20	00:14:30.361		0.62428			4
2024.09.20	00:14:40.360	0.62350	0.62427			6
2024.09.20	00:14:50.401	0.62349	0.62426			6
2024.09.20	00:14:50.706		0.62427			4
2024.09.20	00:14:59.763	0.62355	0.62430			6
2024.09.20	00:15:00.542	0.62355				2
2024.09.20	00:15:02.973	0.62354	0.62429			6
2024.09.20	00:15:06.958	0.62364	0.62427			6
2024.09.20	00:15:07.819		0.62429			4
2024.09.20	00:15:08.132		0.62428			4
2024.09.20	00:15:10.812		0.62429			4
2024.09.20	00:15:11.406		0.62428			4
2024.09.20	00:15:41.077		0.62431			4
2024.09.20	00:16:00.533	0.62364				2
2024.09.20	00:16:07.385	0.62367	0.62437			6
2024.09.20	00:16:08.388	0.62365	0.62434			6
2024.09.20	00:16:11.714		0.62435			4
2024.09.20	00:16:21.936	0.62364	0.62434			6
2024.09.20	00:16:32.154		0.62433			4
2024.09.20	00:16:52.430		0.62431			4
2024.09.20	00:17:02.608	0.62364				2
2024.09.20	00:17:52.644		0.62431			4
2024.09.20	00:18:00.912	0.62364				2
2024.09.20	00:18:56.192		0.62431			4
2024.09.20	00:19:00.533	0.62364				2
2024.09.20	00:19:05.110	0.62366				2
2024.09.20	00:19:36.185	0.62367	0.62432			6
2024.09.20	00:19:48.871		0.62436			4
2024.09.20	00:19:49.974		0.62434			4
2024.09.20	00:20:15.139	0.62367				2
2024.09.20	00:20:52.800		0.62434			4
2024.09.20	00:21:00.514	0.62367				2
2024.09.20	00:21:27.105		0.62435			4
2024.09.20	00:22:04.353	0.62367				2
2024.09.20	00:22:11.862	0.62384	0.62442			6
2024.09.20	00:22:12.793		0.62441			4
2024.09.20	00:22:13.203		0.62442			4
2024.09.20	00:22:17.051		0.62441			4
2024.09.20	00:22:21.295		0.62442			4
2024.09.20	00:22:21.934		0.62441			4
2024.09.20	00:22:22.642		0.62442			4
2024.09.20	00:22:32.841		0.62441			4
2024.09.20	00:22:33.647		0.62443			4
2024.09.20	00:22:35.741		0.62444			4
2024.09.20	00:22:37.940		0.62443			4
2024.09.20	00:22:40.986		0.62444			4
2024.09.20	00:22:52.343		0.62443			4
2024.09.20	00:22:59.849		0.62444			4
2024.09.20	00:23:01.878	0.62384				2
2024.09.20	00:23:40.253	0.62386				2
2024.09.20	00:23:46.044		0.62443			4
2024.09.20	00:24:07.942	0.62386				2
2024.09.20	00:24:21.741		0.62444			4
2024.09.20	00:24:23.781		0.62443			4
2024.09.20	00:24:46.044		0.62442			4
2024.09.20	00:25:01.991	0.62386				2
2024.09.20	00:25:04.435		0.62443			4
2024.09.20	00:25:12.099	0.62384				2
2024.09.20	00:25:42.494		0.62442			4
2024.09.20	00:25:48.994		0.62443			4
2024.09.20	00:25:52.699	0.62386				2
2024.09.20	00:25:55.232		0.62442			4
2024.09.20	00:26:02.760	0.62384				2
2024.09.20	00:26:06.259	0.62386	0.62444			6
2024.09.20	00:26:08.218	0.62385				2
2024.09.20	00:26:11.333	0.62384	0.62443			6
2024.09.20	00:26:12.336	0.62386	0.62442			6
2024.09.20	00:26:13.332	0.62387	0.62441			6
2024.09.20	00:26:14.334	0.62389	0.62439			6
2024.09.20	00:26:25.202	0.62385	0.62444			6
2024.09.20	00:26:30.009	0.62389	0.62439			6
2024.09.20	00:26:32.343	0.62390	0.62440			6
2024.09.20	00:26:33.444	0.62389				2
2024.09.20	00:26:36.501	0.62390				2
2024.09.20	00:26:43.390	0.62389				2
2024.09.20	00:26:57.871	0.62381	0.62439			6
2024.09.20	00:26:58.914	0.62380				2
2024.09.20	00:26:59.597		0.62438			4
2024.09.20	00:27:06.443	0.62380				2
2024.09.20	00:27:43.399	0.62378				2
2024.09.20	00:27:44.272	0.62377	0.62437			6
2024.09.20	00:27:48.051	0.62378	0.62438			6
2024.09.20	00:27:54.478	0.62377	0.62437			6
2024.09.20	00:27:58.920	0.62376	0.62436			6
2024.09.20	00:28:13.332	0.62377	0.62437			6
2024.09.20	00:28:27.765	0.62374	0.62431			6
2024.09.20	00:28:28.096	0.62373				2
2024.09.20	00:28:28.549	0.62372	0.62430			6
2024.09.20	00:28:35.406		0.62431			4
2024.09.20	00:28:38.058		0.62430			4
2024.09.20	00:28:47.807	0.62369	0.62419			6
2024.09.20	00:28:49.579		0.62420			4
2024.09.20	00:29:01.777	0.62367				2
2024.09.20	00:29:05.933	0.62366	0.62414			6
2024.09.20	00:29:06.239	0.62364				2
2024.09.20	00:29:23.633	0.62365				2
2024.09.20	00:29:25.479	0.62359				2
2024.09.20	00:29:25.787	0.62362	0.62412			6
2024.09.20	00:29:26.106	0.62360	0.62414			6
2024.09.20	00:29:26.740	0.62362				2
2024.09.20	00:29:27.059	0.62359				2
2024.09.20	00:29:27.360	0.62360				2
2024.09.20	00:29:29.545	0.62359				2
2024.09.20	00:29:33.757	0.62360	0.62409			6
2024.09.20	00:29:34.153	0.62359	0.62414			6
2024.09.20	00:29:34.468	0.62358				2
2024.09.20	00:29:34.782	0.62361				2
2024.09.20	00:29:35.093	0.62358				2
2024.09.20	00:29:35.417	0.62360				2
2024.09.20	00:29:35.725	0.62361	0.62410			6
2024.09.20	00:29:36.071	0.62359	0.62413			6
2024.09.20	00:29:36.441	0.62361				2
2024.09.20	00:29:36.758	0.62359				2
2024.09.20	00:29:38.307	0.62360	0.62414			6
2024.09.20	00:29:38.632	0.62359	0.62413			6
2024.09.20	00:29:38.941	0.62358				2
2024.09.20	00:29:39.243	0.62359				2
2024.09.20	00:29:39.579	0.62357	0.62411			6
2024.09.20	00:29:39.893	0.62358	0.62413			6
2024.09.20	00:29:42.716	0.62356	0.62410			6
2024.09.20	00:29:43.044		0.62411			4
2024.09.20	00:29:43.472	0.62355				2
2024.09.20	00:29:43.795	0.62358	0.62413			6
2024.09.20	00:29:44.119	0.62355	0.62404			6
2024.09.20	00:29:44.422	0.62351	0.62401			6
2024.09.20	00:29:44.726	0.62356	0.62404			6
2024.09.20	00:29:45.140	0.62354				2
2024.09.20	00:29:45.442	0.62355	0.62403			6
2024.09.20	00:29:45.746	0.62354				2
2024.09.20	00:29:46.064	0.62355	0.62404			6
2024.09.20	00:29:46.366	0.62353	0.62399			6
2024.09.20	00:29:46.682	0.62350	0.62398			6
2024.09.20	00:29:47.000	0.62351	0.62399			6
2024.09.20	00:29:47.606	0.62350				2
2024.09.20	00:29:47.940	0.62351				2
2024.09.20	00:29:48.241	0.62350	0.62398			6
2024.09.20	00:29:48.554	0.62351	0.62399			6
2024.09.20	00:29:48.940	0.62350	0.62398			6
2024.09.20	00:29:49.242		0.62399			4
2024.09.20	00:29:49.549	0.62348				2
2024.09.20	00:29:49.853	0.62349	0.62398			6
2024.09.20	00:29:50.161	0.62350				2
2024.09.20	00:29:50.464	0.62349	0.62399			6
2024.09.20	00:29:50.772		0.62398			4
2024.09.20	00:29:51.085	0.62348	0.62399			6
2024.09.20	00:29:51.386	0.62350				2
2024.09.20	00:29:52.593		0.62398			4
2024.09.20	00:29:53.269	0.62353	0.62399			6
2024.09.20	00:29:53.576	0.62351	0.62398			6
2024.09.20	00:29:53.900		0.62399			4
2024.09.20	00:29:54.957		0.62398			4
2024.09.20	00:29:55.306	0.62350	0.62399			6
2024.09.20	00:29:55.612	0.62352				2
2024.09.20	00:29:56.847	0.62351				2
2024.09.20	00:29:57.313	0.62352				2
2024.09.20	00:30:00.375	0.62350				2
2024.09.20	00:30:02.753	0.62355	0.62404			6
2024.09.20	00:30:03.060		0.62403			4
2024.09.20	00:30:03.403	0.62353				2
2024.09.20	00:30:03.713	0.62355	0.62406			6
2024.09.20	00:30:04.016	0.62358	0.62409			6
2024.09.20	00:30:04.334		0.62412			4
2024.09.20	00:30:13.301		0.62415			4
2024.09.20	00:30:13.602	0.62359				2
2024.09.20	00:30:14.243		0.62413			4
2024.09.20	00:30:14.544		0.62415			4
2024.09.20	00:30:24.497	0.62357	0.62409			6
2024.09.20	00:30:24.842		0.62408			4
2024.09.20	00:30:25.173	0.62355				2
2024.09.20	00:30:25.494	0.62358	0.62409			6
2024.09.20	00:30:25.802	0.62359				2
2024.09.20	00:30:26.101	0.62358	0.62408			6
2024.09.20	00:30:26.416	0.62355				2
2024.09.20	00:30:26.741	0.62357	0.62409			6
2024.09.20	00:30:27.055	0.62359				2
2024.09.20	00:30:27.370	0.62357	0.62403			6
2024.09.20	00:30:27.691	0.62353	0.62404			6
2024.09.20	00:30:28.000	0.62358	0.62409			6
2024.09.20	00:30:28.904	0.62357	0.62408			6
2024.09.20	00:30:29.221	0.62358	0.62409			6
2024.09.20	00:30:29.590		0.62408			4
2024.09.20	00:30:29.909	0.62355				2
2024.09.20	00:30:30.224		0.62409			4
2024.09.20	00:30:30.627	0.62356				2
2024.09.20	00:30:30.939		0.62408			4
2024.09.20	00:30:31.239		0.62409			4
2024.09.20	00:30:31.549	0.62358				2
2024.09.20	00:30:33.193	0.62357	0.62408			6
2024.09.20	00:30:33.509	0.62355	0.62409			6
2024.09.20	00:30:33.834	0.62356				2
2024.09.20	00:30:34.271		0.62408			4
2024.09.20	00:30:34.586		0.62409			4
2024.09.20	00:30:34.953	0.62359				2
2024.09.20	00:30:35.263	0.62358				2
2024.09.20	00:30:35.595	0.62357	0.62408			6
2024.09.20	00:30:35.907	0.62358	0.62409			6
2024.09.20	00:30:36.693	0.62357	0.62408			6
2024.09.20	00:30:37.001	0.62355				2
2024.09.20	00:30:37.351		0.62409			4
2024.09.20	00:30:37.655	0.62356				2
2024.09.20	00:30:37.957		0.62408			4
2024.09.20	00:30:38.302		0.62409			4
2024.09.20	00:30:38.604		0.62408			4
2024.09.20	00:30:38.907	0.62357				2
2024.09.20	00:30:39.230		0.62409			4
2024.09.20	00:30:39.537	0.62356				2
2024.09.20	00:30:39.855	0.62357				2
2024.09.20	00:30:40.594		0.62408			4
2024.09.20	00:30:41.259	0.62358	0.62409			6
2024.09.20	00:30:41.562	0.62359				2
2024.09.20	00:30:41.944		0.62408			4
2024.09.20	00:30:42.258	0.62358				2
2024.09.20	00:30:42.564	0.62355				2
2024.09.20	00:30:42.871	0.62357	0.62409			6
2024.09.20	00:30:43.184		0.62408			4
2024.09.20	00:30:43.802		0.62409			4
2024.09.20	00:30:44.408		0.62408			4
2024.09.20	00:30:44.716		0.62409			4
2024.09.20	00:30:45.026	0.62358	0.62408			6
2024.09.20	00:30:45.345		0.62409			4
2024.09.20	00:30:45.972	0.62357	0.62408			6
2024.09.20	00:30:46.278	0.62358	0.62409			6
2024.09.20	00:30:47.105		0.62408			4
2024.09.20	00:30:47.415	0.62357				2
2024.09.20	00:30:47.741	0.62360	0.62409			6
2024.09.20	00:30:48.042	0.62361				2
2024.09.20	00:30:48.343	0.62360	0.62408			6
2024.09.20	00:30:48.655	0.62356	0.62409			6
2024.09.20	00:30:48.955	0.62359	0.62408			6
2024.09.20	00:30:49.268	0.62358	0.62409			6
2024.09.20	00:30:49.607		0.62408			4
2024.09.20	00:30:49.929		0.62409			4
2024.09.20	00:30:50.755		0.62408			4
2024.09.20	00:30:51.061	0.62355				2
2024.09.20	00:30:51.364	0.62357				2
2024.09.20	00:30:51.667		0.62409			4
2024.09.20	00:30:52.304	0.62358				2
2024.09.20	00:30:53.105	0.62357	0.62408			6
2024.09.20	00:30:53.408	0.62358				2
2024.09.20	00:30:53.756	0.62359	0.62409			6
2024.09.20	00:30:54.375		0.62408			4
2024.09.20	00:30:55.319	0.62356	0.62409			6
2024.09.20	00:30:55.933	0.62357				2
2024.09.20	00:30:57.303	0.62358	0.62408			6
2024.09.20	00:30:57.626		0.62409			4
2024.09.20	00:30:58.694	0.62357				2
2024.09.20	00:31:00.002	0.62358				2
2024.09.20	00:31:00.311	0.62357	0.62408			6
2024.09.20	00:31:00.624		0.62409			4
2024.09.20	00:31:01.247	0.62358				2
2024.09.20	00:31:01.565	0.62357				2
2024.09.20	00:31:01.894		0.62408			4
2024.09.20	00:31:02.196	0.62358	0.62409			6
2024.09.20	00:31:02.501	0.62357				2
2024.09.20	00:31:02.804	0.62358	0.62408			6
2024.09.20	00:31:03.112		0.62409			4
2024.09.20	00:31:03.423		0.62408			4
2024.09.20	00:31:03.740	0.62357	0.62409			6
2024.09.20	00:31:05.004	0.62358				2
2024.09.20	00:31:05.797		0.62408			4
2024.09.20	00:31:06.103		0.62409			4
2024.09.20	00:31:06.431		0.62408			4
2024.09.20	00:31:06.745		0.62409			4
2024.09.20	00:31:07.741		0.62408			4
2024.09.20	00:31:08.048	0.62359				2
2024.09.20	00:31:08.350		0.62409			4
2024.09.20	00:31:09.092	0.62358	0.62408			6
2024.09.20	00:31:09.410	0.62359				2
2024.09.20	00:31:09.746		0.62409			4
2024.09.20	00:31:10.151	0.62358				2
2024.09.20	00:31:10.487	0.62359				2
2024.09.20	00:31:10.795	0.62358	0.62408			6
2024.09.20	00:31:11.103		0.62409			4
2024.09.20	00:31:12.244		0.62408			4
2024.09.20	00:31:12.551	0.62359				2
2024.09.20	00:31:12.869		0.62409			4
2024.09.20	00:31:13.501	0.62358				2
2024.09.20	00:31:14.121	0.62359				2
2024.09.20	00:31:14.770	0.62358				2
2024.09.20	00:31:15.383	0.62359	0.62408			6
2024.09.20	00:31:15.741	0.62357	0.62409			6
2024.09.20	00:31:16.044	0.62358				2
2024.09.20	00:31:16.741		0.62408			4
2024.09.20	00:31:17.041	0.62359				2
2024.09.20	00:31:17.350		0.62409			4
2024.09.20	00:31:18.017	0.62358				2
2024.09.20	00:31:18.641	0.62359				2
2024.09.20	00:31:18.981		0.62408			4
2024.09.20	00:31:19.342	0.62358				2
2024.09.20	00:31:20.597		0.62409			4
2024.09.20	00:31:22.392	0.62357				2
2024.09.20	00:31:22.887	0.62356				2
2024.09.20	00:31:26.506	0.62354				2
2024.09.20	00:31:26.808	0.62356				2
2024.09.20	00:31:27.762	0.62354				2
2024.09.20	00:31:28.064	0.62357				2
2024.09.20	00:31:28.701	0.62353				2
2024.09.20	00:31:29.011	0.62356				2
2024.09.20	00:31:35.842	0.62355				2
2024.09.20	00:31:37.385		0.62408			4
2024.09.20	00:31:42.970	0.62351	0.62407			6
2024.09.20	00:31:43.276	0.62355	0.62408			6
2024.09.20	00:31:43.623	0.62356				2
2024.09.20	00:31:43.956	0.62350	0.62407			6
2024.09.20	00:31:44.297	0.62354	0.62408			6
2024.09.20	00:31:44.601	0.62357				2
2024.09.20	00:31:44.901	0.62350	0.62407			6
2024.09.20	00:31:45.236	0.62354	0.62408			6
2024.09.20	00:31:45.559	0.62355				2
2024.09.20	00:31:45.873		0.62407			4
2024.09.20	00:31:46.201	0.62351	0.62408			6
2024.09.20	00:31:46.547	0.62355				2
2024.09.20	00:31:47.211	0.62352				2
2024.09.20	00:31:48.952	0.62355				2
2024.09.20	00:31:49.277	0.62356				2
2024.09.20	00:31:49.591	0.62355				2
2024.09.20	00:31:50.015	0.62356				2
2024.09.20	00:31:50.332	0.62352				2
2024.09.20	00:31:50.645	0.62354				2
2024.09.20	00:31:52.693	0.62351				2
2024.09.20	00:31:53.003	0.62352				2
2024.09.20	00:31:54.006	0.62355				2
2024.09.20	00:31:55.061	0.62353				2
2024.09.20	00:31:55.364	0.62354				2
2024.09.20	00:31:56.166	0.62351				2
2024.09.20	00:31:56.842	0.62352				2
2024.09.20	00:31:57.200	0.62353				2
2024.09.20	00:31:57.502	0.62355				2
2024.09.20	00:31:58.130		0.62409			4
2024.09.20	00:32:00.001	0.62355				2
2024.09.20	00:32:07.248	0.62356	0.62410			6
2024.09.20	00:32:07.563	0.62357				2
2024.09.20	00:32:14.098		0.62411			4
2024.09.20	00:32:20.524		0.62412			4
2024.09.20	00:32:33.482	0.62358	0.62413			6
2024.09.20	00:32:33.809	0.62359	0.62414			6
2024.09.20	00:32:35.456		0.62412			4
2024.09.20	00:32:35.779	0.62358				2
2024.09.20	00:33:00.101	0.62358				2
2024.09.20	00:33:00.868		0.62414			4
2024.09.20	00:33:01.198		0.62413			4
2024.09.20	00:33:04.342	0.62357				2
2024.09.20	00:33:12.060	0.62358	0.62414			6
2024.09.20	00:33:23.361	0.62357				2
2024.09.20	00:33:37.344	0.62356	0.62412			6
2024.09.20	00:33:37.777	0.62357				2
2024.09.20	00:33:47.394		0.62411			4
2024.09.20	00:34:00.674	0.62357				2
2024.09.20	00:34:05.604	0.62367	0.62413			6
2024.09.20	00:34:06.004		0.62417			4
2024.09.20	00:34:07.366	0.62364				2
2024.09.20	00:34:08.314	0.62365				2
2024.09.20	00:34:09.301		0.62416			4
2024.09.20	00:34:11.709		0.62417			4
2024.09.20	00:34:18.745	0.62366				2
2024.09.20	00:34:20.284	0.62365				2
2024.09.20	00:34:45.955	0.62366				2
2024.09.20	00:34:57.731	0.62364				2
2024.09.20	00:35:00.533	0.62364				2
2024.09.20	00:35:02.681	0.62366				2
2024.09.20	00:35:10.386	0.62368				2
2024.09.20	00:35:12.508	0.62369	0.62417			6
2024.09.20	00:35:13.001	0.62368				2
2024.09.20	00:35:18.855	0.62369				2
2024.09.20	00:35:31.343		0.62416			4
2024.09.20	00:36:09.148	0.62369				2
2024.09.20	00:36:22.126		0.62417			4
2024.09.20	00:36:24.458	0.62368				2
2024.09.20	00:36:30.441		0.62418			4
2024.09.20	00:37:00.183	0.62368				2
2024.09.20	00:37:24.209	0.62371				2
2024.09.20	00:37:24.918	0.62369				2
2024.09.20	00:37:30.534		0.62418			4
2024.09.20	00:37:51.444		0.62417			4
2024.09.20	00:38:14.263	0.62369				2
2024.09.20	00:38:27.179		0.62415			4
2024.09.20	00:38:37.607		0.62414			4
2024.09.20	00:38:44.732	0.62362				2
2024.09.20	00:38:45.117	0.62361	0.62409			6
2024.09.20	00:38:45.423		0.62411			4
2024.09.20	00:38:46.615		0.62412			4
2024.09.20	00:38:47.655		0.62411			4
2024.09.20	00:38:48.161	0.62360				2
2024.09.20	00:38:50.946	0.62362				2
2024.09.20	00:38:56.551	0.62361				2
2024.09.20	00:38:57.640		0.62412			4
2024.09.20	00:39:03.444	0.62361				2
2024.09.20	00:39:16.394	0.62360	0.62411			6
2024.09.20	00:39:18.615	0.62361				2
2024.09.20	00:39:22.354	0.62360				2
2024.09.20	00:39:50.243	0.62357	0.62412			6
2024.09.20	00:39:50.654		0.62411			4
2024.09.20	00:40:00.475	0.62357				2
2024.09.20	00:40:11.355		0.62410			4
2024.09.20	00:40:34.233	0.62355	0.62411			6
2024.09.20	00:40:34.656	0.62357				2
2024.09.20	00:40:35.428		0.62412			4
2024.09.20	00:40:37.540	0.62355				2
2024.09.20	00:40:37.845	0.62358				2
2024.09.20	00:40:38.190	0.62355				2
2024.09.20	00:40:38.502	0.62358	0.62413			6
2024.09.20	00:40:38.853	0.62356	0.62412			6
2024.09.20	00:40:39.738	0.62358				2
2024.09.20	00:40:45.020	0.62357				2
2024.09.20	00:40:45.869	0.62358	0.62413			6
2024.09.20	00:40:46.198	0.62356				2
2024.09.20	00:40:47.592	0.62358				2
2024.09.20	00:40:48.993	0.62356				2
2024.09.20	00:40:50.824		0.62412			4
2024.09.20	00:41:04.201	0.62359	0.62413			6
2024.09.20	00:41:04.523		0.62412			4
2024.09.20	00:41:05.509	0.62361				2
2024.09.20	00:41:06.011	0.62358	0.62413			6
2024.09.20	00:41:08.246	0.62359				2
2024.09.20	00:41:10.059	0.62358				2
2024.09.20	00:41:12.457	0.62361				2
2024.09.20	00:41:12.819	0.62358				2
2024.09.20	00:41:13.567	0.62360				2
2024.09.20	00:41:14.239	0.62363				2
2024.09.20	00:41:14.549	0.62358	0.62415			6
2024.09.20	00:41:14.873	0.62361				2
2024.09.20	00:41:15.238		0.62414			4
2024.09.20	00:41:16.347		0.62415			4
2024.09.20	00:41:22.336	0.62362				2
2024.09.20	00:41:22.662	0.62360				2
2024.09.20	00:41:30.702	0.62363				2
2024.09.20	00:41:31.087		0.62417			4
2024.09.20	00:41:31.416	0.62362				2
2024.09.20	00:41:31.845	0.62359				2
2024.09.20	00:41:41.506	0.62360				2
2024.09.20	00:41:44.344	0.62362	0.62418			6
2024.09.20	00:41:44.955	0.62361				2
2024.09.20	00:41:48.013		0.62417			4
2024.09.20	00:41:48.392	0.62360				2
2024.09.20	00:41:48.696	0.62361				2
2024.09.20	00:41:49.519	0.62360				2
2024.09.20	00:41:50.462	0.62361				2
2024.09.20	00:41:50.773	0.62360				2
2024.09.20	00:41:51.141	0.62361				2
2024.09.20	00:41:51.469		0.62418			4
2024.09.20	00:41:56.144	0.62364				2
2024.09.20	00:41:57.370		0.62417			4
2024.09.20	00:42:00.002	0.62364				2
2024.09.20	00:42:03.633		0.62418			4
2024.09.20	00:42:06.592		0.62417			4
2024.09.20	00:42:07.326		0.62419			4
2024.09.20	00:42:07.650		0.62418			4
2024.09.20	00:42:09.579		0.62420			4
2024.09.20	00:42:09.878		0.62419			4
2024.09.20	00:42:13.802		0.62418			4
2024.09.20	00:42:14.123		0.62420			4
2024.09.20	00:42:14.440		0.62419			4
2024.09.20	00:42:15.461		0.62420			4
2024.09.20	00:42:15.762	0.62365				2
2024.09.20	00:42:16.186	0.62364				2
2024.09.20	00:42:16.506	0.62365	0.62419			6
2024.09.20	00:42:17.018	0.62364	0.62422			6
2024.09.20	00:42:17.338	0.62367	0.62421			6
2024.09.20	00:42:17.695	0.62364				2
2024.09.20	00:42:18.007		0.62420			4
2024.09.20	00:42:18.308	0.62369	0.62422			6
2024.09.20	00:42:18.696	0.62368	0.62420			6
2024.09.20	00:42:19.007	0.62364				2
2024.09.20	00:42:19.320	0.62369				2
2024.09.20	00:42:20.008	0.62364				2
2024.09.20	00:42:20.324	0.62368				2
2024.09.20	00:42:21.430	0.62369				2
2024.09.20	00:42:21.762	0.62368	0.62421			6
2024.09.20	00:42:22.501	0.62364				2
2024.09.20	00:42:22.806	0.62369	0.62422			6
2024.09.20	00:42:23.199	0.62368	0.62420			6
2024.09.20	00:42:23.520	0.62366				2
2024.09.20	00:42:23.836	0.62369				2
2024.09.20	00:42:24.197	0.62368				2
2024.09.20	00:42:24.847	0.62369	0.62421			6
2024.09.20	00:42:25.192	0.62368	0.62422			6
2024.09.20	00:42:25.851		0.62421			4
2024.09.20	00:42:26.198		0.62420			4
2024.09.20	00:42:26.506	0.62369				2
2024.09.20	00:42:26.855		0.62422			4
2024.09.20	00:42:27.202		0.62420			4
2024.09.20	00:42:27.505	0.62364				2
2024.09.20	00:42:27.835	0.62368				2
2024.09.20	00:42:31.285	0.62369				2
2024.09.20	00:42:31.645	0.62367	0.62426			6
2024.09.20	00:42:31.964	0.62368	0.62425			6
2024.09.20	00:42:32.598	0.62366				2
2024.09.20	00:42:33.290	0.62365				2
2024.09.20	00:42:35.449		0.62423			4
2024.09.20	00:42:35.994	0.62364				2
2024.09.20	00:42:36.330	0.62365	0.62424			6
2024.09.20	00:42:40.009		0.62423			4
2024.09.20	00:42:40.707	0.62368	0.62424			6
2024.09.20	00:42:41.041		0.62423			4
2024.09.20	00:42:41.381		0.62426			4
2024.09.20	00:42:41.706		0.62429			4
2024.09.20	00:42:42.014		0.62428			4
2024.09.20	00:42:43.268	0.62369	0.62429			6
2024.09.20	00:42:44.195	0.62368	0.62428			6
2024.09.20	00:42:45.914	0.62369				2
2024.09.20	00:42:47.647	0.62370	0.62430			6
2024.09.20	00:42:47.952		0.62429			4
2024.09.20	00:42:48.255		0.62431			4
2024.09.20	00:42:48.561	0.62371				2
2024.09.20	00:42:48.862	0.62370	0.62430			6
2024.09.20	00:42:49.531		0.62429			4
2024.09.20	00:42:50.398		0.62428			4
2024.09.20	00:42:50.703		0.62429			4
2024.09.20	00:42:53.097	0.62371	0.62430			6
2024.09.20	00:42:53.548	0.62373	0.62432			6
2024.09.20	00:42:54.950	0.62372				2
2024.09.20	00:42:55.343	0.62371	0.62433			6
2024.09.20	00:42:55.749	0.62372	0.62432			6
2024.09.20	00:42:56.525	0.62371	0.62431			6
2024.09.20	00:42:56.940	0.62372				2
2024.09.20	00:42:57.663	0.62371				2
2024.09.20	00:42:58.562	0.62372				2
2024.09.20	00:43:00.423	0.62372	0.62430			6
2024.09.20	00:43:01.831		0.62432			4
2024.09.20	00:43:02.170	0.62373				2
2024.09.20	00:43:02.503		0.62430			4
2024.09.20	00:43:03.200		0.62432			4
2024.09.20	00:43:03.512	0.62372	0.62430			6
2024.09.20	00:43:04.543	0.62371	0.62433			6
2024.09.20	00:43:04.849		0.62432			4
2024.09.20	00:43:05.192	0.62372				2
2024.09.20	00:43:06.008		0.62430			4
2024.09.20	00:43:08.550	0.62373				2
2024.09.20	00:43:10.841	0.62372				2
2024.09.20	00:43:14.091		0.62431			4
2024.09.20	00:43:14.521	0.62371	0.62432			6
2024.09.20	00:43:15.161		0.62430			4
2024.09.20	00:43:15.787	0.62370				2
2024.09.20	00:43:19.147	0.62371				2
2024.09.20	00:43:19.462		0.62431			4
2024.09.20	00:43:19.766		0.62430			4
2024.09.20	00:43:20.096	0.62370				2
2024.09.20	00:43:20.401		0.62431			4
2024.09.20	00:43:31.358	0.62368	0.62426			6
2024.09.20	00:43:31.673		0.62425			4
2024.09.20	00:43:35.820		0.62426			4
2024.09.20	00:43:37.460		0.62427			4
2024.09.20	00:43:40.561		0.62426			4
2024.09.20	00:43:56.530	0.62367				2
2024.09.20	00:44:07.060	0.62368				2
2024.09.20	00:44:09.941	0.62367				2
2024.09.20	00:44:25.991	0.62366				2
2024.09.20	00:44:28.685	0.62359	0.62420			6
2024.09.20	00:44:28.987	0.62358	0.62421			6
2024.09.20	00:44:29.298	0.62356				2
2024.09.20	00:44:29.603	0.62357				2
2024.09.20	00:44:29.933	0.62356				2
2024.09.20	00:44:30.327	0.62358	0.62423			6
2024.09.20	00:44:30.650	0.62357				2
2024.09.20	00:44:31.002	0.62358				2
2024.09.20	00:44:33.053		0.62422			4
2024.09.20	00:44:38.503		0.62421			4
2024.09.20	00:44:39.010	0.62355	0.62419			6
2024.09.20	00:44:39.472		0.62418			4
2024.09.20	00:44:39.874	0.62354				2
2024.09.20	00:44:42.218		0.62417			4
2024.09.20	00:44:46.193		0.62414			4
2024.09.20	00:44:47.095	0.62353				2
2024.09.20	00:44:58.205	0.62354	0.62413			6
2024.09.20	00:44:59.316	0.62353	0.62412			6
2024.09.20	00:45:02.122	0.62353	0.62414			6
2024.09.20	00:45:04.040		0.62412			4
2024.09.20	00:45:06.657	0.62367	0.62398			6
2024.09.20	00:45:23.796	0.62363	0.62390			6
2024.09.20	00:45:24.100	0.62365	0.62400			6
2024.09.20	00:45:24.408	0.62366				2
2024.09.20	00:45:31.181	0.62367	0.62401			6
2024.09.20	00:45:32.103		0.62402			4
2024.09.20	00:45:57.348		0.62401			4
2024.09.20	00:46:29.696	0.62366	0.62402			6
2024.09.20	00:46:55.428	0.62367				2
2024.09.20	00:46:56.385	0.62366				2
2024.09.20	00:46:59.373	0.62365	0.62401			6
2024.09.20	00:47:00.691	0.62366				2
2024.09.20	00:47:11.672	0.62365	0.62400			6
2024.09.20	00:47:21.774		0.62401			4
2024.09.20	00:47:22.892		0.62400			4
2024.09.20	00:47:23.323		0.62401			4
2024.09.20	00:47:26.395	0.62366				2
2024.09.20	00:48:07.562	0.62365				2
2024.09.20	00:48:10.688	0.62369	0.62403			6
2024.09.20	00:48:11.164	0.62370				2
2024.09.20	00:48:13.079	0.62369	0.62404			6
2024.09.20	00:48:14.482	0.62368				2
2024.09.20	00:48:20.699	0.62367	0.62403			6
2024.09.20	00:48:23.126	0.62368	0.62404			6
2024.09.20	00:48:24.049	0.62370				2
2024.09.20	00:48:24.364		0.62405			4
2024.09.20	00:48:27.002	0.62369				2
2024.09.20	00:48:27.693	0.62370				2
2024.09.20	00:48:28.691	0.62369				2
2024.09.20	00:48:30.082	0.62370				2
2024.09.20	00:48:30.387		0.62404			4
2024.09.20	00:48:30.696	0.62369				2
2024.09.20	00:48:31.044	0.62370				2
2024.09.20	00:48:31.992		0.62403			4
2024.09.20	00:48:32.659	0.62368				2
2024.09.20	00:48:32.970	0.62370				2
2024.09.20	00:48:34.921	0.62368				2
2024.09.20	00:48:35.222	0.62369	0.62404			6
2024.09.20	00:48:36.040	0.62368				2
2024.09.20	00:48:39.081	0.62370	0.62406			6
2024.09.20	00:48:39.412	0.62369	0.62404			6
2024.09.20	00:48:40.728	0.62370	0.62405			6
2024.09.20	00:48:41.851	0.62369	0.62404			6
2024.09.20	00:48:42.292	0.62370	0.62405			6
2024.09.20	00:48:49.247	0.62369	0.62404			6
2024.09.20	00:48:53.598	0.62368	0.62403			6
2024.09.20	00:49:03.896	0.62368				2
2024.09.20	00:49:09.084	0.62369	0.62404			6
2024.09.20	00:49:10.047	0.62370	0.62405			6
2024.09.20	00:49:10.502	0.62369	0.62404			6
2024.09.20	00:49:11.110		0.62403			4
2024.09.20	00:49:11.713		0.62404			4
2024.09.20	00:49:12.888	0.62370	0.62405			6
2024.09.20	00:49:14.948	0.62369	0.62404			6
2024.09.20	00:49:20.590		0.62403			4
2024.09.20	00:49:22.423	0.62368				2
2024.09.20	00:49:24.250	0.62369				2
2024.09.20	00:49:26.721	0.62368				2
2024.09.20	00:49:29.504		0.62402			4
2024.09.20	00:49:30.448	0.62370	0.62404			6
2024.09.20	00:49:31.641	0.62369	0.62403			6
2024.09.20	00:49:34.062	0.62370	0.62404			6
2024.09.20	00:49:34.517	0.62369	0.62403			6
2024.09.20	00:49:34.847	0.62370	0.62404			6
2024.09.20	00:49:35.290	0.62369	0.62403			6
2024.09.20	00:49:35.595	0.62370	0.62404			6
2024.09.20	00:49:35.937	0.62369	0.62403			6
2024.09.20	00:49:36.997	0.62370	0.62404			6
2024.09.20	00:49:37.556	0.62371	0.62405			6
2024.09.20	00:49:40.082	0.62370	0.62404			6
2024.09.20	00:49:42.976	0.62371				2
2024.09.20	00:49:46.168	0.62370	0.62403			6
2024.09.20	00:50:08.388	0.62370	0.62404			6
2024.09.20	00:50:42.973	0.62371				2
2024.09.20	00:50:43.498		0.62403			4
2024.09.20	00:51:05.574	0.62371				2
2024.09.20	00:51:29.037	0.62370	0.62404			6
2024.09.20	00:51:29.397	0.62371	0.62403			6
2024.09.20	00:51:37.802		0.62404			4
2024.09.20	00:51:42.970	0.62370	0.62403			6
2024.09.20	00:52:20.284	0.62371				2
2024.09.20	00:52:20.603		0.62404			4
2024.09.20	00:52:20.922	0.62370	0.62405			6
2024.09.20	00:52:21.232		0.62403			4
2024.09.20	00:52:21.554		0.62404			4
2024.09.20	00:52:23.421		0.62403			4
2024.09.20	00:52:23.724	0.62369	0.62404			6
2024.09.20	00:52:24.032	0.62371	0.62402			6
2024.09.20	00:52:24.341	0.62370	0.62404			6
2024.09.20	00:52:24.645	0.62369	0.62402			6
2024.09.20	00:52:24.962	0.62370	0.62403			6
2024.09.20	00:52:25.266	0.62369	0.62404			6
2024.09.20	00:52:25.581	0.62372	0.62403			6
2024.09.20	00:52:25.882	0.62370	0.62404			6
2024.09.20	00:52:26.209	0.62371	0.62403			6
2024.09.20	00:52:26.511	0.62369				2
2024.09.20	00:52:28.383		0.62402			4
2024.09.20	00:52:29.001	0.62371				2
2024.09.20	00:52:29.304	0.62369				2
2024.09.20	00:52:29.922		0.62403			4
2024.09.20	00:52:30.225		0.62402			4
2024.09.20	00:52:38.601	0.62371				2
2024.09.20	00:52:38.902	0.62369	0.62403			6
2024.09.20	00:52:39.204	0.62370	0.62402			6
2024.09.20	00:52:39.543	0.62368				2
2024.09.20	00:52:39.847		0.62401			4
2024.09.20	00:52:40.164	0.62369				2
2024.09.20	00:52:40.481	0.62366	0.62400			6
2024.09.20	00:52:40.785		0.62398			4
2024.09.20	00:52:41.085	0.62367				2
2024.09.20	00:52:41.402	0.62366	0.62397			6
2024.09.20	00:52:42.695		0.62398			4
2024.09.20	00:52:44.099	0.62365				2
2024.09.20	00:52:44.402	0.62367				2
2024.09.20	00:52:44.722	0.62363	0.62400			6
2024.09.20	00:52:45.025		0.62402			4
2024.09.20	00:52:45.343	0.62373	0.62404			6
2024.09.20	00:52:45.646	0.62374				2
2024.09.20	00:52:47.849	0.62375	0.62405			6
2024.09.20	00:52:48.163	0.62374				2
2024.09.20	00:52:49.099		0.62406			4
2024.09.20	00:52:52.707		0.62407			4
2024.09.20	00:52:55.701	0.62375				2
2024.09.20	00:52:56.798	0.62376				2
2024.09.20	00:53:00.101	0.62376				2
2024.09.20	00:53:03.704	0.62377				2
2024.09.20	00:53:05.597		0.62408			4
2024.09.20	00:53:07.802		0.62407			4
2024.09.20	00:53:08.102		0.62408			4
2024.09.20	00:53:09.609	0.62375				2
2024.09.20	00:53:10.002	0.62376				2
2024.09.20	00:53:10.304	0.62374	0.62407			6
2024.09.20	00:53:11.998	0.62376				2
2024.09.20	00:53:24.605	0.62374				2
2024.09.20	00:53:36.702	0.62377				2
2024.09.20	00:53:37.003		0.62408			4
2024.09.20	00:53:37.496		0.62407			4
2024.09.20	00:53:40.797	0.62376				2
2024.09.20	00:53:41.105	0.62377				2
2024.09.20	00:53:41.902	0.62376				2
2024.09.20	00:53:42.206	0.62377				2
2024.09.20	00:53:42.996	0.62376	0.62406			6
2024.09.20	00:53:44.096	0.62378				2
2024.09.20	00:53:45.200	0.62377				2
2024.09.20	00:53:45.508		0.62407			4
2024.09.20	00:53:46.298		0.62406			4
2024.09.20	00:53:46.605		0.62407			4
2024.09.20	00:53:47.399		0.62406			4
2024.09.20	00:53:47.702		0.62407			4
2024.09.20	00:53:48.497	0.62378	0.62406			6
2024.09.20	00:53:48.805		0.62407			4
2024.09.20	00:53:49.597	0.62377	0.62406			6
2024.09.20	00:53:50.702	0.62384	0.62409			6
2024.09.20	00:53:51.003		0.62410			4
2024.09.20	00:53:52.651	0.62381	0.62412			6
2024.09.20	00:53:53.012	0.62384	0.62414			6
2024.09.20	00:53:53.996		0.62413			4
2024.09.20	00:53:54.303		0.62414			4
2024.09.20	00:53:55.097		0.62412			4
2024.09.20	00:53:56.199		0.62411			4
2024.09.20	00:53:56.503		0.62413			4
2024.09.20	00:53:57.297		0.62411			4
2024.09.20	00:53:57.609		0.62413			4
2024.09.20	00:53:58.397		0.62411			4
2024.09.20	00:53:58.703		0.62413			4
2024.09.20	00:53:59.496		0.62411			4
2024.09.20	00:53:59.804		0.62412			4
2024.09.20	00:54:00.298	0.62384				2
2024.09.20	00:54:00.602		0.62410			4
2024.09.20	00:54:00.935		0.62412			4
2024.09.20	00:54:01.699		0.62410			4
2024.09.20	00:54:02.010		0.62412			4
2024.09.20	00:54:02.800		0.62410			4
2024.09.20	00:54:03.105		0.62412			4
2024.09.20	00:54:03.901		0.62410			4
2024.09.20	00:54:04.201		0.62412			4
2024.09.20	00:54:05.015		0.62410			4
2024.09.20	00:54:06.403		0.62411			4
2024.09.20	00:54:07.022		0.62409			4
2024.09.20	00:54:07.341		0.62411			4
2024.09.20	00:54:08.099		0.62410			4
2024.09.20	00:54:09.401		0.62409			4
2024.09.20	00:54:09.716		0.62411			4
2024.09.20	00:54:10.501		0.62409			4
2024.09.20	00:54:10.801		0.62411			4
2024.09.20	00:54:11.431		0.62409			4
2024.09.20	00:54:11.739		0.62411			4
2024.09.20	00:54:12.696		0.62409			4
2024.09.20	00:54:13.002		0.62411			4
2024.09.20	00:54:13.781		0.62409			4
2024.09.20	00:54:14.082		0.62410			4
2024.09.20	00:54:14.901		0.62409			4
2024.09.20	00:54:15.201		0.62410			4
2024.09.20	00:54:16.367	0.62390	0.62417			6
2024.09.20	00:54:17.442	0.62391	0.62419			6
2024.09.20	00:54:18.348	0.62392	0.62422			6
2024.09.20	00:54:18.692		0.62420			4
2024.09.20	00:54:19.601	0.62391	0.62421			6
2024.09.20	00:54:19.902	0.62392	0.62420			6
2024.09.20	00:54:21.002	0.62393				2
2024.09.20	00:54:21.303	0.62391	0.62419			6
2024.09.20	00:54:22.703		0.62421			4
2024.09.20	00:54:23.014		0.62419			4
2024.09.20	00:54:23.886		0.62421			4
2024.09.20	00:54:24.533	0.62392				2
2024.09.20	00:54:24.841		0.62420			4
2024.09.20	00:54:25.141	0.62391				2
2024.09.20	00:54:25.473		0.62421			4
2024.09.20	00:54:27.601	0.62390				2
2024.09.20	00:54:27.901	0.62391				2
2024.09.20	00:54:28.352	0.62392				2
2024.09.20	00:54:28.899	0.62391	0.62422			6
2024.09.20	00:54:29.202		0.62421			4
2024.09.20	00:54:29.510	0.62392				2
2024.09.20	00:54:29.997	0.62391				2
2024.09.20	00:54:30.301	0.62392				2
2024.09.20	00:54:31.237	0.62391				2
2024.09.20	00:54:32.252		0.62422			4
2024.09.20	00:54:33.641	0.62390	0.62420			6
2024.09.20	00:54:33.957		0.62421			4
2024.09.20	00:54:34.496	0.62389	0.62420			6
2024.09.20	00:54:34.854	0.62391	0.62422			6
2024.09.20	00:54:35.162	0.62388	0.62418			6
2024.09.20	00:54:35.550	0.62389	0.62420			6
2024.09.20	00:54:36.006	0.62391				2
2024.09.20	00:54:36.310	0.62389				2
2024.09.20	00:54:36.623	0.62390	0.62418			6
2024.09.20	00:54:40.451	0.62392				2
2024.09.20	00:54:41.067	0.62390				2
2024.09.20	00:54:42.908	0.62389				2
2024.09.20	00:54:44.086	0.62388				2
2024.09.20	00:54:44.388	0.62390				2
2024.09.20	00:54:44.901	0.62391				2
2024.09.20	00:54:45.801	0.62390				2
2024.09.20	00:54:46.723	0.62391	0.62422			6
2024.09.20	00:54:47.068	0.62392	0.62424			6
2024.09.20	00:54:48.004		0.62425			4
2024.09.20	00:54:48.311		0.62424			4
2024.09.20	00:54:48.626	0.62394				2
2024.09.20	00:54:48.925	0.62393	0.62425			6
2024.09.20	00:54:49.811		0.62424			4
2024.09.20	00:54:51.031	0.62392				2
2024.09.20	00:55:00.231	0.62392				2
2024.09.20	00:55:03.449	0.62391	0.62423			6
2024.09.20	00:55:09.390	0.62392	0.62424			6
2024.09.20	00:55:09.898	0.62390	0.62423			6
2024.09.20	00:55:11.801	0.62389	0.62421			6
2024.09.20	00:55:25.015	0.62388	0.62420			6
2024.09.20	00:55:26.399		0.62421			4
2024.09.20	00:55:26.842	0.62385	0.62416			6
2024.09.20	00:55:27.670	0.62384				2
2024.09.20	00:55:28.397		0.62415			4
2024.09.20	00:55:28.730	0.62385				2
2024.09.20	00:55:30.530	0.62384				2
2024.09.20	00:55:33.099	0.62385				2
2024.09.20	00:55:34.195	0.62382	0.62410			6
2024.09.20	00:55:37.803	0.62381				2
2024.09.20	00:55:53.561	0.62379				2
2024.09.20	00:55:54.059		0.62409			4
2024.09.20	00:55:54.382		0.62408			4
2024.09.20	00:55:55.031		0.62409			4
2024.09.20	00:55:59.306		0.62408			4
2024.09.20	00:56:00.190	0.62383	0.62413			6
2024.09.20	00:56:00.499		0.62412			4
2024.09.20	00:56:01.554		0.62411			4
2024.09.20	00:56:02.339	0.62382	0.62412			6
2024.09.20	00:56:02.798	0.62383	0.62414			6
2024.09.20	00:56:03.438		0.62415			4
2024.09.20	00:56:04.101	0.62384	0.62413			6
2024.09.20	00:56:04.412	0.62391	0.62419			6
2024.09.20	00:56:04.725		0.62420			4
2024.09.20	00:56:05.030		0.62421			4
2024.09.20	00:56:05.675		0.62422			4
2024.09.20	00:56:05.976	0.62392	0.62421			6
2024.09.20	00:56:06.585		0.62422			4
2024.09.20	00:56:07.695	0.62393				2
2024.09.20	00:56:08.002	0.62392				2
2024.09.20	00:56:08.315	0.62390				2
2024.09.20	00:56:08.625	0.62392	0.62423			6
2024.09.20	00:56:08.934	0.62393	0.62422			6
2024.09.20	00:56:09.244		0.62423			4
2024.09.20	00:56:09.561	0.62392	0.62421			6
2024.09.20	00:56:09.865	0.62393				2
2024.09.20	00:56:10.178	0.62392	0.62424			6
2024.09.20	00:56:10.486	0.62393	0.62423			6
2024.09.20	00:56:10.838	0.62394				2
2024.09.20	00:56:11.697	0.62393	0.62424			6
2024.09.20	00:56:12.004	0.62394	0.62425			6
2024.09.20	00:56:12.314	0.62395				2
2024.09.20	00:56:12.623		0.62429			4
2024.09.20	00:56:12.942	0.62394	0.62428			6
2024.09.20	00:56:13.246	0.62395				2
2024.09.20	00:56:13.546		0.62429			4
2024.09.20	00:56:13.862		0.62427			4
2024.09.20	00:56:14.165		0.62429			4
2024.09.20	00:56:14.500	0.62394	0.62428			6
2024.09.20	00:56:14.801	0.62395	0.62430			6
2024.09.20	00:56:15.102	0.62392	0.62428			6
2024.09.20	00:56:15.413	0.62395				2
2024.09.20	00:56:15.721	0.62397	0.62430			6
2024.09.20	00:56:16.022	0.62395	0.62429			6
2024.09.20	00:56:16.331	0.62396	0.62427			6
2024.09.20	00:56:16.637	0.62395	0.62428			6
2024.09.20	00:56:16.947		0.62427			4
2024.09.20	00:56:17.256		0.62428			4
2024.09.20	00:56:17.564	0.62394				2
2024.09.20	00:56:17.870	0.62395	0.62427			6
2024.09.20	00:56:18.172	0.62393				2
2024.09.20	00:56:18.803	0.62392				2
2024.09.20	00:56:19.121	0.62394				2
2024.09.20	00:56:19.424	0.62391	0.62426			6
2024.09.20	00:56:19.731	0.62392	0.62424			6
2024.09.20	00:56:20.359	0.62393	0.62425			6
2024.09.20	00:56:20.801	0.62392	0.62426			6
2024.09.20	00:56:21.102	0.62390	0.62424			6
2024.09.20	00:56:21.418	0.62392	0.62427			6
2024.09.20	00:56:21.724	0.62391	0.62425			6
2024.09.20	00:56:22.029	0.62393				2
2024.09.20	00:56:22.641	0.62392				2
2024.09.20	00:56:22.945	0.62393	0.62427			6
2024.09.20	00:56:23.368	0.62390	0.62424			6
2024.09.20	00:56:23.725	0.62395	0.62429			6
2024.09.20	00:56:24.030		0.62428			4
2024.09.20	00:56:24.342		0.62427			4
2024.09.20	00:56:24.643		0.62428			4
2024.09.20	00:56:24.959		0.62429			4
2024.09.20	00:56:25.262	0.62393	0.62428			6
2024.09.20	00:56:25.574	0.62390	0.62424			6
2024.09.20	00:56:34.641	0.62388	0.62423			6
2024.09.20	00:56:35.014	0.62389	0.62422			6
2024.09.20	00:56:37.622		0.62423			4
2024.09.20	00:56:41.628	0.62388	0.62422			6
2024.09.20	00:56:42.012	0.62389	0.62423			6
2024.09.20	00:56:47.377	0.62388	0.62422			6
2024.09.20	00:56:47.756		0.62423			4
2024.09.20	00:57:00.522	0.62388	0.62422			6
2024.09.20	00:57:06.052	0.62387	0.62421			6
2024.09.20	00:57:17.318	0.62386				2
2024.09.20	00:57:30.433	0.62387				2
2024.09.20	00:57:31.452	0.62386				2
2024.09.20	00:57:34.714	0.62387				2
2024.09.20	00:57:40.361	0.62386				2
2024.09.20	00:57:40.768		0.62418			4
2024.09.20	00:57:41.821	0.62385				2
2024.09.20	00:57:42.909	0.62386				2
2024.09.20	00:57:44.203		0.62419			4
2024.09.20	00:57:47.693		0.62420			4
2024.09.20	00:57:52.631		0.62419			4
2024.09.20	00:58:00.221	0.62386				2
2024.09.20	00:58:06.181	0.62385				2
2024.09.20	00:58:06.934		0.62420			4
2024.09.20	00:58:07.309	0.62388				2
2024.09.20	00:58:10.789	0.62385				2
2024.09.20	00:58:16.341		0.62419			4
2024.09.20	00:58:18.029	0.62384	0.62418			6
2024.09.20	00:58:19.052	0.62385	0.62419			6
2024.09.20	00:58:22.761	0.62384	0.62418			6
2024.09.20	00:58:23.082		0.62419			4
2024.09.20	00:58:23.395	0.62385	0.62420			6
2024.09.20	00:58:23.702	0.62384	0.62419			6
2024.09.20	00:58:25.368	0.62385				2
2024.09.20	00:58:27.402		0.62420			4
2024.09.20	00:58:27.703		0.62421			4
2024.09.20	00:58:28.341	0.62384	0.62418			6
2024.09.20	00:58:28.972	0.62383				2
2024.09.20	00:58:30.219	0.62384				2
2024.09.20	00:58:33.941	0.62383				2
2024.09.20	00:58:34.872	0.62384	0.62419			6
2024.09.20	00:58:35.785	0.62385				2
2024.09.20	00:58:36.107	0.62383	0.62418			6
2024.09.20	00:58:36.598	0.62382	0.62416			6
2024.09.20	00:58:36.912	0.62379	0.62414			6
2024.09.20	00:58:37.564	0.62380	0.62413			6
2024.09.20	00:58:38.188		0.62415			4
2024.09.20	00:58:38.963		0.62414			4
2024.09.20	00:58:39.281	0.62377	0.62412			6
2024.09.20	00:58:39.610	0.62378	0.62413			6
2024.09.20	00:58:41.255	0.62379	0.62414			6
2024.09.20	00:58:41.711		0.62413			4
2024.09.20	00:58:43.100	0.62378	0.62412			6
2024.09.20	00:58:43.409		0.62411			4
2024.09.20	00:58:44.383	0.62379	0.62412			6
2024.09.20	00:58:45.712	0.62380				2
2024.09.20	00:58:51.238	0.62381	0.62413			6
2024.09.20	00:58:58.424		0.62412			4
2024.09.20	00:59:01.572	0.62381				2
2024.09.20	00:59:05.823	0.62380				2
2024.09.20	00:59:16.984	0.62379				2
2024.09.20	00:59:21.441	0.62378				2
2024.09.20	00:59:24.580	0.62379				2
2024.09.20	00:59:25.180	0.62378				2
2024.09.20	00:59:26.745		0.62411			4
2024.09.20	00:59:27.081		0.62412			4
2024.09.20	00:59:27.571	0.62377	0.62411			6
2024.09.20	00:59:27.957	0.62376				2
2024.09.20	00:59:28.634	0.62377				2
2024.09.20	00:59:34.208	0.62378	0.62412			6
2024.09.20	00:59:44.649	0.62377				2
2024.09.20	00:59:46.903		0.62411			4
2024.09.20	01:00:00.395	0.62379	0.62415			6
2024.09.20	01:00:00.703	0.62377	0.62408			6
2024.09.20	01:00:01.017	0.62385	0.62410			6
2024.09.20	01:00:01.350	0.62376	0.62409			6
2024.09.20	01:00:02.400		0.62411			4
2024.09.20	01:00:03.105		0.62410			4
2024.09.20	01:00:03.958	0.62375				2
2024.09.20	01:00:05.983	0.62376				2
2024.09.20	01:00:06.289	0.62375	0.62409			6
2024.09.20	01:00:06.896	0.62376	0.62410			6
2024.09.20	01:00:10.306	0.62379				2
2024.09.20	01:00:10.641		0.62411			4
2024.09.20	01:00:10.944	0.62381	0.62413			6
2024.09.20	01:00:11.489	0.62379	0.62409			6
2024.09.20	01:00:11.820		0.62411			4
2024.09.20	01:00:12.185	0.62378	0.62412			6
2024.09.20	01:00:12.519	0.62380	0.62413			6
2024.09.20	01:00:15.185	0.62381				2
2024.09.20	01:00:20.778	0.62383				2
2024.09.20	01:00:22.421	0.62380				2
2024.09.20	01:00:24.431	0.62381				2
2024.09.20	01:00:24.793	0.62380	0.62412			6
2024.09.20	01:00:29.802	0.62379				2
2024.09.20	01:00:32.840	0.62378	0.62410			6
2024.09.20	01:00:33.714	0.62379	0.62411			6
2024.09.20	01:00:34.019		0.62408			4
2024.09.20	01:00:35.154	0.62378				2
2024.09.20	01:00:35.466	0.62379	0.62407			6
2024.09.20	01:00:35.771		0.62409			4
2024.09.20	01:00:36.596		0.62408			4
2024.09.20	01:00:36.991	0.62378				2
2024.09.20	01:00:37.755		0.62407			4
2024.09.20	01:00:38.062		0.62408			4
2024.09.20	01:00:38.365	0.62381				2
2024.09.20	01:00:38.737	0.62382	0.62411			6
2024.09.20	01:00:39.428	0.62383	0.62412			6
2024.09.20	01:00:40.329	0.62385				2
2024.09.20	01:00:41.979	0.62384	0.62411			6
2024.09.20	01:00:44.410		0.62410			4
2024.09.20	01:00:45.572	0.62385	0.62411			6
2024.09.20	01:00:45.883		0.62410			4
2024.09.20	01:00:46.362	0.62384				2
2024.09.20	01:00:47.985		0.62409			4
2024.09.20	01:00:48.479	0.62382	0.62408			6
2024.09.20	01:00:49.045	0.62383				2
2024.09.20	01:00:49.364	0.62384	0.62410			6
2024.09.20	01:00:49.763	0.62382	0.62407			6
2024.09.20	01:00:50.199	0.62383	0.62409			6
2024.09.20	01:00:50.775	0.62382	0.62408			6
2024.09.20	01:00:51.555	0.62384	0.62410			6
2024.09.20	01:00:51.864		0.62408			4
2024.09.20	01:00:52.175	0.62383	0.62407			6
2024.09.20	01:00:52.544		0.62408			4
2024.09.20	01:00:53.844	0.62381	0.62406			6
2024.09.20	01:00:54.621		0.62407			4
2024.09.20	01:00:55.318	0.62382				2
2024.09.20	01:00:55.667		0.62406			4
2024.09.20	01:00:56.003		0.62407			4
2024.09.20	01:00:56.975	0.62381				2
2024.09.20	01:00:57.541		0.62406			4
2024.09.20	01:00:57.862	0.62384	0.62408			6
2024.09.20	01:00:58.163	0.62382	0.62407			6
2024.09.20	01:00:58.468	0.62384	0.62410			6
2024.09.20	01:00:58.781	0.62382	0.62407			6
2024.09.20	01:00:59.147	0.62383	0.62409			6
2024.09.20	01:00:59.524		0.62408			4
2024.09.20	01:01:00.027	0.62383				2
2024.09.20	01:01:01.040	0.62384	0.62409			6
2024.09.20	01:01:01.710	0.62383	0.62408			6
2024.09.20	01:01:02.726	0.62389	0.62412			6
2024.09.20	01:01:03.039		0.62413			4
2024.09.20	01:01:03.648		0.62414			4
2024.09.20	01:01:04.335		0.62415			4
2024.09.20	01:01:05.341	0.62390				2
2024.09.20	01:01:06.430	0.62393				2
2024.09.20	01:01:08.422	0.62395				2
2024.09.20	01:01:08.836	0.62394				2
2024.09.20	01:01:09.254	0.62391				2
2024.09.20	01:01:09.698	0.62395				2
2024.09.20	01:01:11.740	0.62392				2
2024.09.20	01:01:12.174	0.62390				2
2024.09.20	01:01:12.521	0.62394				2
2024.09.20	01:01:13.722		0.62416			4
2024.09.20	01:01:14.353	0.62393				2
2024.09.20	01:01:16.928	0.62394				2
2024.09.20	01:01:23.345	0.62393	0.62418			6
2024.09.20	01:01:24.326	0.62394				2
2024.09.20	01:01:24.728	0.62397	0.62422			6
2024.09.20	01:01:25.031	0.62396	0.62421			6
2024.09.20	01:01:25.342	0.62397				2
2024.09.20	01:01:26.569	0.62396	0.62419			6
2024.09.20	01:01:26.883		0.62420			4
2024.09.20	01:01:27.183	0.62397	0.62421			6
2024.09.20	01:01:28.449	0.62396	0.62420			6
2024.09.20	01:01:28.757		0.62419			4
2024.09.20	01:01:29.060		0.62420			4
2024.09.20	01:01:29.363	0.62397	0.62421			6
2024.09.20	01:01:29.727	0.62396	0.62419			6
2024.09.20	01:01:30.042	0.62397	0.62421			6
2024.09.20	01:01:30.376	0.62396				2
2024.09.20	01:01:30.681		0.62419			4
2024.09.20	01:01:31.286	0.62397	0.62421			6
2024.09.20	01:01:31.603	0.62396	0.62418			6
2024.09.20	01:01:31.913	0.62397	0.62421			6
2024.09.20	01:01:32.351	0.62395	0.62418			6
2024.09.20	01:01:32.664	0.62396	0.62419			6
2024.09.20	01:01:35.474		0.62420			4
2024.09.20	01:01:36.083	0.62395	0.62419			6
2024.09.20	01:01:36.396	0.62397	0.62421			6
2024.09.20	01:01:37.466	0.62394	0.62417			6
2024.09.20	01:01:37.782	0.62395	0.62418			6
2024.09.20	01:01:38.085	0.62394				2
2024.09.20	01:01:39.025	0.62395	0.62419			6
2024.09.20	01:01:39.993		0.62418			4
2024.09.20	01:01:41.394	0.62394				2
2024.09.20	01:01:44.562	0.62393	0.62417			6
2024.09.20	01:01:45.472		0.62416			4
2024.09.20	01:01:46.084	0.62389	0.62408			6
2024.09.20	01:01:47.281		0.62406			4
2024.09.20	01:01:48.332		0.62405			4
2024.09.20	01:01:49.028	0.62394	0.62417			6
2024.09.20	01:01:49.340	0.62395	0.62419			6
2024.09.20	01:01:49.642	0.62394	0.62418			6
2024.09.20	01:01:50.096	0.62395	0.62419			6
2024.09.20	01:01:50.711	0.62394	0.62418			6
2024.09.20	01:01:51.092	0.62395				2
2024.09.20	01:01:51.531	0.62396	0.62419			6
2024.09.20	01:01:51.863	0.62395				2
2024.09.20	01:01:53.102	0.62394	0.62418			6
2024.09.20	01:01:53.422		0.62417			4
2024.09.20	01:02:00.365	0.62394				2
2024.09.20	01:02:03.122		0.62418			4
2024.09.20	01:02:05.626		0.62417			4
2024.09.20	01:02:05.982	0.62395	0.62418			6
2024.09.20	01:02:10.338	0.62397				2
2024.09.20	01:02:10.945		0.62419			4
2024.09.20	01:02:11.344		0.62417			4
2024.09.20	01:02:11.651		0.62419			4
2024.09.20	01:02:12.060		0.62420			4
2024.09.20	01:02:12.440		0.62419			4
2024.09.20	01:02:20.961	0.62393	0.62416			6
2024.09.20	01:02:22.024	0.62395	0.62417			6
2024.09.20	01:02:22.733	0.62394	0.62415			6
2024.09.20	01:02:23.100	0.62395	0.62416			6
2024.09.20	01:02:23.402	0.62394				2
2024.09.20	01:02:24.374		0.62415			4
2024.09.20	01:02:24.922	0.62393				2
2024.09.20	01:02:43.602	0.62391	0.62412			6
2024.09.20	01:02:45.271	0.62388	0.62405			6
2024.09.20	01:02:45.624	0.62387				2
2024.09.20	01:02:46.055		0.62404			4
2024.09.20	01:02:46.584		0.62405			4
2024.09.20	01:02:50.312		0.62406			4
2024.09.20	01:02:51.962		0.62405			4
2024.09.20	01:02:53.697		0.62406			4
2024.09.20	01:02:55.037	0.62391	0.62414			6
2024.09.20	01:02:55.341	0.62393	0.62415			6
2024.09.20	01:02:56.013	0.62395	0.62416			6
2024.09.20	01:02:56.325	0.62394				2
2024.09.20	01:02:56.630		0.62415			4
2024.09.20	01:02:56.955		0.62416			4
2024.09.20	01:02:57.871	0.62395	0.62415			6
2024.09.20	01:02:58.823	0.62398	0.62417			6
2024.09.20	01:02:59.143	0.62397				2
2024.09.20	01:02:59.525	0.62396				2
2024.09.20	01:02:59.847		0.62418			4
2024.09.20	01:03:00.162	0.62396				2
2024.09.20	01:03:00.597	0.62397	0.62419			6
2024.09.20	01:03:00.907		0.62418			4
2024.09.20	01:03:01.234	0.62396				2
2024.09.20	01:03:01.550	0.62397	0.62419			6
2024.09.20	01:03:02.491	0.62398	0.62418			6
2024.09.20	01:03:02.798	0.62396				2
2024.09.20	01:03:03.186	0.62395				2
2024.09.20	01:03:03.505		0.62417			4
2024.09.20	01:03:03.805	0.62394				2
2024.09.20	01:03:04.422		0.62416			4
2024.09.20	01:03:04.741	0.62395	0.62418			6
2024.09.20	01:03:05.047	0.62396	0.62419			6
2024.09.20	01:03:05.355	0.62394	0.62416			6
2024.09.20	01:03:05.665	0.62393	0.62417			6
2024.09.20	01:03:05.970	0.62394	0.62418			6
2024.09.20	01:03:06.281		0.62417			4
2024.09.20	01:03:06.583	0.62395				2
2024.09.20	01:03:06.900		0.62418			4
2024.09.20	01:03:07.524	0.62394				2
2024.09.20	01:03:07.825	0.62393	0.62416			6
2024.09.20	01:03:08.154	0.62394	0.62417			6
2024.09.20	01:03:08.461		0.62418			4
2024.09.20	01:03:09.074	0.62393	0.62416			6
2024.09.20	01:03:09.381	0.62394	0.62417			6
2024.09.20	01:03:09.992		0.62418			4
2024.09.20	01:03:10.295	0.62393	0.62416			6
2024.09.20	01:03:10.601	0.62394	0.62417			6
2024.09.20	01:03:10.905	0.62393	0.62416			6
2024.09.20	01:03:11.216	0.62398	0.62434			6
2024.09.20	01:03:11.521	0.62407				2
2024.09.20	01:03:11.922	0.62408	0.62433			6
2024.09.20	01:03:12.361		0.62434			4
2024.09.20	01:03:12.672	0.62411	0.62435			6
2024.09.20	01:03:12.978	0.62409				2
2024.09.20	01:03:13.280		0.62436			4
2024.09.20	01:03:13.584	0.62410				2
2024.09.20	01:03:13.887	0.62408	0.62437			6
2024.09.20	01:03:14.195	0.62410	0.62436			6
2024.09.20	01:03:15.123	0.62411				2
2024.09.20	01:03:15.433	0.62408	0.62437			6
2024.09.20	01:03:15.776	0.62409				2
2024.09.20	01:03:16.080	0.62410	0.62436			6
2024.09.20	01:03:16.408	0.62409				2
2024.09.20	01:03:16.728	0.62410	0.62437			6
2024.09.20	01:03:17.035	0.62409	0.62436			6
2024.09.20	01:03:17.372	0.62410	0.62437			6
2024.09.20	01:03:17.746	0.62409				2
2024.09.20	01:03:18.060	0.62410				2
2024.09.20	01:03:18.760	0.62409	0.62436			6
2024.09.20	01:03:19.061	0.62406	0.62440			6
2024.09.20	01:03:19.401	0.62408	0.62436			6
2024.09.20	01:03:19.701	0.62406	0.62434			6
2024.09.20	01:03:20.040	0.62405	0.62440			6
2024.09.20	01:03:20.644	0.62407	0.62439			6
2024.09.20	01:03:21.258	0.62406	0.62436			6
2024.09.20	01:03:21.561	0.62405	0.62439			6
2024.09.20	01:03:21.878		0.62438			4
2024.09.20	01:03:22.182	0.62407	0.62435			6
2024.09.20	01:03:22.487	0.62406				2
2024.09.20	01:03:22.788	0.62405	0.62439			6
2024.09.20	01:03:23.109	0.62404	0.62438			6
2024.09.20	01:03:23.424	0.62406				2
2024.09.20	01:03:23.739	0.62404				2
2024.09.20	01:03:24.041	0.62405				2
2024.09.20	01:03:24.347	0.62404	0.62439			6
2024.09.20	01:03:24.681	0.62406	0.62437			6
2024.09.20	01:03:24.989		0.62439			4
2024.09.20	01:03:25.301	0.62404				2
2024.09.20	01:03:25.645	0.62405				2
2024.09.20	01:03:25.945	0.62404	0.62438			6
2024.09.20	01:03:26.271	0.62405				2
2024.09.20	01:03:28.044	0.62404				2
2024.09.20	01:03:28.496	0.62405				2
2024.09.20	01:03:30.952	0.62404	0.62436			6
2024.09.20	01:03:31.858		0.62435			4
2024.09.20	01:03:32.462	0.62407	0.62436			6
2024.09.20	01:03:32.770	0.62405				2
2024.09.20	01:03:33.082	0.62403	0.62435			6
2024.09.20	01:03:33.692	0.62407	0.62436			6
2024.09.20	01:03:34.002	0.62405	0.62435			6
2024.09.20	01:03:34.320	0.62406				2
2024.09.20	01:03:34.621	0.62404				2
2024.09.20	01:03:35.543	0.62402				2
2024.09.20	01:03:35.861	0.62403				2
2024.09.20	01:03:36.163	0.62402				2
2024.09.20	01:03:36.468	0.62417				2
2024.09.20	01:03:36.781	0.62407	0.62440			6
2024.09.20	01:03:37.082		0.62434			4
2024.09.20	01:03:37.398		0.62435			4
2024.09.20	01:03:37.702		0.62436			4
2024.09.20	01:03:38.023	0.62405				2
2024.09.20	01:03:38.341	0.62404	0.62435			6
2024.09.20	01:03:38.945	0.62405	0.62436			6
2024.09.20	01:03:39.659		0.62434			4
2024.09.20	01:03:39.961		0.62436			4
2024.09.20	01:03:40.265		0.62435			4
2024.09.20	01:03:40.568		0.62434			4
2024.09.20	01:03:41.181	0.62406	0.62436			6
2024.09.20	01:03:41.584	0.62405	0.62433			6
2024.09.20	01:03:41.887		0.62436			4
2024.09.20	01:03:42.499		0.62434			4
2024.09.20	01:03:43.102	0.62409	0.62435			6
2024.09.20	01:03:43.411		0.62438			4
2024.09.20	01:03:44.342	0.62410				2
2024.09.20	01:03:44.949		0.62437			4
2024.09.20	01:03:45.264		0.62438			4
2024.09.20	01:03:46.189		0.62436			4
2024.09.20	01:03:46.505		0.62435			4
2024.09.20	01:03:46.807	0.62409	0.62436			6
2024.09.20	01:03:47.109	0.62408				2
2024.09.20	01:03:47.423	0.62409	0.62435			6
2024.09.20	01:03:47.725		0.62437			4
2024.09.20	01:03:48.044	0.62410				2
2024.09.20	01:03:48.660		0.62435			4
2024.09.20	01:03:48.966		0.62437			4
2024.09.20	01:03:49.269	0.62411	0.62436			6
2024.09.20	01:03:49.883		0.62438			4
2024.09.20	01:03:50.186		0.62436			4
2024.09.20	01:03:50.486		0.62437			4
2024.09.20	01:03:50.790	0.62410				2
2024.09.20	01:03:51.095		0.62435			4
2024.09.20	01:03:51.398	0.62409	0.62436			6
2024.09.20	01:03:51.702	0.62410	0.62435			6
2024.09.20	01:03:52.008		0.62437			4
2024.09.20	01:03:52.312		0.62436			4
2024.09.20	01:03:52.919		0.62435			4
2024.09.20	01:03:53.222	0.62409				2
2024.09.20	01:03:53.527	0.62411	0.62437			6
2024.09.20	01:03:54.136		0.62435			4
2024.09.20	01:03:54.439		0.62437			4
2024.09.20	01:03:54.742		0.62435			4
2024.09.20	01:03:55.044		0.62437			4
2024.09.20	01:03:55.663		0.62435			4
2024.09.20	01:03:55.966		0.62436			4
2024.09.20	01:03:56.589		0.62435			4
2024.09.20	01:03:56.904		0.62436			4
2024.09.20	01:03:57.216		0.62435			4
2024.09.20	01:03:57.523		0.62436			4
2024.09.20	01:03:57.824	0.62410				2
2024.09.20	01:03:58.138	0.62411	0.62435			6
2024.09.20	01:03:58.442	0.62410				2
2024.09.20	01:03:58.745	0.62411	0.62434			6
2024.09.20	01:03:59.062	0.62410	0.62435			6
2024.09.20	01:03:59.370		0.62434			4
2024.09.20	01:03:59.683	0.62411	0.62435			6
2024.09.20	01:04:00.292	0.62411	0.62436			6
2024.09.20	01:04:00.898		0.62435			4
2024.09.20	01:04:01.201		0.62436			4
2024.09.20	01:04:01.505	0.62412	0.62437			6
2024.09.20	01:04:01.806		0.62435			4
2024.09.20	01:04:02.119		0.62437			4
2024.09.20	01:04:02.422	0.62413	0.62436			6
2024.09.20	01:04:02.723	0.62411	0.62435			6
2024.09.20	01:04:03.044		0.62436			4
2024.09.20	01:04:03.681		0.62435			4
2024.09.20	01:04:03.999		0.62436			4
2024.09.20	01:04:04.601	0.62409				2
2024.09.20	01:04:04.907	0.62408				2
2024.09.20	01:04:05.223	0.62409	0.62438			6
2024.09.20	01:04:05.527	0.62408	0.62437			6
2024.09.20	01:04:05.849		0.62436			4
2024.09.20	01:04:06.154		0.62435			4
2024.09.20	01:04:06.470	0.62411				2
2024.09.20	01:04:06.778	0.62414				2
2024.09.20	01:04:07.082	0.62410	0.62438			6
2024.09.20	01:04:07.385		0.62437			4
2024.09.20	01:04:07.701	0.62412	0.62440			6
2024.09.20	01:04:08.002		0.62435			4
2024.09.20	01:04:08.322	0.62410	0.62437			6
2024.09.20	01:04:08.641		0.62438			4
2024.09.20	01:04:08.947	0.62414	0.62436			6
2024.09.20	01:04:09.261	0.62409				2
2024.09.20	01:04:09.561	0.62411	0.62435			6
2024.09.20	01:04:09.861	0.62410	0.62437			6
2024.09.20	01:04:10.173	0.62411	0.62438			6
2024.09.20	01:04:10.485	0.62412	0.62436			6
2024.09.20	01:04:10.801	0.62411	0.62437			6
2024.09.20	01:04:11.440	0.62408	0.62432			6
2024.09.20	01:04:11.741	0.62409	0.62433			6
2024.09.20	01:04:12.044	0.62410	0.62432			6
2024.09.20	01:04:12.355		0.62435			4
2024.09.20	01:04:12.665		0.62434			4
2024.09.20	01:04:12.967		0.62435			4
2024.09.20	01:04:13.281		0.62432			4
2024.09.20	01:04:13.582		0.62435			4
2024.09.20	01:04:13.887	0.62409				2
2024.09.20	01:04:14.202	0.62410				2
2024.09.20	01:04:14.504		0.62434			4
2024.09.20	01:04:14.821		0.62435			4
2024.09.20	01:04:15.122	0.62411	0.62433			6
2024.09.20	01:04:15.422	0.62410				2
2024.09.20	01:04:15.743		0.62434			4
2024.09.20	01:04:16.050		0.62435			4
2024.09.20	01:04:16.355	0.62414	0.62432			6
2024.09.20	01:04:16.658	0.62410	0.62435			6
2024.09.20	01:04:16.963		0.62433			4
2024.09.20	01:04:17.266	0.62406	0.62431			6
2024.09.20	01:04:17.582		0.62432			4
2024.09.20	01:04:18.905	0.62407				2
2024.09.20	01:04:19.213	0.62406	0.62431			6
2024.09.20	01:04:20.128		0.62432			4
2024.09.20	01:04:25.180	0.62404	0.62429			6
2024.09.20	01:04:25.525	0.62403				2
2024.09.20	01:04:26.496	0.62404				2
2024.09.20	01:04:26.797		0.62428			4
2024.09.20	01:04:27.742		0.62429			4
2024.09.20	01:04:28.215	0.62403	0.62428			6
2024.09.20	01:04:33.403		0.62429			4
2024.09.20	01:04:37.872	0.62404				2
2024.09.20	01:04:38.487	0.62403	0.62428			6
2024.09.20	01:04:38.790	0.62402				2
2024.09.20	01:04:41.247	0.62403	0.62429			6
2024.09.20	01:04:41.801	0.62401	0.62426			6
2024.09.20	01:04:43.031	0.62402				2
2024.09.20	01:04:44.191	0.62401				2
2024.09.20	01:04:49.804	0.62402				2
2024.09.20	01:04:51.619	0.62401				2
2024.09.20	01:04:54.073	0.62402	0.62427			6
2024.09.20	01:04:54.431		0.62426			4
2024.09.20	01:04:54.913	0.62401				2
2024.09.20	01:04:59.642		0.62425			4
2024.09.20	01:05:00.082	0.62401				2
2024.09.20	01:05:01.022		0.62426			4
2024.09.20	01:05:01.328		0.62425			4
2024.09.20	01:05:02.063	0.62400	0.62420			6
2024.09.20	01:05:02.368		0.62424			4
2024.09.20	01:05:03.101	0.62399	0.62423			6
2024.09.20	01:05:09.702		0.62424			4
2024.09.20	01:05:10.010		0.62423			4
2024.09.20	01:05:10.785		0.62424			4
2024.09.20	01:05:12.292	0.62400				2
2024.09.20	01:05:14.147		0.62423			4
2024.09.20	01:05:14.734	0.62399				2
2024.09.20	01:05:15.052		0.62421			4
2024.09.20	01:05:16.107	0.62397	0.62420			6
2024.09.20	01:05:16.408	0.62394	0.62417			6
2024.09.20	01:05:17.440	0.62395				2
2024.09.20	01:05:21.875	0.62394				2
2024.09.20	01:05:31.883	0.62390	0.62413			6
2024.09.20	01:05:32.350	0.62391				2
2024.09.20	01:05:32.828	0.62389	0.62411			6
2024.09.20	01:05:36.585	0.62387	0.62409			6
2024.09.20	01:05:40.352	0.62386	0.62407			6
2024.09.20	01:05:43.270	0.62388	0.62397			6
2024.09.20	01:05:43.580		0.62401			4
2024.09.20	01:05:44.203		0.62406			4
2024.09.20	01:05:44.549	0.62397	0.62416			6
2024.09.20	01:05:46.350	0.62400				2
2024.09.20	01:05:46.661	0.62402	0.62419			6
2024.09.20	01:05:46.969		0.62420			4
2024.09.20	01:05:47.882	0.62403				2
2024.09.20	01:05:49.401	0.62401	0.62419			6
2024.09.20	01:06:00.301	0.62401				2
2024.09.20	01:06:02.336	0.62402				2
2024.09.20	01:06:17.697	0.62403				2
2024.09.20	01:06:19.440		0.62421			4
2024.09.20	01:06:27.941		0.62420			4
2024.09.20	01:06:37.825	0.62404	0.62421			6
2024.09.20	01:06:49.458		0.62420			4
2024.09.20	01:07:00.472	0.62401	0.62418			6
2024.09.20	01:07:00.997		0.62420			4
2024.09.20	01:07:01.730		0.62419			4
2024.09.20	01:07:02.212	0.62400	0.62420			6
2024.09.20	01:07:02.529		0.62419			4
2024.09.20	01:07:05.506		0.62418			4
2024.09.20	01:07:19.471	0.62399				2
2024.09.20	01:07:25.585		0.62417			4
2024.09.20	01:07:47.102	0.62400				2
2024.09.20	01:08:03.149	0.62402	0.62418			6
2024.09.20	01:08:38.221		0.62419			4
2024.09.20	01:08:41.996		0.62410			4
2024.09.20	01:08:42.736		0.62419			4
2024.09.20	01:08:46.684	0.62401	0.62418			6
2024.09.20	01:09:05.837	0.62397	0.62414			6
2024.09.20	01:09:20.202	0.62395	0.62409			6
2024.09.20	01:09:21.474	0.62406	0.62423			6
2024.09.20	01:09:22.162	0.62409				2
2024.09.20	01:09:23.185		0.62424			4
2024.09.20	01:09:24.531		0.62423			4
2024.09.20	01:09:26.952	0.62406	0.62419			6
2024.09.20	01:09:27.666	0.62405				2
2024.09.20	01:09:29.846		0.62420			4
2024.09.20	01:09:31.071		0.62419			4
2024.09.20	01:09:40.023	0.62412				2
2024.09.20	01:09:40.339	0.62405				2
2024.09.20	01:09:40.670	0.62412				2
2024.09.20	01:09:41.003	0.62405				2
2024.09.20	01:10:00.304	0.62405				2
2024.09.20	01:10:32.698		0.62419			4
2024.09.20	01:10:49.863	0.62404				2
2024.09.20	01:11:04.497	0.62404				2
2024.09.20	01:11:13.573		0.62413			4
2024.09.20	01:11:14.326		0.62419			4
2024.09.20	01:11:23.194	0.62406				2
2024.09.20	01:11:23.600		0.62418			4
2024.09.20	01:11:32.668	0.62405				2
2024.09.20	01:11:36.522	0.62404	0.62417			6
2024.09.20	01:11:41.388		0.62418			4
2024.09.20	01:11:53.044	0.62405				2
2024.09.20	01:11:55.741		0.62410			4
2024.09.20	01:11:56.043		0.62418			4
2024.09.20	01:11:56.381		0.62410			4
2024.09.20	01:11:56.692		0.62418			4
2024.09.20	01:12:19.068	0.62405				2
2024.09.20	01:12:19.474	0.62411				2
2024.09.20	01:12:20.123	0.62405	0.62417			6
2024.09.20	01:12:26.717		0.62418			4
2024.09.20	01:12:36.732		0.62419			4
2024.09.20	01:12:37.096		0.62418			4
2024.09.20	01:13:00.395	0.62405				2
2024.09.20	01:13:05.917		0.62417			4
2024.09.20	01:13:21.647	0.62403	0.62415			6
2024.09.20	01:13:28.606		0.62416			4
2024.09.20	01:13:37.392		0.62414			4
2024.09.20	01:13:37.946	0.62402				2
2024.09.20	01:13:55.944		0.62413			4
2024.09.20	01:13:56.737	0.62401				2
2024.09.20	01:14:23.023	0.62400	0.62409			6
2024.09.20	01:14:23.352	0.62399				2
2024.09.20	01:14:44.313	0.62400				2
2024.09.20	01:14:55.494	0.62399				2
2024.09.20	01:15:00.368	0.62399				2
2024.09.20	01:15:06.725		0.62405			4
2024.09.20	01:15:07.046		0.62408			4
2024.09.20	01:15:07.346		0.62405			4
2024.09.20	01:15:07.732		0.62409			4
2024.09.20	01:15:09.252		0.62408			4
2024.09.20	01:15:09.561		0.62409			4
2024.09.20	01:15:17.100		0.62408			4
2024.09.20	01:15:17.435		0.62409			4
2024.09.20	01:15:18.337		0.62408			4
2024.09.20	01:15:18.655		0.62409			4
2024.09.20	01:15:19.483		0.62408			4
2024.09.20	01:16:00.192	0.62399				2
2024.09.20	01:16:19.989		0.62408			4
2024.09.20	01:16:20.940	0.62403				2
2024.09.20	01:16:21.242	0.62399				2
2024.09.20	01:16:22.047	0.62403				2
2024.09.20	01:16:22.351	0.62399				2
2024.09.20	01:16:38.558	0.62397	0.62404			6
2024.09.20	01:17:00.113	0.62397				2
2024.09.20	01:17:00.430	0.62398	0.62407			6
2024.09.20	01:17:01.588	0.62399				2
2024.09.20	01:17:04.617	0.62400	0.62409			6
2024.09.20	01:17:27.387		0.62407			4
2024.09.20	01:17:27.703	0.62398	0.62404			6
2024.09.20	01:17:29.534		0.62405			4
2024.09.20	01:17:30.626		0.62404			4
2024.09.20	01:17:51.366	0.62400	0.62407			6
2024.09.20	01:17:52.522	0.62399				2
2024.09.20	01:18:00.415	0.62399				2
2024.09.20	01:18:52.008		0.62407			4
2024.09.20	01:19:02.097	0.62399				2
2024.09.20	01:19:52.212		0.62407			4
2024.09.20	01:19:58.377		0.62409			4
2024.09.20	01:19:59.617		0.62408			4
2024.09.20	01:20:00.327	0.62399				2
2024.09.20	01:20:40.580	0.62400	0.62407			6
2024.09.20	01:20:42.453		0.62405			4
2024.09.20	01:20:43.466		0.62407			4
2024.09.20	01:21:00.169	0.62400				2
2024.09.20	01:21:03.273		0.62406			4
2024.09.20	01:21:42.828	0.62399	0.62407			6
2024.09.20	01:21:56.513	0.62402				2
2024.09.20	01:22:01.017	0.62402				2
2024.09.20	01:22:01.534	0.62399				2
2024.09.20	01:22:38.202	0.62406				2
2024.09.20	01:22:38.947	0.62399				2
2024.09.20	01:22:43.381		0.62407			4
2024.09.20	01:23:00.539	0.62399				2
2024.09.20	01:23:43.673		0.62407			4
2024.09.20	01:24:00.578	0.62399				2
2024.09.20	01:24:44.525		0.62407			4
2024.09.20	01:25:00.072	0.62399				2
2024.09.20	01:25:02.327	0.62401				2
2024.09.20	01:25:25.545	0.62400				2
2024.09.20	01:25:45.159		0.62407			4
2024.09.20	01:26:00.918	0.62400				2
2024.09.20	01:26:05.274	0.62398	0.62404			6
2024.09.20	01:27:00.394	0.62398				2
2024.09.20	01:27:05.626		0.62404			4
2024.09.20	01:28:00.339	0.62398				2
2024.09.20	01:28:06.488		0.62404			4
2024.09.20	01:28:29.496	0.62399	0.62405			6
2024.09.20	01:28:37.268	0.62398	0.62403			6
2024.09.20	01:29:00.293	0.62398				2
2024.09.20	01:29:37.879		0.62403			4
2024.09.20	01:30:00.849	0.62398				2
2024.09.20	01:30:01.892	0.62397	0.62404			6
2024.09.20	01:30:04.097	0.62398	0.62403			6
2024.09.20	01:30:06.392		0.62404			4
2024.09.20	01:30:12.742	0.62399	0.62405			6
2024.09.20	01:30:13.072	0.62402	0.62407			6
2024.09.20	01:30:13.412		0.62408			4
2024.09.20	01:30:15.813	0.62403	0.62409			6
2024.09.20	01:30:20.144	0.62404	0.62410			6
2024.09.20	01:30:28.915	0.62403	0.62409			6
2024.09.20	01:30:41.245		0.62410			4
2024.09.20	01:30:41.562		0.62409			4
2024.09.20	01:30:48.034		0.62408			4
2024.09.20	01:30:51.219		0.62409			4
2024.09.20	01:31:00.411	0.62403				2
2024.09.20	01:31:03.061		0.62408			4
2024.09.20	01:31:04.424		0.62409			4
2024.09.20	01:31:05.248		0.62408			4
2024.09.20	01:31:05.677		0.62409			4
2024.09.20	01:31:08.499		0.62408			4
2024.09.20	01:31:08.810		0.62409			4
2024.09.20	01:31:09.227		0.62408			4
2024.09.20	01:31:09.748		0.62409			4
2024.09.20	01:31:10.270		0.62408			4
2024.09.20	01:31:12.675		0.62409			4
2024.09.20	01:31:15.804	0.62406	0.62412			6
2024.09.20	01:31:16.126	0.62403	0.62408			6
2024.09.20	01:31:19.426		0.62407			4
2024.09.20	01:31:19.843		0.62408			4
2024.09.20	01:31:37.544		0.62409			4
2024.09.20	01:31:40.928	0.62404	0.62410			6
2024.09.20	01:31:45.607	0.62407	0.62412			6
2024.09.20	01:31:45.952	0.62405				2
2024.09.20	01:31:49.724	0.62407				2
2024.09.20	01:31:50.841	0.62405				2
2024.09.20	01:31:52.759	0.62407				2
2024.09.20	01:31:56.492	0.62406	0.62413			6
2024.09.20	01:31:56.896	0.62407	0.62414			6
2024.09.20	01:31:58.376	0.62406	0.62413			6
2024.09.20	01:31:59.451	0.62407	0.62411			6
2024.09.20	01:32:00.197	0.62406	0.62412			6
2024.09.20	01:32:02.065		0.62411			4
2024.09.20	01:32:05.875	0.62405				2
2024.09.20	01:32:08.447	0.62404	0.62413			6
2024.09.20	01:32:09.216	0.62406	0.62412			6
2024.09.20	01:32:10.662	0.62405	0.62413			6
2024.09.20	01:32:11.696	0.62406	0.62412			6
2024.09.20	01:32:14.388	0.62403	0.62407			6
2024.09.20	01:32:15.885		0.62408			4
2024.09.20	01:32:16.986		0.62407			4
2024.09.20	01:32:21.983		0.62408			4
2024.09.20	01:32:30.615		0.62409			4
2024.09.20	01:32:31.032		0.62408			4
2024.09.20	01:32:40.366		0.62409			4
2024.09.20	01:32:41.217	0.62402	0.62408			6
2024.09.20	01:33:02.400	0.62402	0.62406			6
2024.09.20	01:33:06.668		0.62408			4
2024.09.20	01:33:16.582		0.62407			4
2024.09.20	01:33:20.694		0.62408			4
2024.09.20	01:33:34.433		0.62407			4
2024.09.20	01:33:50.673		0.62408			4
2024.09.20	01:33:50.984		0.62407			4
2024.09.20	01:33:54.013		0.62406			4
2024.09.20	01:33:59.717		0.62407			4
2024.09.20	01:34:00.658	0.62402				2
2024.09.20	01:34:14.169	0.62401				2
2024.09.20	01:34:20.944	0.62398	0.62403			6
2024.09.20	01:34:58.782	0.62392	0.62398			6
2024.09.20	01:35:00.302	0.62392				2
2024.09.20	01:35:08.858	0.62393	0.62399			6
2024.09.20	01:35:13.158		0.62398			4
2024.09.20	01:35:14.253		0.62399			4
2024.09.20	01:35:20.431		0.62398			4
2024.09.20	01:35:21.155		0.62399			4
2024.09.20	01:35:22.500		0.62398			4
2024.09.20	01:35:23.132		0.62399			4
2024.09.20	01:35:24.306		0.62398			4
2024.09.20	01:35:26.200		0.62399			4
2024.09.20	01:35:29.757		0.62398			4
2024.09.20	01:35:30.181		0.62399			4
2024.09.20	01:35:35.378		0.62398			4
2024.09.20	01:35:37.467		0.62399			4
2024.09.20	01:35:45.550		0.62398			4
2024.09.20	01:36:00.992	0.62393				2
2024.09.20	01:36:21.737		0.62397			4
2024.09.20	01:36:23.721		0.62398			4
2024.09.20	01:36:24.682		0.62397			4
2024.09.20	01:36:45.413	0.62392				2
2024.09.20	01:37:21.616	0.62392	0.62396			6
2024.09.20	01:37:23.415		0.62397			4
2024.09.20	01:37:45.632	0.62389	0.62394			6
2024.09.20	01:38:00.615	0.62389				2
2024.09.20	01:38:27.134	0.62383	0.62384			6
2024.09.20	01:38:27.444	0.62379				2
2024.09.20	01:38:27.857	0.62377	0.62383			6
2024.09.20	01:38:28.166	0.62378				2
2024.09.20	01:38:28.630	0.62377	0.62382			6
2024.09.20	01:38:48.618		0.62383			4
2024.09.20	01:38:57.054		0.62382			4
2024.09.20	01:38:59.404		0.62383			4
2024.09.20	01:39:00.364	0.62377				2
2024.09.20	01:39:07.444	0.62382	0.62386			6
2024.09.20	01:39:11.969	0.62383	0.62387			6
2024.09.20	01:39:12.282		0.62386			4
2024.09.20	01:39:13.341		0.62387			4
2024.09.20	01:39:14.326		0.62386			4
2024.09.20	01:39:18.517		0.62385			4
2024.09.20	01:39:19.571		0.62388			4
2024.09.20	01:39:20.601		0.62387			4
2024.09.20	01:39:21.612		0.62388			4
2024.09.20	01:39:25.672		0.62387			4
2024.09.20	01:39:28.049		0.62388			4
2024.09.20	01:39:50.948		0.62387			4
2024.09.20	01:39:52.321		0.62388			4
2024.09.20	01:40:00.282	0.62383				2
2024.09.20	01:40:32.108	0.62387	0.62392			6
2024.09.20	01:40:35.948		0.62393			4
2024.09.20	01:40:41.005		0.62392			4
2024.09.20	01:40:46.366		0.62393			4
2024.09.20	01:40:50.744		0.62392			4
2024.09.20	01:40:51.685		0.62393			4
2024.09.20	01:40:56.987		0.62392			4
2024.09.20	01:40:57.994		0.62393			4
2024.09.20	01:40:59.019		0.62392			4
2024.09.20	01:41:00.033	0.62387	0.62393			6
2024.09.20	01:41:04.626		0.62392			4
2024.09.20	01:41:31.663	0.62382	0.62387			6
2024.09.20	01:42:00.803	0.62382				2
2024.09.20	01:42:32.998		0.62387			4
2024.09.20	01:42:49.547		0.62386			4
2024.09.20	01:43:00.198	0.62382				2
2024.09.20	01:43:32.830	0.62381				2
2024.09.20	01:43:49.712		0.62386			4
2024.09.20	01:44:02.848	0.62381				2
2024.09.20	01:44:11.978	0.62382	0.62387			6
2024.09.20	01:44:21.498	0.62383				2
2024.09.20	01:44:56.542	0.62384	0.62389			6
2024.09.20	01:45:07.497	0.62384				2
2024.09.20	01:45:31.301	0.62387	0.62392			6
2024.09.20	01:45:31.656		0.62393			4
2024.09.20	01:45:35.442		0.62392			4
2024.09.20	01:46:00.535	0.62387				2
2024.09.20	01:46:31.000		0.62393			4
2024.09.20	01:46:44.056	0.62391	0.62397			6
2024.09.20	01:46:44.363	0.62392				2
2024.09.20	01:47:16.527	0.62393	0.62398			6
2024.09.20	01:47:23.699	0.62392	0.62397			6
2024.09.20	01:47:30.703	0.62391	0.62396			6
2024.09.20	01:48:00.534	0.62391				2
2024.09.20	01:48:12.041	0.62393	0.62398			6
2024.09.20	01:48:45.411	0.62395	0.62400			6
2024.09.20	01:49:07.502	0.62395	0.62399			6
2024.09.20	01:49:09.730	0.62396	0.62400			6
2024.09.20	01:50:43.602	0.62396	0.62400			6
2024.09.20	01:50:51.619		0.62401			4
2024.09.20	01:50:54.000	0.62397				2
2024.09.20	01:50:54.483	0.62396				2
2024.09.20	01:50:55.522	0.62397				2
2024.09.20	01:50:55.822	0.62396				2
2024.09.20	01:51:00.354	0.62396				2
2024.09.20	01:51:50.990	0.62397				2
2024.09.20	01:51:51.342	0.62396				2
2024.09.20	01:51:52.693		0.62401			4
2024.09.20	01:52:00.359	0.62396				2
2024.09.20	01:52:03.817	0.62391	0.62397			6
2024.09.20	01:52:16.078	0.62392	0.62398			6
2024.09.20	01:52:30.253	0.62391	0.62396			6
2024.09.20	01:52:46.876		0.62394			4
2024.09.20	01:52:47.675		0.62396			4
2024.09.20	01:52:48.088		0.62394			4
2024.09.20	01:52:48.804		0.62396			4
2024.09.20	01:53:00.901	0.62391				2
2024.09.20	01:53:24.148		0.62395			4
2024.09.20	01:53:26.026		0.62394			4
2024.09.20	01:53:26.427		0.62395			4
2024.09.20	01:53:53.799		0.62396			4
2024.09.20	01:54:00.463	0.62391				2
2024.09.20	01:54:05.768		0.62395			4
2024.09.20	01:54:06.497		0.62396			4
2024.09.20	01:54:06.905		0.62394			4
2024.09.20	01:54:07.207		0.62396			4
2024.09.20	01:55:00.514	0.62391				2
2024.09.20	01:55:07.828		0.62396			4
2024.09.20	01:55:28.545		0.62395			4
2024.09.20	01:55:28.955		0.62396			4
2024.09.20	01:55:29.714		0.62395			4
2024.09.20	01:55:30.373		0.62396			4
2024.09.20	01:55:37.883		0.62397			4
2024.09.20	01:56:00.133	0.62391				2
2024.09.20	01:56:28.250		0.62395			4
2024.09.20	01:56:28.558		0.62396			4
2024.09.20	01:56:28.935		0.62397			4
2024.09.20	01:56:29.634		0.62395			4
2024.09.20	01:56:30.067		0.62396			4
2024.09.20	01:56:30.383		0.62395			4
2024.09.20	01:56:30.686		0.62397			4
2024.09.20	01:57:00.672	0.62391				2
2024.09.20	01:57:17.406	0.62392				2
2024.09.20	01:57:17.807	0.62391				2
2024.09.20	01:57:31.589		0.62397			4
2024.09.20	01:57:57.373	0.62392				2
2024.09.20	01:57:59.807	0.62391				2
2024.09.20	01:58:00.114	0.62391				2
2024.09.20	01:58:32.458		0.62397			4
2024.09.20	01:58:47.552		0.62395			4
2024.09.20	01:58:48.022		0.62397			4
2024.09.20	01:59:00.268	0.62391				2
2024.09.20	01:59:15.626		0.62396			4
2024.09.20	01:59:19.574		0.62397			4
2024.09.20	02:00:00.070	0.62391				2
2024.09.20	02:00:00.385	0.62392				2
2024.09.20	02:00:00.796	0.62391				2
2024.09.20	02:00:03.843	0.62392				2
2024.09.20	02:00:06.191	0.62391				2
2024.09.20	02:00:07.122		0.62396			4
2024.09.20	02:00:10.447	0.62392				2
2024.09.20	02:00:16.537		0.62395			4
2024.09.20	02:00:16.860		0.62396			4
2024.09.20	02:00:20.431	0.62390	0.62394			6
2024.09.20	02:00:22.198	0.62392	0.62396			6
2024.09.20	02:00:33.995		0.62395			4
2024.09.20	02:00:41.103		0.62396			4
2024.09.20	02:00:46.102	0.62393	0.62397			6
2024.09.20	02:00:46.406	0.62392	0.62396			6
2024.09.20	02:01:00.098	0.62392				2
2024.09.20	02:01:17.121	0.62394	0.62398			6
2024.09.20	02:01:19.104		0.62397			4
2024.09.20	02:01:21.101		0.62398			4
2024.09.20	02:01:43.068		0.62397			4
2024.09.20	02:01:43.383	0.62392	0.62396			6
2024.09.20	02:01:45.725	0.62391	0.62395			6
2024.09.20	02:01:51.531		0.62394			4
2024.09.20	02:01:59.027		0.62393			4
2024.09.20	02:02:00.241	0.62389				2
2024.09.20	02:02:00.613		0.62394			4
2024.09.20	02:02:07.104	0.62391	0.62397			6
2024.09.20	02:02:07.417		0.62396			4
2024.09.20	02:02:08.903	0.62390	0.62395			6
2024.09.20	02:02:09.981		0.62396			4
2024.09.20	02:02:12.913		0.62395			4
2024.09.20	02:02:13.475		0.62396			4
2024.09.20	02:02:14.815	0.62393	0.62397			6
2024.09.20	02:02:15.840	0.62390	0.62395			6
2024.09.20	02:02:38.398		0.62394			4
2024.09.20	02:02:43.926	0.62389				2
2024.09.20	02:02:59.610	0.62394	0.62399			6
2024.09.20	02:02:59.940	0.62396	0.62401			6
2024.09.20	02:03:00.241	0.62396				2
2024.09.20	02:03:00.606	0.62395	0.62400			6
2024.09.20	02:03:03.271	0.62394	0.62399			6
2024.09.20	02:03:04.602	0.62390	0.62393			6
2024.09.20	02:03:06.663	0.62389	0.62394			6
2024.09.20	02:03:07.355	0.62391				2
2024.09.20	02:03:22.518	0.62390				2
2024.09.20	02:03:47.421	0.62389				2
2024.09.20	02:03:49.404	0.62390				2
2024.09.20	02:04:00.740	0.62390				2
2024.09.20	02:04:07.001		0.62394			4
2024.09.20	02:04:13.549	0.62391				2
2024.09.20	02:04:17.025	0.62388	0.62391			6
2024.09.20	02:04:17.634	0.62386	0.62389			6
2024.09.20	02:04:19.347		0.62388			4
2024.09.20	02:04:20.129		0.62389			4
2024.09.20	02:04:24.757	0.62385				2
2024.09.20	02:04:33.681	0.62384				2
2024.09.20	02:04:35.671	0.62385				2
2024.09.20	02:05:00.502	0.62385				2
2024.09.20	02:05:09.889	0.62386				2
2024.09.20	02:05:11.904		0.62390			4
2024.09.20	02:05:13.897	0.62387				2
2024.09.20	02:05:15.975	0.62388	0.62391			6
2024.09.20	02:05:17.470	0.62389				2
2024.09.20	02:05:21.599		0.62392			4
2024.09.20	02:05:22.004	0.62391	0.62393			6
2024.09.20	02:05:27.328	0.62390				2
2024.09.20	02:05:45.276	0.62389				2
2024.09.20	02:05:46.569	0.62386	0.62389			6
2024.09.20	02:05:48.663		0.62390			4
2024.09.20	02:06:01.125	0.62386				2
2024.09.20	02:06:03.520	0.62387				2
2024.09.20	02:06:03.821		0.62391			4
2024.09.20	02:06:17.511	0.62386	0.62390			6
2024.09.20	02:06:18.050	0.62391	0.62393			6
2024.09.20	02:06:19.032		0.62394			4
2024.09.20	02:06:28.344	0.62390				2
2024.09.20	02:06:39.126	0.62389				2
2024.09.20	02:06:43.202	0.62385	0.62388			6
2024.09.20	02:06:48.442	0.62384				2
2024.09.20	02:06:51.695	0.62383	0.62387			6
2024.09.20	02:07:00.843	0.62383				2
2024.09.20	02:07:03.819	0.62381	0.62385			6
2024.09.20	02:07:06.102	0.62382	0.62386			6
2024.09.20	02:07:08.198	0.62381	0.62384			6
2024.09.20	02:07:46.612	0.62380				2
2024.09.20	02:08:00.148	0.62380				2
2024.09.20	02:08:08.710		0.62384			4
2024.09.20	02:08:28.852		0.62383			4
2024.09.20	02:08:33.667		0.62384			4
2024.09.20	02:08:34.114	0.62379	0.62383			6
2024.09.20	02:08:40.146	0.62381				2
2024.09.20	02:08:40.467	0.62379				2
2024.09.20	02:08:42.257		0.62381			4
2024.09.20	02:08:42.565		0.62383			4
2024.09.20	02:08:52.345	0.62378	0.62382			6
2024.09.20	02:08:52.659	0.62379				2
2024.09.20	02:08:56.224	0.62380	0.62383			6
2024.09.20	02:09:00.336	0.62380				2
2024.09.20	02:09:03.001	0.62379	0.62382			6
2024.09.20	02:09:06.193		0.62381			4
2024.09.20	02:09:20.231	0.62378				2
2024.09.20	02:09:20.541	0.62375	0.62378			6
2024.09.20	02:09:22.347	0.62373	0.62377			6
2024.09.20	02:09:26.098	0.62374				2
2024.09.20	02:09:36.123	0.62375				2
2024.09.20	02:09:40.161	0.62376				2
2024.09.20	02:09:41.098	0.62375				2
2024.09.20	02:09:41.951		0.62378			4
2024.09.20	02:09:58.346	0.62374				2
2024.09.20	02:10:00.378	0.62374				2
2024.09.20	02:10:18.097		0.62377			4
2024.09.20	02:10:22.465		0.62378			4
2024.09.20	02:10:53.513	0.62375				2
2024.09.20	02:10:56.074	0.62381	0.62383			6
2024.09.20	02:11:00.231	0.62381				2
2024.09.20	02:11:33.253	0.62379				2
2024.09.20	02:11:56.153		0.62383			4
2024.09.20	02:11:56.516		0.62382			4
2024.09.20	02:11:56.879		0.62383			4
2024.09.20	02:11:59.456	0.62390	0.62392			6
2024.09.20	02:12:00.135	0.62390				2
2024.09.20	02:12:01.774	0.62389				2
2024.09.20	02:12:13.248	0.62385	0.62389			6
2024.09.20	02:12:19.099	0.62388				2
2024.09.20	02:12:19.412	0.62385				2
2024.09.20	02:12:19.717	0.62388				2
2024.09.20	02:12:20.045	0.62385				2
2024.09.20	02:12:21.626		0.62388			4
2024.09.20	02:12:21.945	0.62382	0.62386			6
2024.09.20	02:12:32.352	0.62383	0.62387			6
2024.09.20	02:12:32.662		0.62386			4
2024.09.20	02:12:33.473	0.62381	0.62384			6
2024.09.20	02:12:35.745	0.62380				2
2024.09.20	02:13:00.019	0.62380				2
2024.09.20	02:13:03.539	0.62381				2
2024.09.20	02:13:04.597	0.62380				2
2024.09.20	02:13:08.422	0.62382				2
2024.09.20	02:13:08.870	0.62380				2
2024.09.20	02:13:21.492	0.62375	0.62379			6
2024.09.20	02:13:43.557	0.62376	0.62380			6
2024.09.20	02:13:55.561	0.62377	0.62381			6
2024.09.20	02:14:02.128	0.62377				2
2024.09.20	02:14:04.284	0.62381	0.62383			6
2024.09.20	02:14:14.643	0.62382	0.62384			6
2024.09.20	02:14:15.186		0.62385			4
2024.09.20	02:14:34.190	0.62383				2
2024.09.20	02:14:44.456	0.62382				2
2024.09.20	02:14:52.053	0.62384	0.62386			6
2024.09.20	02:15:00.398	0.62384				2
2024.09.20	02:15:09.326	0.62383				2
2024.09.20	02:15:21.677	0.62385	0.62388			6
2024.09.20	02:15:33.295	0.62386	0.62389			6
2024.09.20	02:15:49.281	0.62385				2
2024.09.20	02:16:00.379	0.62384				2
2024.09.20	02:16:21.304	0.62387				2
2024.09.20	02:16:21.619	0.62384				2
2024.09.20	02:16:27.402	0.62385				2
2024.09.20	02:16:33.656		0.62389			4
2024.09.20	02:16:37.368	0.62384				2
2024.09.20	02:17:00.372	0.62384				2
2024.09.20	02:17:34.102		0.62389			4
2024.09.20	02:17:35.150	0.62381	0.62385			6
2024.09.20	02:17:35.462	0.62385	0.62388			6
2024.09.20	02:17:45.168	0.62386	0.62390			6
2024.09.20	02:17:45.476	0.62387	0.62391			6
2024.09.20	02:18:00.098	0.62387				2
2024.09.20	02:18:00.999	0.62386				2
2024.09.20	02:18:01.861	0.62388				2
2024.09.20	02:18:10.839	0.62389				2
2024.09.20	02:18:17.324	0.62388				2
2024.09.20	02:18:17.632	0.62387				2
2024.09.20	02:18:24.749	0.62388				2
2024.09.20	02:18:45.731		0.62391			4
2024.09.20	02:18:52.720	0.62387	0.62390			6
2024.09.20	02:19:00.134	0.62387				2
2024.09.20	02:19:10.685	0.62389	0.62391			6
2024.09.20	02:19:20.017		0.62392			4
2024.09.20	02:19:50.565	0.62388				2
2024.09.20	02:20:00.081	0.62388				2
2024.09.20	02:20:18.543	0.62387				2
2024.09.20	02:20:20.673		0.62392			4
2024.09.20	02:20:36.566	0.62388				2
2024.09.20	02:21:00.731	0.62388				2
2024.09.20	02:21:21.329		0.62392			4
2024.09.20	02:21:21.718	0.62389	0.62393			6
2024.09.20	02:21:32.999		0.62394			4
2024.09.20	02:22:00.141	0.62389				2
2024.09.20	02:22:33.405		0.62394			4
2024.09.20	02:22:38.478	0.62394	0.62395			6
2024.09.20	02:22:39.201	0.62389	0.62394			6
2024.09.20	02:23:02.445	0.62389				2
2024.09.20	02:23:15.053	0.62384	0.62389			6
2024.09.20	02:23:27.398	0.62383	0.62388			6
2024.09.20	02:24:00.322	0.62383				2
2024.09.20	02:24:21.373	0.62382	0.62387			6
2024.09.20	02:24:28.854		0.62388			4
2024.09.20	02:24:33.997	0.62383				2
2024.09.20	02:24:51.194	0.62386	0.62391			6
2024.09.20	02:24:53.152	0.62387				2
2024.09.20	02:24:58.047		0.62392			4
2024.09.20	02:25:04.275	0.62387				2
2024.09.20	02:25:09.727		0.62391			4
2024.09.20	02:25:10.806	0.62385	0.62390			6
2024.09.20	02:25:13.784	0.62382	0.62387			6
2024.09.20	02:25:16.590		0.62388			4
2024.09.20	02:25:17.017		0.62387			4
2024.09.20	02:25:20.875	0.62381	0.62385			6
2024.09.20	02:25:58.914		0.62387			4
2024.09.20	02:25:59.633	0.62380	0.62386			6
2024.09.20	02:26:00.380	0.62380				2
2024.09.20	02:26:41.531		0.62385			4
2024.09.20	02:26:43.936		0.62386			4
2024.09.20	02:26:51.525		0.62385			4
2024.09.20	02:26:54.383	0.62383	0.62387			6
2024.09.20	02:26:54.792		0.62388			4
2024.09.20	02:27:01.006	0.62383				2
2024.09.20	02:27:04.839	0.62384				2
2024.09.20	02:27:05.183	0.62383				2
2024.09.20	02:27:35.667	0.62382				2
2024.09.20	02:27:54.933		0.62388			4
2024.09.20	02:27:55.930	0.62380	0.62385			6
2024.09.20	02:27:57.068		0.62384			4
2024.09.20	02:28:02.350	0.62380				2
2024.09.20	02:28:57.167		0.62384			4
2024.09.20	02:29:00.272	0.62380				2
2024.09.20	02:29:45.368	0.62379				2
2024.09.20	02:29:50.439	0.62373	0.62378			6
2024.09.20	02:29:50.766	0.62374				2
2024.09.20	02:29:55.507	0.62373				2
2024.09.20	02:29:59.642		0.62377			4
2024.09.20	02:30:00.018	0.62373				2
2024.09.20	02:30:13.372	0.62374				2
2024.09.20	02:30:19.407	0.62375	0.62378			6
2024.09.20	02:30:23.469		0.62379			4
2024.09.20	02:30:39.500	0.62376				2
2024.09.20	02:30:41.665	0.62383	0.62384			6
2024.09.20	02:30:41.966		0.62386			4
2024.09.20	02:30:43.003		0.62387			4
2024.09.20	02:30:45.201	0.62385				2
2024.09.20	02:30:49.297	0.62381	0.62384			6
2024.09.20	02:30:57.501		0.62383			4
2024.09.20	02:31:00.682	0.62381				2
2024.09.20	02:31:15.820		0.62384			4
2024.09.20	02:31:19.444	0.62382	0.62385			6
2024.09.20	02:31:25.218	0.62383	0.62387			6
2024.09.20	02:32:00.201	0.62383				2
2024.09.20	02:32:06.907	0.62386	0.62389			6
2024.09.20	02:32:10.793	0.62385	0.62388			6
2024.09.20	02:32:11.472		0.62389			4
2024.09.20	02:32:50.814	0.62386				2
2024.09.20	02:32:51.446	0.62385				2
2024.09.20	02:32:52.457		0.62388			4
2024.09.20	02:33:00.320	0.62385				2
2024.09.20	02:33:02.425	0.62383	0.62387			6
2024.09.20	02:33:02.728		0.62386			4
2024.09.20	02:33:12.918	0.62380	0.62384			6
2024.09.20	02:33:13.224		0.62383			4
2024.09.20	02:33:15.071		0.62384			4
2024.09.20	02:33:45.340	0.62382	0.62385			6
2024.09.20	02:34:00.117	0.62382				2
2024.09.20	02:34:12.786	0.62383	0.62387			6
2024.09.20	02:34:13.142	0.62385				2
2024.09.20	02:34:59.199	0.62383	0.62386			6
2024.09.20	02:35:03.867	0.62383				2
2024.09.20	02:35:18.497	0.62381	0.62385			6
2024.09.20	02:35:18.832		0.62384			4
2024.09.20	02:35:19.709	0.62382	0.62385			6
2024.09.20	02:35:24.647	0.62384	0.62387			6
2024.09.20	02:35:41.546	0.62386	0.62389			6
2024.09.20	02:35:41.863	0.62385				2
2024.09.20	02:36:00.383	0.62385				2
2024.09.20	02:36:11.980	0.62384	0.62387			6
2024.09.20	02:36:23.884	0.62383	0.62386			6
2024.09.20	02:36:38.390	0.62384				2
2024.09.20	02:36:49.975	0.62382				2
2024.09.20	02:36:51.437	0.62384				2
2024.09.20	02:36:53.571		0.62387			4
2024.09.20	02:37:00.274	0.62384				2
2024.09.20	02:37:01.317	0.62383				2
2024.09.20	02:37:01.623	0.62384				2
2024.09.20	02:37:12.751	0.62383				2
2024.09.20	02:37:13.585	0.62384				2
2024.09.20	02:37:33.477	0.62382				2
2024.09.20	02:37:42.023	0.62384				2
2024.09.20	02:37:54.151	0.62385	0.62389			6
2024.09.20	02:37:59.313	0.62383				2
2024.09.20	02:38:00.601	0.62383				2
2024.09.20	02:38:03.502	0.62382	0.62388			6
2024.09.20	02:38:26.521	0.62383	0.62389			6
2024.09.20	02:38:35.633	0.62382	0.62388			6
2024.09.20	02:38:46.580		0.62386			4
2024.09.20	02:39:00.752	0.62382				2
2024.09.20	02:39:02.933		0.62387			4
2024.09.20	02:39:14.784	0.62383	0.62388			6
2024.09.20	02:39:17.184		0.62389			4
2024.09.20	02:40:00.075	0.62383				2
2024.09.20	02:40:03.907	0.62382	0.62388			6
2024.09.20	02:40:05.359	0.62383				2
2024.09.20	02:40:18.858	0.62382				2
2024.09.20	02:40:30.801		0.62386			4
2024.09.20	02:40:31.482		0.62387			4
2024.09.20	02:40:33.136	0.62383				2
2024.09.20	02:40:33.991		0.62388			4
2024.09.20	02:40:37.091	0.62384				2
2024.09.20	02:40:55.335	0.62382	0.62387			6
2024.09.20	02:41:00.434	0.62382				2
2024.09.20	02:41:03.282		0.62388			4
2024.09.20	02:41:08.442		0.62387			4
2024.09.20	02:41:21.757	0.62380	0.62385			6
2024.09.20	02:41:33.882		0.62384			4
2024.09.20	02:41:38.195		0.62385			4
2024.09.20	02:41:51.285	0.62381	0.62386			6
2024.09.20	02:42:00.442	0.62381				2
2024.09.20	02:42:10.577	0.62382	0.62387			6
2024.09.20	02:42:16.557	0.62383				2
2024.09.20	02:42:16.861	0.62382				2
2024.09.20	02:42:35.980		0.62386			4
2024.09.20	02:42:40.364	0.62383	0.62387			6
2024.09.20	02:42:50.047	0.62382				2
2024.09.20	02:42:59.911	0.62381	0.62385			6
2024.09.20	02:43:00.479	0.62381				2
2024.09.20	02:43:06.135	0.62383	0.62386			6
2024.09.20	02:43:10.326	0.62382				2
2024.09.20	02:43:57.758	0.62383	0.62387			6
2024.09.20	02:44:00.952	0.62383				2
2024.09.20	02:44:56.175	0.62382				2
2024.09.20	02:44:57.193	0.62383				2
2024.09.20	02:44:57.980		0.62387			4
2024.09.20	02:44:58.289		0.62386			4
2024.09.20	02:44:58.862	0.62381	0.62385			6
2024.09.20	02:45:00.116	0.62381				2
2024.09.20	02:45:00.488	0.62382				2
2024.09.20	02:45:00.892	0.62384	0.62387			6
2024.09.20	02:45:01.263	0.62383	0.62386			6
2024.09.20	02:45:02.698	0.62390	0.62394			6
2024.09.20	02:45:04.555	0.62391				2
2024.09.20	02:45:12.058	0.62389	0.62393			6
2024.09.20	02:45:12.370	0.62390				2
2024.09.20	02:45:13.925	0.62393	0.62395			6
2024.09.20	02:45:19.243	0.62394	0.62397			6
2024.09.20	02:45:19.887		0.62398			4
2024.09.20	02:45:20.202		0.62397			4
2024.09.20	02:45:20.525		0.62396			4
2024.09.20	02:45:24.099	0.62393				2
2024.09.20	02:45:25.612		0.62395			4
2024.09.20	02:45:26.758	0.62390	0.62393			6
2024.09.20	02:45:27.190	0.62391	0.62394			6
2024.09.20	02:45:29.137	0.62392	0.62395			6
2024.09.20	02:45:30.680	0.62391	0.62393			6
2024.09.20	02:45:31.200	0.62392	0.62394			6
2024.09.20	02:45:31.502		0.62395			4
2024.09.20	02:45:37.301	0.62393	0.62396			6
2024.09.20	02:45:46.604	0.62394	0.62398			6
2024.09.20	02:45:48.563	0.62393	0.62396			6
2024.09.20	02:45:57.792	0.62394				2
2024.09.20	02:45:58.103		0.62397			4
2024.09.20	02:46:00.922	0.62394				2
2024.09.20	02:46:01.507	0.62393	0.62395			6
2024.09.20	02:46:02.377	0.62392				2
2024.09.20	02:46:03.070	0.62393	0.62396			6
2024.09.20	02:46:10.661	0.62395				2
2024.09.20	02:46:11.364	0.62393				2
2024.09.20	02:46:14.992	0.62395	0.62397			6
2024.09.20	02:46:16.062	0.62394	0.62396			6
2024.09.20	02:46:16.366	0.62393				2
2024.09.20	02:46:22.886		0.62395			4
2024.09.20	02:46:27.443		0.62396			4
2024.09.20	02:46:33.184	0.62394	0.62397			6
2024.09.20	02:46:37.467		0.62396			4
2024.09.20	02:47:00.539	0.62394				2
2024.09.20	02:47:23.084		0.62395			4
2024.09.20	02:47:23.514	0.62393				2
2024.09.20	02:47:33.981	0.62394	0.62397			6
2024.09.20	02:47:34.826	0.62393	0.62396			6
2024.09.20	02:47:41.719		0.62397			4
2024.09.20	02:47:53.438	0.62395	0.62398			6
2024.09.20	02:47:56.609	0.62396	0.62399			6
2024.09.20	02:47:56.913	0.62395				2
2024.09.20	02:47:59.572		0.62398			4
2024.09.20	02:48:00.622	0.62395				2
2024.09.20	02:48:00.928		0.62399			4
2024.09.20	02:48:11.352	0.62394	0.62398			6
2024.09.20	02:48:13.382		0.62397			4
2024.09.20	02:48:39.264		0.62396			4
2024.09.20	02:48:42.544		0.62397			4
2024.09.20	02:48:42.866	0.62395	0.62398			6
2024.09.20	02:48:46.010	0.62394				2
2024.09.20	02:48:51.114	0.62393	0.62396			6
2024.09.20	02:49:00.165	0.62393				2
2024.09.20	02:49:40.861	0.62391	0.62395			6
2024.09.20	02:49:41.163	0.62392	0.62394			6
2024.09.20	02:49:48.320	0.62393	0.62396			6
2024.09.20	02:49:54.700		0.62395			4
2024.09.20	02:49:55.687		0.62394			4
2024.09.20	02:49:56.754		0.62396			4
2024.09.20	02:49:57.069		0.62395			4
2024.09.20	02:49:57.384		0.62394			4
2024.09.20	02:49:58.395		0.62396			4
2024.09.20	02:50:00.354	0.62393				2
2024.09.20	02:50:02.345	0.62394				2
2024.09.20	02:50:03.476		0.62395			4
2024.09.20	02:50:16.316	0.62383	0.62385			6
2024.09.20	02:50:34.347	0.62380	0.62381			6
2024.09.20	02:50:54.287	0.62376	0.62377			6
2024.09.20	02:50:55.801	0.62375	0.62376			6
2024.09.20	02:51:00.687	0.62375				2
2024.09.20	02:51:01.314	0.62374	0.62375			6
2024.09.20	02:51:01.977	0.62375	0.62376			6
2024.09.20	02:51:13.538	0.62374	0.62375			6
2024.09.20	02:51:19.198	0.62375	0.62376			6
2024.09.20	02:51:29.191	0.62374	0.62375			6
2024.09.20	02:51:34.368	0.62373	0.62374			6
2024.09.20	02:51:44.250	0.62376	0.62377			6
2024.09.20	02:51:44.626	0.62375	0.62376			6
2024.09.20	02:51:50.445	0.62371	0.62372			6
2024.09.20	02:51:50.762	0.62369	0.62370			6
2024.09.20	02:51:55.363	0.62367	0.62368			6
2024.09.20	02:51:55.677	0.62366	0.62367			6
2024.09.20	02:51:58.883	0.62365	0.62366			6
2024.09.20	02:51:59.195	0.62367	0.62368			6
2024.09.20	02:51:59.502	0.62366	0.62367			6
2024.09.20	02:52:00.360	0.62366				2
2024.09.20	02:52:00.664	0.62364	0.62365			6
2024.09.20	02:52:01.030		0.62366			4
2024.09.20	02:52:01.874	0.62365				2
2024.09.20	02:52:03.521	0.62364	0.62365			6
2024.09.20	02:52:03.837		0.62366			4
2024.09.20	02:52:05.601	0.62365				2
2024.09.20	02:52:11.468	0.62364				2
2024.09.20	02:52:13.604		0.62365			4
2024.09.20	02:52:21.462	0.62365	0.62366			6
2024.09.20	02:52:23.586	0.62366	0.62367			6
2024.09.20	02:52:42.980	0.62368	0.62370			6
2024.09.20	02:52:48.841	0.62370	0.62371			6
2024.09.20	02:52:55.600		0.62372			4
2024.09.20	02:53:00.345	0.62370				2
2024.09.20	02:53:03.476	0.62371				2
2024.09.20	02:53:09.067	0.62370				2
2024.09.20	02:53:11.109	0.62369	0.62371			6
2024.09.20	02:53:21.371	0.62370				2
2024.09.20	02:53:27.424	0.62371	0.62373			6
2024.09.20	02:53:31.605	0.62373	0.62374			6
2024.09.20	02:53:33.388		0.62375			4
2024.09.20	02:53:40.576	0.62370	0.62372			6
2024.09.20	02:53:42.746	0.62369				2
2024.09.20	02:53:44.388		0.62371			4
2024.09.20	02:53:46.599	0.62370	0.62373			6
2024.09.20	02:53:48.994	0.62368	0.62370			6
2024.09.20	02:53:51.819	0.62366	0.62369			6
2024.09.20	02:53:52.123	0.62364	0.62366			6
2024.09.20	02:53:54.295	0.62363				2
2024.09.20	02:53:56.627		0.62365			4
2024.09.20	02:53:58.969	0.62365	0.62367			6
2024.09.20	02:53:59.312	0.62366	0.62369			6
2024.09.20	02:53:59.624		0.62368			4
2024.09.20	02:54:00.108	0.62366				2
2024.09.20	02:54:00.763	0.62370	0.62372			6
2024.09.20	02:54:10.507	0.62369				2
2024.09.20	02:54:10.824	0.62370	0.62373			6
2024.09.20	02:54:14.297		0.62372			4
2024.09.20	02:54:19.592	0.62372	0.62373			6
2024.09.20	02:54:19.906	0.62373	0.62374			6
2024.09.20	02:54:23.584	0.62372				2
2024.09.20	02:54:24.605		0.62373			4
2024.09.20	02:54:28.072	0.62370	0.62372			6
2024.09.20	02:54:46.181	0.62368	0.62370			6
2024.09.20	02:54:48.268	0.62367	0.62369			6
2024.09.20	02:54:49.106	0.62364	0.62368			6
2024.09.20	02:54:49.422		0.62367			4
2024.09.20	02:55:00.626	0.62364				2
2024.09.20	02:55:11.589	0.62365				2
2024.09.20	02:55:15.846	0.62363				2
2024.09.20	02:55:34.379		0.62366			4
2024.09.20	02:55:37.943	0.62366	0.62368			6
2024.09.20	02:55:43.537	0.62365				2
2024.09.20	02:55:54.565	0.62362	0.62363			6
2024.09.20	02:55:54.873	0.62361				2
2024.09.20	02:55:55.181	0.62360				2
2024.09.20	02:56:00.050	0.62362				2
2024.09.20	02:56:00.727		0.62364			4
2024.09.20	02:56:01.541	0.62364	0.62366			6
2024.09.20	02:56:07.197		0.62365			4
2024.09.20	02:56:08.282	0.62362	0.62364			6
2024.09.20	02:56:14.421	0.62363	0.62365			6
2024.09.20	02:56:14.727	0.62364				2
2024.09.20	02:56:18.959		0.62367			4
2024.09.20	02:56:20.196	0.62365				2
2024.09.20	02:56:21.348	0.62363	0.62366			6
2024.09.20	02:56:24.778		0.62365			4
2024.09.20	02:56:30.390	0.62361				2
2024.09.20	02:56:51.024	0.62362				2
2024.09.20	02:56:52.346	0.62361				2
2024.09.20	02:56:56.614	0.62362				2
2024.09.20	02:56:57.884	0.62361				2
2024.09.20	02:56:59.034	0.62362				2
2024.09.20	02:57:01.478	0.62362				2
2024.09.20	02:57:06.376	0.62357	0.62359			6
2024.09.20	02:57:12.104	0.62358	0.62360			6
2024.09.20	02:57:14.096		0.62361			4
2024.09.20	02:57:15.802	0.62359				2
2024.09.20	02:57:16.769	0.62360	0.62363			6
2024.09.20	02:57:17.485	0.62362	0.62365			6
2024.09.20	02:57:27.942	0.62363				2
2024.09.20	02:57:30.588	0.62362				2
2024.09.20	02:57:40.465	0.62357	0.62361			6
2024.09.20	02:57:41.648	0.62358	0.62362			6
2024.09.20	02:57:45.022	0.62359				2
2024.09.20	02:57:48.508	0.62360				2
2024.09.20	02:57:51.999		0.62363			4
2024.09.20	02:57:52.383	0.62361	0.62364			6
2024.09.20	02:57:53.702	0.62360				2
2024.09.20	02:57:54.196	0.62361				2
2024.09.20	02:57:56.577	0.62360				2
2024.09.20	02:57:59.273	0.62361				2
2024.09.20	02:58:00.450	0.62361				2
2024.09.20	02:58:01.564	0.62360				2
2024.09.20	02:58:14.779	0.62361				2
2024.09.20	02:58:15.096	0.62360				2
2024.09.20	02:58:17.131	0.62361				2
2024.09.20	02:58:21.373	0.62358	0.62362			6
2024.09.20	02:58:23.461	0.62359				2
2024.09.20	02:58:26.482	0.62360				2
2024.09.20	02:58:27.101	0.62359				2
2024.09.20	02:58:27.676	0.62360				2
2024.09.20	02:58:32.386	0.62359				2
2024.09.20	02:58:38.113		0.62363			4
2024.09.20	02:58:44.675	0.62357	0.62361			6
2024.09.20	02:58:45.436		0.62360			4
2024.09.20	02:58:45.739		0.62361			4
2024.09.20	02:58:46.043	0.62358				2
2024.09.20	02:58:48.528	0.62357				2
2024.09.20	02:58:49.241	0.62358				2
2024.09.20	02:59:01.438	0.62358				2
2024.09.20	02:59:03.455	0.62360	0.62362			6
2024.09.20	02:59:12.451	0.62362	0.62364			6
2024.09.20	02:59:12.795	0.62364	0.62365			6
2024.09.20	02:59:13.582	0.62363				2
2024.09.20	02:59:15.826		0.62364			4
2024.09.20	02:59:16.131	0.62362				2
2024.09.20	02:59:29.767		0.62365			4
2024.09.20	02:59:32.228		0.62363			4
2024.09.20	02:59:32.530		0.62365			4
2024.09.20	02:59:35.008	0.62361	0.62364			6
2024.09.20	02:59:41.746	0.62360				2
2024.09.20	02:59:44.411	0.62361				2
2024.09.20	02:59:44.713	0.62362				2
2024.09.20	02:59:45.033	0.62363	0.62366			6
2024.09.20	02:59:45.376	0.62357	0.62362			6
2024.09.20	02:59:45.678	0.62358	0.62363			6
2024.09.20	02:59:46.621	0.62359				2
2024.09.20	02:59:48.384		0.62364			4
2024.09.20	02:59:49.429	0.62360				2
2024.09.20	02:59:50.416	0.62361				2
2024.09.20	02:59:51.063	0.62360				2
2024.09.20	02:59:51.462	0.62361				2
2024.09.20	02:59:51.781	0.62360				2
2024.09.20	02:59:53.830	0.62361				2
2024.09.20	02:59:56.364	0.62360	0.62365			6
2024.09.20	03:00:00.320	0.62360				2
2024.09.20	03:00:01.145	0.62361				2
2024.09.20	03:00:01.446		0.62366			4
2024.09.20	03:00:01.754	0.62370	0.62373			6
2024.09.20	03:00:02.368	0.62369				2
2024.09.20	03:00:03.514		0.62372			4
2024.09.20	03:00:04.308		0.62373			4
2024.09.20	03:00:04.997		0.62372			4
2024.09.20	03:00:05.457		0.62371			4
2024.09.20	03:00:06.111		0.62373			4
2024.09.20	03:00:06.422	0.62367	0.62371			6
2024.09.20	03:00:06.725	0.62365	0.62370			6
2024.09.20	03:00:07.036	0.62364				2
2024.09.20	03:00:07.421	0.62365	0.62369			6
2024.09.20	03:00:07.870		0.62370			4
2024.09.20	03:00:08.194	0.62364	0.62369			6
2024.09.20	03:00:08.522	0.62365	0.62370			6
2024.09.20	03:00:10.200	0.62366				2
2024.09.20	03:00:10.515	0.62367	0.62371			6
2024.09.20	03:00:10.832	0.62368				2
2024.09.20	03:00:12.019	0.62367				2
2024.09.20	03:00:13.016	0.62366	0.62370			6
2024.09.20	03:00:13.323	0.62365	0.62369			6
2024.09.20	03:00:13.636	0.62363	0.62367			6
2024.09.20	03:00:13.961	0.62361	0.62366			6
2024.09.20	03:00:15.337	0.62360	0.62365			6
2024.09.20	03:00:16.080	0.62364	0.62366			6
2024.09.20	03:00:19.960	0.62362	0.62363			6
2024.09.20	03:00:20.271	0.62360				2
2024.09.20	03:00:20.591	0.62359				2
2024.09.20	03:00:22.069	0.62360				2
2024.09.20	03:00:22.980	0.62359				2
2024.09.20	03:00:25.034		0.62362			4
2024.09.20	03:00:25.336		0.62363			4
2024.09.20	03:00:27.364	0.62361	0.62364			6
2024.09.20	03:00:31.926		0.62365			4
2024.09.20	03:00:35.626		0.62363			4
2024.09.20	03:00:35.943	0.62355	0.62359			6
2024.09.20	03:00:36.328	0.62357				2
2024.09.20	03:00:36.815		0.62360			4
2024.09.20	03:00:37.129	0.62358				2
2024.09.20	03:00:37.620		0.62361			4
2024.09.20	03:00:43.644		0.62360			4
2024.09.20	03:00:44.499	0.62357				2
2024.09.20	03:00:47.692	0.62366	0.62367			6
2024.09.20	03:00:48.005		0.62368			4
2024.09.20	03:00:51.566	0.62365				2
2024.09.20	03:00:52.183	0.62369	0.62372			6
2024.09.20	03:00:52.500	0.62368				2
2024.09.20	03:00:56.354	0.62369				2
2024.09.20	03:01:00.439	0.62370				2
2024.09.20	03:01:01.096		0.62373			4
2024.09.20	03:01:02.934	0.62369				2
2024.09.20	03:01:03.636		0.62372			4
2024.09.20	03:01:03.941		0.62373			4
2024.09.20	03:01:04.278		0.62372			4
2024.09.20	03:01:05.380		0.62373			4
2024.09.20	03:01:05.752		0.62372			4
2024.09.20	03:01:06.063	0.62368	0.62371			6
2024.09.20	03:01:06.975	0.62365	0.62368			6
2024.09.20	03:01:08.002	0.62364	0.62367			6
2024.09.20	03:01:08.315	0.62365				2
2024.09.20	03:01:12.103	0.62363	0.62365			6
2024.09.20	03:01:12.424	0.62361	0.62364			6
2024.09.20	03:01:12.759	0.62360	0.62362			6
2024.09.20	03:01:13.082	0.62358	0.62361			6
2024.09.20	03:01:13.391	0.62360				2
2024.09.20	03:01:18.341	0.62359				2
2024.09.20	03:01:21.362	0.62360	0.62362			6
2024.09.20	03:01:21.706	0.62359				2
2024.09.20	03:01:22.059	0.62361				2
2024.09.20	03:01:22.436	0.62360				2
2024.09.20	03:01:23.328		0.62363			4
2024.09.20	03:01:23.747	0.62363	0.62365			6
