<DATE>	<TIME>	<BID>	<ASK>	<LAST>	<VOLUME>	<FLAGS>
2024.07.22	00:00:00.522	0.60069	0.60269			6
2024.07.22	00:00:00.933	0.60062	0.60262			6
2024.07.22	00:00:01.601	0.60060	0.60260			6
2024.07.22	00:00:31.528	0.60079				2
2024.07.22	00:01:00.780	0.60079				2
2024.07.22	00:01:10.470		0.60273			4
2024.07.22	00:02:00.780	0.60079				2
2024.07.22	00:02:05.500		0.60274			4
2024.07.22	00:03:11.011	0.60079	0.60274			6
2024.07.22	00:03:55.518		0.60275			4
2024.07.22	00:04:11.539	0.60079				2
2024.07.22	00:05:01.159	0.60079	0.60271			6
2024.07.22	00:05:02.706		0.60275			4
2024.07.22	00:05:03.767		0.60260			4
2024.07.22	00:05:12.275		0.60275			4
2024.07.22	00:05:13.367		0.60265			4
2024.07.22	00:05:17.009		0.60253			4
2024.07.22	00:05:28.504		0.60249			4
2024.07.22	00:05:29.132		0.60244			4
2024.07.22	00:05:30.588		0.60208			4
2024.07.22	00:05:40.885		0.60200			4
2024.07.22	00:05:41.977	0.60074	0.60193			6
2024.07.22	00:05:49.373		0.60187			4
2024.07.22	00:06:00.751	0.60074				2
2024.07.22	00:06:01.475	0.60080	0.60210			6
2024.07.22	00:06:06.449		0.60203			4
2024.07.22	00:06:08.755	0.60087				2
2024.07.22	00:06:11.974	0.60083				2
2024.07.22	00:06:17.892	0.60082				2
2024.07.22	00:06:18.959	0.60083				2
2024.07.22	00:06:19.320	0.60082				2
2024.07.22	00:06:20.815	0.60083				2
2024.07.22	00:06:23.815	0.60082				2
2024.07.22	00:06:25.316	0.60083				2
2024.07.22	00:06:27.767	0.60082	0.60244			6
2024.07.22	00:06:29.518	0.60083				2
2024.07.22	00:06:32.818	0.60082	0.60243			6
2024.07.22	00:06:36.410	0.60084	0.60244			6
2024.07.22	00:06:40.744		0.60243			4
2024.07.22	00:06:41.265	0.60080	0.60239			6
2024.07.22	00:06:44.818		0.60238			4
2024.07.22	00:06:47.845		0.60236			4
2024.07.22	00:06:51.374		0.60232			4
2024.07.22	00:06:53.820		0.60231			4
2024.07.22	00:06:56.520		0.60227			4
2024.07.22	00:07:00.117	0.60080				2
2024.07.22	00:07:00.920		0.60226			4
2024.07.22	00:07:01.617		0.60222			4
2024.07.22	00:07:10.021		0.60221			4
2024.07.22	00:07:11.519		0.60218			4
2024.07.22	00:07:11.842	0.60087	0.60242			6
2024.07.22	00:07:14.515		0.60241			4
2024.07.22	00:07:16.403	0.60086	0.60238			6
2024.07.22	00:07:16.781		0.60236			4
2024.07.22	00:07:19.041	0.60088				2
2024.07.22	00:07:19.617	0.60087				2
2024.07.22	00:07:31.103	0.60083	0.60224			6
2024.07.22	00:07:32.798	0.60082				2
2024.07.22	00:07:35.218	0.60083				2
2024.07.22	00:07:41.381	0.60080	0.60215			6
2024.07.22	00:07:49.300	0.60090	0.60236			6
2024.07.22	00:07:51.760	0.60085	0.60231			6
2024.07.22	00:07:54.409		0.60230			4
2024.07.22	00:07:55.621		0.60231			4
2024.07.22	00:07:59.219		0.60230			4
2024.07.22	00:08:01.018	0.60085				2
2024.07.22	00:08:01.785	0.60089	0.60236			6
2024.07.22	00:08:06.115		0.60237			4
2024.07.22	00:08:08.219		0.60236			4
2024.07.22	00:08:21.106	0.60088	0.60231			6
2024.07.22	00:08:26.128	0.60085	0.60228			6
2024.07.22	00:08:28.019	0.60086				2
2024.07.22	00:08:31.411	0.60081	0.60224			6
2024.07.22	00:08:33.419		0.60223			4
2024.07.22	00:08:34.618	0.60082				2
2024.07.22	00:08:41.372	0.60089	0.60224			6
2024.07.22	00:08:41.761	0.60084				2
2024.07.22	00:08:45.718	0.60085				2
2024.07.22	00:08:51.419	0.60086				2
2024.07.22	00:08:51.842		0.60225			4
2024.07.22	00:08:54.053	0.60085	0.60216			6
2024.07.22	00:08:58.444	0.60091	0.60230			6
2024.07.22	00:09:05.144	0.60091				2
2024.07.22	00:09:10.917	0.60088	0.60225			6
2024.07.22	00:09:21.458	0.60092	0.60230			6
2024.07.22	00:09:31.950		0.60228			4
2024.07.22	00:09:33.842	0.60091	0.60227			6
2024.07.22	00:09:35.520	0.60092	0.60226			6
2024.07.22	00:09:37.019	0.60091				2
2024.07.22	00:09:40.448	0.60089	0.60223			6
2024.07.22	00:09:41.533	0.60088				2
2024.07.22	00:09:44.374	0.60092	0.60219			6
2024.07.22	00:09:51.262	0.60088				2
2024.07.22	00:09:51.774	0.60091	0.60230			6
2024.07.22	00:10:00.145	0.60091				2
2024.07.22	00:10:00.459	0.60093				2
2024.07.22	00:10:00.766	0.60079	0.60211			6
2024.07.22	00:10:01.368	0.60074	0.60205			6
2024.07.22	00:10:03.020		0.60203			4
2024.07.22	00:10:05.192	0.60081	0.60214			6
2024.07.22	00:10:06.367	0.60079				2
2024.07.22	00:10:08.237		0.60213			4
2024.07.22	00:10:08.858		0.60214			4
2024.07.22	00:10:09.626	0.60081	0.60213			6
2024.07.22	00:10:11.251	0.60075	0.60206			6
2024.07.22	00:10:12.366		0.60204			4
2024.07.22	00:10:22.674	0.60076				2
2024.07.22	00:10:26.399	0.60075				2
2024.07.22	00:10:27.170	0.60076				2
2024.07.22	00:10:28.197	0.60077				2
2024.07.22	00:10:29.433	0.60076				2
2024.07.22	00:10:31.589		0.60203			4
2024.07.22	00:10:32.405	0.60077				2
2024.07.22	00:10:33.307		0.60199			4
2024.07.22	00:10:33.641		0.60196			4
2024.07.22	00:10:36.402	0.60074	0.60199			6
2024.07.22	00:10:37.918		0.60197			4
2024.07.22	00:10:39.974		0.60194			4
2024.07.22	00:10:42.598		0.60189			4
2024.07.22	00:10:47.303		0.60177			4
2024.07.22	00:10:47.649		0.60174			4
2024.07.22	00:10:51.499		0.60169			4
2024.07.22	00:11:00.296	0.60074				2
2024.07.22	00:11:06.195	0.60069	0.60168			6
2024.07.22	00:11:12.707	0.60074				2
2024.07.22	00:11:29.097		0.60169			4
2024.07.22	00:11:58.110	0.60075	0.60166			6
2024.07.22	00:12:00.594	0.60075				2
2024.07.22	00:12:01.204	0.60076	0.60164			6
2024.07.22	00:12:02.335	0.60075				2
2024.07.22	00:12:04.305		0.60161			4
2024.07.22	00:12:06.197	0.60073	0.60159			6
2024.07.22	00:12:11.309		0.60150			4
2024.07.22	00:12:11.686		0.60154			4
2024.07.22	00:12:12.294		0.60156			4
2024.07.22	00:12:13.198	0.60069	0.60151			6
2024.07.22	00:12:13.695		0.60152			4
2024.07.22	00:12:23.400	0.60070	0.60153			6
2024.07.22	00:12:25.226	0.60076				2
2024.07.22	00:12:31.210	0.60074				2
2024.07.22	00:12:31.526	0.60070				2
2024.07.22	00:12:38.375		0.60151			4
2024.07.22	00:12:43.495	0.60069	0.60148			6
2024.07.22	00:12:47.997	0.60074	0.60139			6
2024.07.22	00:12:49.430	0.60073	0.60168			6
2024.07.22	00:12:51.236	0.60072				2
2024.07.22	00:12:53.613	0.60069	0.60163			6
2024.07.22	00:12:55.796	0.60070				2
2024.07.22	00:13:01.157	0.60070				2
2024.07.22	00:13:02.298		0.60162			4
2024.07.22	00:13:03.678	0.60073				2
2024.07.22	00:13:07.309		0.60160			4
2024.07.22	00:13:10.775	0.60072				2
2024.07.22	00:13:14.040	0.60069	0.60154			6
2024.07.22	00:13:15.594	0.60070				2
2024.07.22	00:13:29.095	0.60069	0.60160			6
2024.07.22	00:13:31.119		0.60154			4
2024.07.22	00:13:34.195	0.60068				2
2024.07.22	00:13:34.504	0.60067				2
2024.07.22	00:13:39.113	0.60060	0.60150			6
2024.07.22	00:13:44.700	0.60062	0.60151			6
2024.07.22	00:13:54.919		0.60150			4
2024.07.22	00:13:55.416		0.60151			4
2024.07.22	00:14:00.756	0.60061	0.60160			6
2024.07.22	00:14:01.769	0.60065	0.60171			6
2024.07.22	00:14:02.267		0.60179			4
2024.07.22	00:14:04.193	0.60066				2
2024.07.22	00:14:05.091		0.60176			4
2024.07.22	00:14:05.590	0.60067	0.60179			6
2024.07.22	00:14:11.297	0.60070	0.60177			6
2024.07.22	00:14:15.302	0.60072	0.60176			6
2024.07.22	00:14:16.496	0.60071				2
2024.07.22	00:14:25.504	0.60070	0.60177			6
2024.07.22	00:14:26.005	0.60072	0.60181			6
2024.07.22	00:14:35.527		0.60183			4
2024.07.22	00:14:45.913	0.60071	0.60181			6
2024.07.22	00:14:56.126	0.60070				2
2024.07.22	00:15:00.546	0.60072				2
2024.07.22	00:15:02.471	0.60060	0.60186			6
2024.07.22	00:15:02.857	0.60056				2
2024.07.22	00:15:03.160	0.60071				2
2024.07.22	00:15:06.351		0.60192			4
2024.07.22	00:15:07.776		0.60180			4
2024.07.22	00:15:08.124		0.60172			4
2024.07.22	00:15:10.760		0.60188			4
2024.07.22	00:15:11.064		0.60191			4
2024.07.22	00:15:16.565	0.60070				2
2024.07.22	00:15:24.305		0.60186			4
2024.07.22	00:15:35.378	0.60073	0.60188			6
2024.07.22	00:15:37.193	0.60074				2
2024.07.22	00:15:43.210	0.60069	0.60192			6
2024.07.22	00:15:45.182	0.60070				2
2024.07.22	00:15:46.175	0.60073	0.60189			6
2024.07.22	00:15:47.179	0.60074				2
2024.07.22	00:15:47.808	0.60064	0.60253			6
2024.07.22	00:15:48.113		0.60248			4
2024.07.22	00:15:50.758		0.60235			4
2024.07.22	00:15:51.123		0.60256			4
2024.07.22	00:15:52.196		0.60255			4
2024.07.22	00:15:53.079		0.60236			4
2024.07.22	00:15:54.197	0.60066	0.60255			6
2024.07.22	00:15:54.993	0.60073				2
2024.07.22	00:15:57.267	0.60072				2
2024.07.22	00:15:58.174		0.60254			4
2024.07.22	00:16:00.382	0.60072				2
2024.07.22	00:16:00.695		0.60243			4
2024.07.22	00:16:01.009	0.60071				2
2024.07.22	00:16:04.197	0.60072	0.60250			6
2024.07.22	00:16:05.993	0.60073				2
2024.07.22	00:16:07.481	0.60070	0.60255			6
2024.07.22	00:16:07.843	0.60069				2
2024.07.22	00:16:08.776	0.60070	0.60256			6
2024.07.22	00:16:11.416	0.60069	0.60244			6
2024.07.22	00:16:11.723		0.60267			4
2024.07.22	00:16:14.317		0.60266			4
2024.07.22	00:16:17.801	0.60070	0.60255			6
2024.07.22	00:16:19.776	0.60071				2
2024.07.22	00:16:21.149	0.60082	0.60261			6
2024.07.22	00:16:21.457		0.60256			4
2024.07.22	00:16:24.937	0.60090	0.60264			6
2024.07.22	00:17:00.598	0.60090				2
2024.07.22	00:17:13.807	0.60091	0.60265			6
2024.07.22	00:18:01.075	0.60091				2
2024.07.22	00:18:09.751	0.60098	0.60266			6
2024.07.22	00:18:10.860		0.60265			4
2024.07.22	00:18:11.795		0.60263			4
2024.07.22	00:18:12.346	0.60100	0.60260			6
2024.07.22	00:18:13.211	0.60102	0.60245			6
2024.07.22	00:18:14.625	0.60101				2
2024.07.22	00:18:18.431	0.60103	0.60243			6
2024.07.22	00:18:20.994	0.60100	0.60237			6
2024.07.22	00:18:23.072	0.60099	0.60236			6
2024.07.22	00:18:27.895		0.60235			4
2024.07.22	00:18:29.400	0.60100				2
2024.07.22	00:18:34.485		0.60234			4
2024.07.22	00:18:35.098		0.60235			4
2024.07.22	00:18:35.686		0.60234			4
2024.07.22	00:18:42.718		0.60233			4
2024.07.22	00:18:49.501	0.60101				2
2024.07.22	00:18:54.415		0.60232			4
2024.07.22	00:18:55.795	0.60102				2
2024.07.22	00:18:56.610	0.60101				2
2024.07.22	00:19:00.293	0.60101				2
2024.07.22	00:19:01.498	0.60102				2
2024.07.22	00:19:02.851	0.60100	0.60230			6
2024.07.22	00:19:08.999	0.60101				2
2024.07.22	00:19:13.973	0.60102				2
2024.07.22	00:19:14.560	0.60101				2
2024.07.22	00:19:20.094	0.60102				2
2024.07.22	00:19:21.114		0.60229			4
2024.07.22	00:19:34.109	0.60101				2
2024.07.22	00:19:35.980	0.60102				2
2024.07.22	00:20:00.716	0.60101	0.60227			6
2024.07.22	00:20:01.794	0.60100				2
2024.07.22	00:20:13.319		0.60226			4
2024.07.22	00:20:14.818		0.60227			4
2024.07.22	00:20:21.719	0.60101				2
2024.07.22	00:20:23.218	0.60100				2
2024.07.22	00:20:27.118		0.60226			4
2024.07.22	00:20:40.796	0.60099				2
2024.07.22	00:20:41.813		0.60227			4
2024.07.22	00:20:42.117		0.60226			4
2024.07.22	00:20:50.418	0.60100				2
2024.07.22	00:20:59.395	0.60099				2
2024.07.22	00:21:00.119	0.60099				2
2024.07.22	00:21:12.408	0.60100				2
2024.07.22	00:21:23.104		0.60227			4
2024.07.22	00:21:28.018		0.60226			4
2024.07.22	00:21:31.940		0.60227			4
2024.07.22	00:21:40.406	0.60101				2
2024.07.22	00:21:47.893	0.60099	0.60217			6
2024.07.22	00:21:50.540		0.60216			4
2024.07.22	00:21:57.622	0.60100	0.60222			6
2024.07.22	00:21:58.209		0.60223			4
2024.07.22	00:21:59.522		0.60222			4
2024.07.22	00:21:59.994	0.60101				2
2024.07.22	00:22:01.149	0.60101				2
2024.07.22	00:22:12.817	0.60105	0.60223			6
2024.07.22	00:22:13.561	0.60103	0.60226			6
2024.07.22	00:22:19.918		0.60225			4
2024.07.22	00:22:34.503	0.60102				2
2024.07.22	00:22:52.933	0.60099	0.60226			6
2024.07.22	00:22:53.598		0.60225			4
2024.07.22	00:23:07.195	0.60099				2
2024.07.22	00:23:25.984	0.60100				2
2024.07.22	00:23:35.403	0.60099				2
2024.07.22	00:23:48.609	0.60100				2
2024.07.22	00:24:00.596	0.60100	0.60225			6
2024.07.22	00:24:02.994	0.60099				2
2024.07.22	00:24:16.175	0.60100				2
2024.07.22	00:25:00.769	0.60100	0.60225			6
2024.07.22	00:25:05.206	0.60097	0.60204			6
2024.07.22	00:25:06.212	0.60094	0.60198			6
2024.07.22	00:25:13.594		0.60189			4
2024.07.22	00:25:13.901		0.60182			4
2024.07.22	00:25:21.896		0.60188			4
2024.07.22	00:25:23.211		0.60189			4
2024.07.22	00:25:31.920		0.60183			4
2024.07.22	00:25:37.929		0.60207			4
2024.07.22	00:25:41.519		0.60210			4
2024.07.22	00:25:50.816		0.60211			4
2024.07.22	00:25:53.179		0.60213			4
2024.07.22	00:25:57.719		0.60212			4
2024.07.22	00:26:02.218	0.60094	0.60213			6
2024.07.22	00:26:13.900		0.60204			4
2024.07.22	00:26:16.031		0.60210			4
2024.07.22	00:26:39.418		0.60209			4
2024.07.22	00:26:43.318		0.60210			4
2024.07.22	00:26:44.382		0.60218			4
2024.07.22	00:26:52.205		0.60212			4
2024.07.22	00:26:53.214		0.60206			4
2024.07.22	00:27:03.597	0.60094				2
2024.07.22	00:27:53.517		0.60201			4
2024.07.22	00:28:09.597	0.60094				2
2024.07.22	00:28:10.738	0.60088				2
2024.07.22	00:28:33.442	0.60058	0.60231			6
2024.07.22	00:28:35.703	0.60057				2
2024.07.22	00:28:40.857		0.60225			4
2024.07.22	00:28:43.877	0.60064				2
2024.07.22	00:28:44.934		0.60230			4
2024.07.22	00:28:47.034	0.60067	0.60226			6
2024.07.22	00:28:48.249	0.60068	0.60211			6
2024.07.22	00:28:48.685	0.60066	0.60223			6
2024.07.22	00:28:49.416	0.60074	0.60229			6
2024.07.22	00:28:51.745	0.60067				2
2024.07.22	00:28:53.694		0.60230			4
2024.07.22	00:28:55.435	0.60069	0.60223			6
2024.07.22	00:28:57.649	0.60071	0.60224			6
2024.07.22	00:28:59.531	0.60072	0.60204			6
2024.07.22	00:29:01.385	0.60072				2
2024.07.22	00:29:01.700	0.60074				2
2024.07.22	00:29:03.007	0.60071	0.60157			6
2024.07.22	00:29:03.727	0.60072				2
2024.07.22	00:29:05.046	0.60074				2
2024.07.22	00:29:05.491	0.60073				2
2024.07.22	00:29:07.500	0.60070				2
2024.07.22	00:29:08.072	0.60074	0.60158			6
2024.07.22	00:29:12.990		0.60157			4
2024.07.22	00:29:18.174		0.60158			4
2024.07.22	00:29:33.830	0.60062	0.60156			6
2024.07.22	00:29:34.891	0.60065				2
2024.07.22	00:29:36.305	0.60066				2
2024.07.22	00:29:38.635	0.60069	0.60158			6
2024.07.22	00:29:50.194	0.60064				2
2024.07.22	00:29:51.436	0.60069				2
2024.07.22	00:29:52.508	0.60070				2
2024.07.22	00:29:59.998	0.60071				2
2024.07.22	00:30:00.375	0.60070				2
2024.07.22	00:30:13.199	0.60071				2
2024.07.22	00:30:14.984	0.60070				2
2024.07.22	00:30:27.595	0.60069				2
2024.07.22	00:30:28.833	0.60070				2
2024.07.22	00:30:30.903	0.60071				2
2024.07.22	00:30:33.296	0.60073				2
2024.07.22	00:30:35.819	0.60072				2
2024.07.22	00:30:36.297	0.60073				2
2024.07.22	00:30:39.905	0.60068	0.60158			6
2024.07.22	00:30:42.293	0.60067				2
2024.07.22	00:30:42.631	0.60066				2
2024.07.22	00:30:44.006	0.60064				2
2024.07.22	00:30:46.816		0.60157			4
2024.07.22	00:30:48.736		0.60156			4
2024.07.22	00:30:50.536		0.60155			4
2024.07.22	00:30:51.041		0.60156			4
2024.07.22	00:30:52.498	0.60065	0.60157			6
2024.07.22	00:30:53.398	0.60064	0.60155			6
2024.07.22	00:30:54.322		0.60156			4
2024.07.22	00:30:55.494		0.60155			4
2024.07.22	00:30:57.439		0.60156			4
2024.07.22	00:30:58.013	0.60065				2
2024.07.22	00:30:59.098	0.60064				2
2024.07.22	00:31:00.456	0.60065	0.60155			6
2024.07.22	00:31:00.791		0.60156			4
2024.07.22	00:31:01.441	0.60064	0.60155			6
2024.07.22	00:31:03.464	0.60065	0.60156			6
2024.07.22	00:31:04.062	0.60064	0.60154			6
2024.07.22	00:31:05.094		0.60155			4
2024.07.22	00:31:06.100		0.60154			4
2024.07.22	00:31:09.002	0.60065				2
2024.07.22	00:31:10.187	0.60064				2
2024.07.22	00:31:10.619		0.60153			4
2024.07.22	00:31:11.013	0.60065	0.60154			6
2024.07.22	00:31:11.937		0.60153			4
2024.07.22	00:31:12.897	0.60066				2
2024.07.22	00:31:13.212		0.60154			4
2024.07.22	00:31:14.518	0.60065				2
2024.07.22	00:31:15.201	0.60066				2
2024.07.22	00:31:16.130	0.60065	0.60153			6
2024.07.22	00:31:17.201	0.60066	0.60154			6
2024.07.22	00:31:18.073	0.60065	0.60153			6
2024.07.22	00:31:19.140	0.60066	0.60154			6
2024.07.22	00:31:20.090	0.60065	0.60152			6
2024.07.22	00:31:21.160	0.60066	0.60153			6
2024.07.22	00:31:22.232	0.60065	0.60152			6
2024.07.22	00:31:23.167	0.60066	0.60153			6
2024.07.22	00:31:24.171		0.60152			4
2024.07.22	00:31:25.163		0.60153			4
2024.07.22	00:31:27.003		0.60152			4
2024.07.22	00:31:28.174	0.60068	0.60154			6
2024.07.22	00:31:29.253	0.60066	0.60152			6
2024.07.22	00:31:31.196		0.60151			4
2024.07.22	00:31:32.033	0.60067	0.60152			6
2024.07.22	00:31:33.184	0.60069	0.60153			6
2024.07.22	00:31:34.252	0.60067	0.60152			6
2024.07.22	00:31:34.615	0.60074				2
2024.07.22	00:31:34.932		0.60153			4
2024.07.22	00:31:35.245		0.60156			4
2024.07.22	00:31:36.195		0.60154			4
2024.07.22	00:31:37.327		0.60155			4
2024.07.22	00:31:38.182		0.60154			4
2024.07.22	00:31:41.339		0.60155			4
2024.07.22	00:31:42.197		0.60154			4
2024.07.22	00:31:43.618		0.60156			4
2024.07.22	00:31:43.951		0.60155			4
2024.07.22	00:31:53.135		0.60153			4
2024.07.22	00:31:53.886		0.60152			4
2024.07.22	00:31:57.192		0.60153			4
2024.07.22	00:31:57.712		0.60152			4
2024.07.22	00:31:58.188		0.60151			4
2024.07.22	00:31:59.599		0.60152			4
2024.07.22	00:32:00.050	0.60074	0.60151			6
2024.07.22	00:32:01.193		0.60153			4
2024.07.22	00:32:03.296		0.60154			4
2024.07.22	00:32:03.619		0.60153			4
2024.07.22	00:32:04.303		0.60152			4
2024.07.22	00:32:04.726	0.60075	0.60154			6
2024.07.22	00:32:05.818		0.60155			4
2024.07.22	00:32:06.590	0.60074	0.60154			6
2024.07.22	00:32:07.229	0.60077	0.60156			6
2024.07.22	00:32:10.320	0.60075	0.60154			6
2024.07.22	00:32:11.237	0.60076	0.60155			6
2024.07.22	00:32:13.017		0.60154			4
2024.07.22	00:32:16.338	0.60075	0.60153			6
2024.07.22	00:32:17.387	0.60077	0.60155			6
2024.07.22	00:32:18.284	0.60082	0.60157			6
2024.07.22	00:32:20.710	0.60081	0.60156			6
2024.07.22	00:32:21.150	0.60084	0.60157			6
2024.07.22	00:32:21.498		0.60158			4
2024.07.22	00:32:22.205	0.60083				2
2024.07.22	00:32:22.610	0.60081	0.60157			6
2024.07.22	00:32:23.218	0.60082				2
2024.07.22	00:32:24.218	0.60079	0.60156			6
2024.07.22	00:32:25.649	0.60080	0.60155			6
2024.07.22	00:32:26.262	0.60081	0.60156			6
2024.07.22	00:32:27.206	0.60078	0.60154			6
2024.07.22	00:32:28.338	0.60080	0.60156			6
2024.07.22	00:32:29.442	0.60078	0.60154			6
2024.07.22	00:32:30.116	0.60079	0.60155			6
2024.07.22	00:32:31.267		0.60154			4
2024.07.22	00:32:33.113	0.60077	0.60152			6
2024.07.22	00:32:33.884	0.60078				2
2024.07.22	00:32:34.901	0.60094	0.60159			6
2024.07.22	00:32:35.699		0.60161			4
2024.07.22	00:32:36.513		0.60160			4
2024.07.22	00:32:37.348		0.60161			4
2024.07.22	00:32:38.279		0.60160			4
2024.07.22	00:32:39.348		0.60161			4
2024.07.22	00:32:40.005		0.60162			4
2024.07.22	00:32:40.353		0.60161			4
2024.07.22	00:32:41.137		0.60164			4
2024.07.22	00:32:42.295		0.60163			4
2024.07.22	00:32:43.197		0.60164			4
2024.07.22	00:32:44.283		0.60163			4
2024.07.22	00:32:44.817		0.60162			4
2024.07.22	00:32:45.312		0.60163			4
2024.07.22	00:32:49.490	0.60089	0.60160			6
2024.07.22	00:32:50.816	0.60088				2
2024.07.22	00:32:51.186		0.60159			4
2024.07.22	00:32:51.749	0.60085	0.60156			6
2024.07.22	00:32:52.382	0.60083	0.60154			6
2024.07.22	00:32:53.331	0.60089	0.60166			6
2024.07.22	00:32:54.261	0.60087				2
2024.07.22	00:32:55.306	0.60090	0.60167			6
2024.07.22	00:32:56.306	0.60088	0.60165			6
2024.07.22	00:32:57.333	0.60090	0.60168			6
2024.07.22	00:32:58.269	0.60088	0.60165			6
2024.07.22	00:32:59.307	0.60090	0.60166			6
2024.07.22	00:33:00.430	0.60089				2
2024.07.22	00:33:03.170		0.60168			4
2024.07.22	00:33:03.484		0.60166			4
2024.07.22	00:33:04.354	0.60091	0.60168			6
2024.07.22	00:33:05.285	0.60089	0.60165			6
2024.07.22	00:33:05.867		0.60166			4
2024.07.22	00:33:06.320		0.60169			4
2024.07.22	00:33:06.728		0.60170			4
2024.07.22	00:33:08.688	0.60091	0.60169			6
2024.07.22	00:33:09.035	0.60093	0.60171			6
2024.07.22	00:33:10.870	0.60091				2
2024.07.22	00:33:11.371	0.60092				2
2024.07.22	00:33:14.214	0.60091				2
2024.07.22	00:33:15.392	0.60092	0.60170			6
2024.07.22	00:33:16.613	0.60093	0.60171			6
2024.07.22	00:33:17.156	0.60090	0.60169			6
2024.07.22	00:33:17.849		0.60168			4
2024.07.22	00:33:18.344	0.60092	0.60169			6
2024.07.22	00:33:19.202	0.60091				2
2024.07.22	00:33:22.546	0.60093				2
2024.07.22	00:33:22.853		0.60171			4
2024.07.22	00:33:23.323	0.60090	0.60168			6
2024.07.22	00:33:24.325	0.60092	0.60170			6
2024.07.22	00:33:25.348	0.60089	0.60168			6
2024.07.22	00:33:25.715	0.60090				2
2024.07.22	00:33:26.157	0.60092	0.60169			6
2024.07.22	00:33:26.492	0.60091				2
2024.07.22	00:33:27.327	0.60090	0.60168			6
2024.07.22	00:33:28.318	0.60092	0.60169			6
2024.07.22	00:33:29.361	0.60089	0.60168			6
2024.07.22	00:33:30.270	0.60092				2
2024.07.22	00:33:30.573		0.60169			4
2024.07.22	00:33:31.364	0.60091	0.60168			6
2024.07.22	00:33:32.373	0.60092				2
2024.07.22	00:33:33.334	0.60090				2
2024.07.22	00:33:34.018		0.60167			4
2024.07.22	00:33:34.367	0.60092	0.60168			6
2024.07.22	00:33:34.914	0.60093	0.60170			6
2024.07.22	00:33:35.366	0.60090	0.60167			6
2024.07.22	00:33:36.439	0.60091	0.60169			6
2024.07.22	00:33:37.390		0.60168			4
2024.07.22	00:33:38.376	0.60092	0.60169			6
2024.07.22	00:33:39.352	0.60090	0.60167			6
2024.07.22	00:33:40.444	0.60092	0.60169			6
2024.07.22	00:33:40.800		0.60170			4
2024.07.22	00:33:41.217	0.60089	0.60167			6
2024.07.22	00:33:42.384	0.60091	0.60168			6
2024.07.22	00:33:44.863		0.60169			4
2024.07.22	00:33:45.361	0.60090	0.60167			6
2024.07.22	00:33:46.385	0.60091	0.60168			6
2024.07.22	00:33:47.390	0.60090	0.60167			6
2024.07.22	00:33:48.390	0.60091	0.60168			6
2024.07.22	00:33:49.397	0.60090	0.60167			6
2024.07.22	00:33:50.396	0.60092	0.60168			6
2024.07.22	00:33:50.704		0.60169			4
2024.07.22	00:33:51.373	0.60090	0.60167			6
2024.07.22	00:33:52.466	0.60091				2
2024.07.22	00:33:52.902		0.60169			4
2024.07.22	00:33:53.347	0.60089	0.60167			6
2024.07.22	00:33:54.404	0.60092	0.60169			6
2024.07.22	00:33:55.312	0.60089	0.60167			6
2024.07.22	00:33:55.959		0.60166			4
2024.07.22	00:33:56.408	0.60091	0.60168			6
2024.07.22	00:33:57.410	0.60089	0.60167			6
2024.07.22	00:33:58.409	0.60092	0.60170			6
2024.07.22	00:33:58.713		0.60169			4
2024.07.22	00:33:59.398	0.60090	0.60167			6
2024.07.22	00:34:00.447	0.60090				2
2024.07.22	00:34:01.410	0.60091				2
2024.07.22	00:34:01.761		0.60168			4
2024.07.22	00:34:02.416	0.60090				2
2024.07.22	00:34:03.006		0.60167			4
2024.07.22	00:34:03.418	0.60091	0.60168			6
2024.07.22	00:34:04.420	0.60089	0.60167			6
2024.07.22	00:34:05.420	0.60091	0.60168			6
2024.07.22	00:34:06.298	0.60090	0.60167			6
2024.07.22	00:34:06.634	0.60085	0.60158			6
2024.07.22	00:34:07.182		0.60159			4
2024.07.22	00:34:07.491	0.60086	0.60160			6
2024.07.22	00:34:09.082		0.60159			4
2024.07.22	00:34:13.217	0.60085				2
2024.07.22	00:34:17.220	0.60086				2
2024.07.22	00:34:18.265	0.60084	0.60157			6
2024.07.22	00:34:19.452	0.60086	0.60159			6
2024.07.22	00:34:21.117	0.60085	0.60158			6
2024.07.22	00:34:22.244	0.60084	0.60157			6
2024.07.22	00:34:23.448	0.60085	0.60158			6
2024.07.22	00:34:28.467	0.60086				2
2024.07.22	00:34:29.395	0.60084	0.60156			6
2024.07.22	00:34:29.700	0.60085				2
2024.07.22	00:34:30.018		0.60157			4
2024.07.22	00:34:30.465	0.60086	0.60158			6
2024.07.22	00:34:32.397	0.60085				2
2024.07.22	00:34:35.474		0.60156			4
2024.07.22	00:34:36.537	0.60086				2
2024.07.22	00:34:36.937		0.60158			4
2024.07.22	00:34:37.474	0.60085	0.60156			6
2024.07.22	00:34:38.474	0.60086	0.60157			6
2024.07.22	00:34:38.780		0.60158			4
2024.07.22	00:34:40.118		0.60155			4
2024.07.22	00:34:40.525		0.60157			4
2024.07.22	00:34:41.119	0.60085				2
2024.07.22	00:34:41.897		0.60156			4
2024.07.22	00:34:44.039	0.60086	0.60157			6
2024.07.22	00:34:44.535	0.60085	0.60155			6
2024.07.22	00:34:45.419	0.60086	0.60156			6
2024.07.22	00:34:46.533	0.60085	0.60155			6
2024.07.22	00:34:47.544	0.60086	0.60157			6
2024.07.22	00:34:48.519	0.60085	0.60155			6
2024.07.22	00:34:49.540	0.60087	0.60156			6
2024.07.22	00:34:50.526	0.60084	0.60155			6
2024.07.22	00:34:51.549	0.60086	0.60156			6
2024.07.22	00:34:52.547	0.60084	0.60154			6
2024.07.22	00:34:53.553	0.60086	0.60155			6
2024.07.22	00:34:54.294	0.60085				2
2024.07.22	00:34:54.622		0.60154			4
2024.07.22	00:34:55.496	0.60087				2
2024.07.22	00:34:55.846		0.60156			4
2024.07.22	00:34:56.556	0.60085	0.60154			6
2024.07.22	00:34:57.487		0.60156			4
2024.07.22	00:34:58.091	0.60087	0.60157			6
2024.07.22	00:34:58.555	0.60084	0.60155			6
2024.07.22	00:34:59.996	0.60085				2
2024.07.22	00:35:01.156	0.60086				2
2024.07.22	00:35:01.565		0.60156			4
2024.07.22	00:35:02.979	0.60085	0.60155			6
2024.07.22	00:35:03.898	0.60086				2
2024.07.22	00:35:05.458	0.60087	0.60156			6
2024.07.22	00:35:06.575	0.60085	0.60154			6
2024.07.22	00:35:07.553	0.60087	0.60156			6
2024.07.22	00:35:08.574	0.60085	0.60154			6
2024.07.22	00:35:11.223	0.60086	0.60155			6
2024.07.22	00:35:11.560	0.60087	0.60156			6
2024.07.22	00:35:12.414	0.60085	0.60154			6
2024.07.22	00:35:12.731	0.60086	0.60155			6
2024.07.22	00:35:14.812	0.60087				2
2024.07.22	00:35:17.413	0.60088				2
2024.07.22	00:35:18.718	0.60087				2
2024.07.22	00:35:21.584	0.60086	0.60154			6
2024.07.22	00:35:22.606	0.60089	0.60156			6
2024.07.22	00:35:23.600	0.60085	0.60154			6
2024.07.22	00:35:24.104	0.60087				2
2024.07.22	00:35:24.988	0.60085				2
2024.07.22	00:35:30.687	0.60086				2
2024.07.22	00:35:31.487	0.60088	0.60159			6
2024.07.22	00:35:31.794	0.60089	0.60154			6
2024.07.22	00:35:32.110		0.60155			4
2024.07.22	00:35:32.417	0.60087	0.60156			6
2024.07.22	00:35:33.297	0.60086	0.60153			6
2024.07.22	00:35:33.602	0.60089	0.60154			6
2024.07.22	00:35:34.363	0.60087	0.60156			6
2024.07.22	00:35:34.693		0.60154			4
2024.07.22	00:35:35.520	0.60088	0.60156			6
2024.07.22	00:35:35.834	0.60085	0.60153			6
2024.07.22	00:35:36.623	0.60084	0.60152			6
2024.07.22	00:35:39.626	0.60085				2
2024.07.22	00:35:40.704	0.60083	0.60150			6
2024.07.22	00:35:41.386	0.60082	0.60149			6
2024.07.22	00:35:43.201	0.60084				2
2024.07.22	00:35:43.545	0.60085	0.60152			6
2024.07.22	00:35:43.911	0.60086				2
2024.07.22	00:35:44.636	0.60083	0.60150			6
2024.07.22	00:35:46.709		0.60149			4
2024.07.22	00:35:47.348	0.60082	0.60147			6
2024.07.22	00:35:48.276	0.60083	0.60149			6
2024.07.22	00:35:49.359	0.60081	0.60147			6
2024.07.22	00:35:50.283	0.60084	0.60149			6
2024.07.22	00:35:50.926		0.60148			4
2024.07.22	00:35:52.318	0.60083				2
2024.07.22	00:35:56.098	0.60082				2
2024.07.22	00:35:56.519		0.60147			4
2024.07.22	00:35:58.295	0.60081	0.60146			6
2024.07.22	00:35:59.297	0.60084	0.60148			6
2024.07.22	00:35:59.876	0.60083				2
2024.07.22	00:36:00.302	0.60084				2
2024.07.22	00:36:01.298	0.60082	0.60147			6
2024.07.22	00:36:02.299	0.60084	0.60148			6
2024.07.22	00:36:04.300	0.60082	0.60147			6
2024.07.22	00:36:05.315	0.60084				2
2024.07.22	00:36:09.116	0.60083				2
2024.07.22	00:36:10.315	0.60084	0.60148			6
2024.07.22	00:36:12.319	0.60083	0.60147			6
2024.07.22	00:36:13.320	0.60084	0.60148			6
2024.07.22	00:36:14.400		0.60147			4
2024.07.22	00:36:14.994	0.60083				2
2024.07.22	00:36:15.398		0.60148			4
2024.07.22	00:36:16.326	0.60084	0.60147			6
2024.07.22	00:36:16.918	0.60083	0.60148			6
2024.07.22	00:36:17.515		0.60147			4
2024.07.22	00:36:18.358	0.60084	0.60148			6
2024.07.22	00:36:19.325		0.60147			4
2024.07.22	00:36:19.797	0.60083				2
2024.07.22	00:36:20.440		0.60148			4
2024.07.22	00:36:20.927	0.60084	0.60147			6
2024.07.22	00:36:28.376	0.60082	0.60146			6
2024.07.22	00:36:29.381	0.60084	0.60147			6
2024.07.22	00:36:30.377	0.60083	0.60146			6
2024.07.22	00:36:31.149	0.60084				2
2024.07.22	00:36:32.387	0.60082	0.60145			6
2024.07.22	00:36:33.384	0.60084	0.60146			6
2024.07.22	00:36:33.897	0.60083				2
2024.07.22	00:36:35.713	0.60084				2
2024.07.22	00:36:36.322		0.60147			4
2024.07.22	00:36:36.692	0.60085	0.60146			6
2024.07.22	00:36:37.392	0.60083	0.60145			6
2024.07.22	00:36:38.137	0.60084				2
2024.07.22	00:36:38.461		0.60146			4
2024.07.22	00:36:38.971	0.60085				2
2024.07.22	00:36:39.395	0.60083				2
2024.07.22	00:36:39.746		0.60145			4
2024.07.22	00:36:40.403	0.60084	0.60146			6
2024.07.22	00:36:43.408	0.60083	0.60145			6
2024.07.22	00:36:44.408	0.60084	0.60147			6
2024.07.22	00:36:45.001		0.60146			4
2024.07.22	00:36:45.408	0.60083	0.60145			6
2024.07.22	00:36:46.413	0.60084				2
2024.07.22	00:36:46.870	0.60085				2
2024.07.22	00:36:47.219	0.60082				2
2024.07.22	00:36:47.838		0.60144			4
2024.07.22	00:36:48.415	0.60085	0.60146			6
2024.07.22	00:36:48.982	0.60083				2
2024.07.22	00:36:49.419		0.60144			4
2024.07.22	00:36:50.420		0.60145			4
2024.07.22	00:36:50.718	0.60084				2
2024.07.22	00:36:51.420	0.60082	0.60144			6
2024.07.22	00:36:51.894	0.60083				2
2024.07.22	00:36:52.242	0.60084	0.60146			6
2024.07.22	00:36:52.992	0.60085	0.60145			6
2024.07.22	00:36:53.334	0.60083				2
2024.07.22	00:36:54.424	0.60084	0.60146			6
2024.07.22	00:36:55.430	0.60083	0.60145			6
2024.07.22	00:36:56.430	0.60084				2
2024.07.22	00:36:57.429	0.60083	0.60144			6
2024.07.22	00:36:58.430	0.60085	0.60146			6
2024.07.22	00:36:59.396	0.60084				2
2024.07.22	00:37:00.595	0.60084				2
2024.07.22	00:37:01.440	0.60083	0.60144			6
2024.07.22	00:37:02.439	0.60085	0.60146			6
2024.07.22	00:37:03.440	0.60083	0.60144			6
2024.07.22	00:37:03.949		0.60148			4
2024.07.22	00:37:04.516	0.60084				2
2024.07.22	00:37:04.914	0.60087	0.60149			6
2024.07.22	00:37:05.517	0.60086	0.60148			6
2024.07.22	00:37:08.728	0.60094	0.60152			6
2024.07.22	00:37:09.982		0.60150			4
2024.07.22	00:37:10.528		0.60151			4
2024.07.22	00:37:13.194		0.60152			4
2024.07.22	00:37:15.463		0.60151			4
2024.07.22	00:37:19.804		0.60150			4
2024.07.22	00:37:22.514		0.60151			4
2024.07.22	00:37:24.066		0.60152			4
2024.07.22	00:37:24.842	0.60102	0.60165			6
2024.07.22	00:37:25.144		0.60169			4
2024.07.22	00:37:25.484	0.60108	0.60175			6
2024.07.22	00:37:26.094		0.60172			4
2024.07.22	00:37:26.484	0.60106	0.60180			6
2024.07.22	00:37:27.002		0.60178			4
2024.07.22	00:37:27.484	0.60108	0.60180			6
2024.07.22	00:37:28.485	0.60107				2
2024.07.22	00:37:29.484	0.60112				2
2024.07.22	00:37:29.979	0.60113				2
2024.07.22	00:37:30.488	0.60111				2
2024.07.22	00:37:33.401	0.60112				2
2024.07.22	00:37:34.061	0.60117				2
2024.07.22	00:37:34.502	0.60113				2
2024.07.22	00:37:35.538	0.60112				2
2024.07.22	00:37:35.862	0.60111				2
2024.07.22	00:37:36.923	0.60108				2
2024.07.22	00:37:39.224	0.60105				2
2024.07.22	00:37:41.256	0.60108				2
2024.07.22	00:37:41.568	0.60104				2
2024.07.22	00:37:42.715	0.60108				2
2024.07.22	00:37:46.517	0.60110				2
2024.07.22	00:37:47.168	0.60099	0.60177			6
2024.07.22	00:37:47.503	0.60095	0.60172			6
2024.07.22	00:37:48.524	0.60097	0.60175			6
2024.07.22	00:37:48.824		0.60174			4
2024.07.22	00:37:49.524	0.60094	0.60172			6
2024.07.22	00:37:50.523	0.60097	0.60173			6
2024.07.22	00:37:51.524	0.60094	0.60172			6
2024.07.22	00:37:52.537	0.60097	0.60174			6
2024.07.22	00:37:52.893	0.60098	0.60175			6
2024.07.22	00:37:53.530	0.60094	0.60172			6
2024.07.22	00:37:54.531	0.60097	0.60174			6
2024.07.22	00:37:55.531	0.60094	0.60171			6
2024.07.22	00:37:56.533	0.60098	0.60174			6
2024.07.22	00:37:57.460	0.60094	0.60171			6
2024.07.22	00:37:58.537	0.60095	0.60172			6
2024.07.22	00:37:59.094	0.60096				2
2024.07.22	00:37:59.619	0.60097	0.60174			6
2024.07.22	00:38:00.000	0.60099				2
2024.07.22	00:38:00.349	0.60094	0.60171			6
2024.07.22	00:38:01.542	0.60097	0.60174			6
2024.07.22	00:38:02.544	0.60094				2
2024.07.22	00:38:03.623		0.60172			4
2024.07.22	00:38:04.554	0.60097	0.60174			6
2024.07.22	00:38:05.550	0.60095	0.60170			6
2024.07.22	00:38:06.549	0.60099	0.60171			6
2024.07.22	00:38:07.122	0.60101	0.60174			6
2024.07.22	00:38:07.556	0.60096	0.60172			6
2024.07.22	00:38:07.864	0.60094	0.60171			6
2024.07.22	00:38:08.216	0.60097	0.60169			6
2024.07.22	00:38:08.557	0.60100	0.60171			6
2024.07.22	00:38:09.276	0.60099				2
2024.07.22	00:38:09.634		0.60169			4
2024.07.22	00:38:10.128	0.60098				2
2024.07.22	00:38:10.559	0.60099	0.60172			6
2024.07.22	00:38:11.676	0.60101				2
2024.07.22	00:38:12.295	0.60099				2
2024.07.22	00:38:12.638	0.60098	0.60170			6
2024.07.22	00:38:13.572	0.60101	0.60172			6
2024.07.22	00:38:14.566	0.60098	0.60169			6
2024.07.22	00:38:15.573	0.60101	0.60170			6
2024.07.22	00:38:16.025	0.60099	0.60171			6
2024.07.22	00:38:16.497	0.60098	0.60170			6
2024.07.22	00:38:17.574	0.60099				2
2024.07.22	00:38:18.146	0.60100	0.60171			6
2024.07.22	00:38:18.575	0.60097	0.60169			6
2024.07.22	00:38:19.581	0.60100	0.60171			6
2024.07.22	00:38:20.228	0.60098	0.60170			6
2024.07.22	00:38:20.536	0.60093				2
2024.07.22	00:38:20.879	0.60092	0.60171			6
2024.07.22	00:38:21.584	0.60100	0.60169			6
2024.07.22	00:38:22.498	0.60098	0.60167			6
2024.07.22	00:38:22.897		0.60165			4
2024.07.22	00:38:23.589	0.60100	0.60168			6
2024.07.22	00:38:24.116		0.60167			4
2024.07.22	00:38:24.590	0.60097	0.60165			6
2024.07.22	00:38:25.595	0.60101	0.60168			6
2024.07.22	00:38:26.097	0.60102				2
2024.07.22	00:38:26.518	0.60098	0.60165			6
2024.07.22	00:38:27.597	0.60101	0.60167			6
2024.07.22	00:38:28.094	0.60099	0.60165			6
2024.07.22	00:38:28.612	0.60097				2
2024.07.22	00:38:29.602	0.60101	0.60167			6
2024.07.22	00:38:30.174	0.60100	0.60166			6
2024.07.22	00:38:30.587	0.60099	0.60167			6
2024.07.22	00:38:30.954	0.60100	0.60168			6
2024.07.22	00:38:31.605	0.60095	0.60165			6
2024.07.22	00:38:32.606	0.60097	0.60168			6
2024.07.22	00:38:32.923		0.60169			4
2024.07.22	00:38:33.468	0.60092	0.60166			6
2024.07.22	00:38:34.611	0.60096	0.60169			6
2024.07.22	00:38:35.096	0.60097				2
2024.07.22	00:38:35.615	0.60092	0.60166			6
2024.07.22	00:38:36.035	0.60094				2
2024.07.22	00:38:36.414	0.60096	0.60170			6
2024.07.22	00:38:36.756		0.60172			4
2024.07.22	00:38:37.181	0.60095	0.60171			6
2024.07.22	00:38:37.617	0.60094	0.60170			6
2024.07.22	00:38:38.620	0.60099	0.60173			6
2024.07.22	00:38:39.594	0.60094	0.60170			6
2024.07.22	00:38:41.624	0.60097	0.60172			6
2024.07.22	00:38:42.628	0.60095	0.60170			6
2024.07.22	00:38:43.628	0.60097	0.60172			6
2024.07.22	00:38:44.631	0.60094	0.60170			6
2024.07.22	00:38:45.634	0.60097	0.60172			6
2024.07.22	00:38:46.196	0.60098				2
2024.07.22	00:38:46.617	0.60095	0.60170			6
2024.07.22	00:38:47.639	0.60097	0.60172			6
2024.07.22	00:38:48.415	0.60094	0.60171			6
2024.07.22	00:38:48.723		0.60169			4
2024.07.22	00:38:49.215		0.60168			4
2024.07.22	00:38:49.642	0.60098	0.60171			6
2024.07.22	00:38:50.372	0.60096	0.60172			6
2024.07.22	00:38:50.719	0.60094	0.60170			6
2024.07.22	00:38:51.644	0.60098	0.60173			6
2024.07.22	00:38:52.647	0.60094	0.60171			6
2024.07.22	00:38:53.220		0.60170			4
2024.07.22	00:38:59.475	0.60098	0.60172			6
2024.07.22	00:38:59.944	0.60099	0.60173			6
2024.07.22	00:39:00.663	0.60095	0.60170			6
2024.07.22	00:39:01.669	0.60098	0.60171			6
2024.07.22	00:39:02.376		0.60172			4
2024.07.22	00:39:02.685	0.60096	0.60170			6
2024.07.22	00:39:03.671	0.60098	0.60171			6
2024.07.22	00:39:04.175	0.60099				2
2024.07.22	00:39:04.618	0.60096	0.60170			6
2024.07.22	00:39:05.674	0.60099	0.60171			6
2024.07.22	00:39:06.677	0.60096	0.60169			6
2024.07.22	00:39:07.620	0.60097	0.60170			6
2024.07.22	00:39:07.923	0.60099	0.60172			6
2024.07.22	00:39:08.373	0.60100	0.60173			6
2024.07.22	00:39:08.757	0.60097	0.60171			6
2024.07.22	00:39:09.703	0.60100	0.60174			6
2024.07.22	00:39:10.588	0.60093	0.60165			6
2024.07.22	00:39:10.975	0.60092				2
2024.07.22	00:39:11.686	0.60095	0.60167			6
2024.07.22	00:39:12.416		0.60166			4
2024.07.22	00:39:12.758	0.60097	0.60167			6
2024.07.22	00:39:13.194	0.60098				2
2024.07.22	00:39:13.688	0.60092	0.60164			6
2024.07.22	00:39:14.692	0.60096	0.60165			6
2024.07.22	00:39:15.330		0.60166			4
2024.07.22	00:39:15.693	0.60093	0.60164			6
2024.07.22	00:39:16.696	0.60099	0.60167			6
2024.07.22	00:39:17.694	0.60094	0.60165			6
2024.07.22	00:39:18.623	0.60099	0.60169			6
2024.07.22	00:39:18.968		0.60170			4
2024.07.22	00:39:19.327	0.60098				2
2024.07.22	00:39:19.720	0.60092	0.60168			6
2024.07.22	00:39:20.708	0.60098	0.60171			6
2024.07.22	00:39:21.333		0.60172			4
2024.07.22	00:39:21.706	0.60091	0.60170			6
2024.07.22	00:39:22.712	0.60093				2
2024.07.22	00:39:23.711	0.60089	0.60167			6
2024.07.22	00:39:24.058		0.60166			4
2024.07.22	00:39:24.716	0.60095	0.60169			6
2024.07.22	00:39:25.217	0.60096				2
2024.07.22	00:39:25.713	0.60091	0.60166			6
2024.07.22	00:39:26.389	0.60099	0.60170			6
2024.07.22	00:39:26.715	0.60103	0.60173			6
2024.07.22	00:39:27.718	0.60101	0.60171			6
2024.07.22	00:39:28.470	0.60102				2
2024.07.22	00:39:28.790	0.60103	0.60175			6
2024.07.22	00:39:29.452	0.60101				2
2024.07.22	00:39:29.793		0.60173			4
2024.07.22	00:39:30.659	0.60103	0.60176			6
2024.07.22	00:39:31.134	0.60102				2
2024.07.22	00:39:31.726	0.60100				2
2024.07.22	00:39:32.054	0.60099	0.60177			6
2024.07.22	00:39:32.694	0.60103	0.60175			6
2024.07.22	00:39:33.488	0.60100	0.60177			6
2024.07.22	00:39:33.791	0.60099	0.60173			6
2024.07.22	00:39:34.731	0.60101	0.60176			6
2024.07.22	00:39:35.732	0.60099	0.60174			6
2024.07.22	00:39:36.739	0.60102	0.60176			6
2024.07.22	00:39:37.736	0.60099	0.60175			6
2024.07.22	00:39:38.383		0.60174			4
2024.07.22	00:39:38.753	0.60102	0.60176			6
2024.07.22	00:39:39.748	0.60099	0.60174			6
2024.07.22	00:39:40.745	0.60101	0.60175			6
2024.07.22	00:39:41.385		0.60176			4
2024.07.22	00:39:41.745	0.60098	0.60173			6
2024.07.22	00:39:42.747	0.60101	0.60174			6
2024.07.22	00:39:43.560	0.60099	0.60176			6
2024.07.22	00:39:44.079	0.60095	0.60175			6
2024.07.22	00:39:44.500	0.60097	0.60176			6
2024.07.22	00:39:44.821	0.60101	0.60175			6
2024.07.22	00:39:45.322	0.60102				2
2024.07.22	00:39:45.752	0.60099	0.60173			6
2024.07.22	00:39:46.762	0.60102	0.60175			6
2024.07.22	00:39:47.759	0.60099	0.60174			6
2024.07.22	00:39:48.298	0.60098				2
2024.07.22	00:39:48.759	0.60101	0.60175			6
2024.07.22	00:39:49.762	0.60099	0.60174			6
2024.07.22	00:39:50.326	0.60098				2
2024.07.22	00:39:50.763	0.60101	0.60175			6
2024.07.22	00:39:51.320	0.60102	0.60176			6
2024.07.22	00:39:51.764	0.60099	0.60174			6
2024.07.22	00:39:52.195	0.60098				2
2024.07.22	00:39:52.769	0.60102	0.60175			6
2024.07.22	00:39:53.772	0.60099	0.60174			6
2024.07.22	00:39:54.079		0.60173			4
2024.07.22	00:39:54.463		0.60175			4
2024.07.22	00:39:54.773	0.60103	0.60177			6
2024.07.22	00:39:55.772	0.60097	0.60174			6
2024.07.22	00:39:56.775	0.60102	0.60178			6
2024.07.22	00:39:57.095		0.60177			4
2024.07.22	00:39:57.780	0.60100	0.60176			6
2024.07.22	00:39:58.780	0.60102	0.60177			6
2024.07.22	00:39:59.780	0.60100	0.60175			6
2024.07.22	00:40:00.542	0.60102				2
2024.07.22	00:40:00.857		0.60177			4
2024.07.22	00:40:01.613	0.60100	0.60173			6
2024.07.22	00:40:02.789	0.60101	0.60175			6
2024.07.22	00:40:03.789	0.60100	0.60173			6
2024.07.22	00:40:04.787	0.60102	0.60175			6
2024.07.22	00:40:05.791	0.60098	0.60172			6
2024.07.22	00:40:06.795	0.60101	0.60174			6
2024.07.22	00:40:07.548	0.60100				2
2024.07.22	00:40:07.873		0.60172			4
2024.07.22	00:40:08.697	0.60101	0.60174			6
2024.07.22	00:40:09.018		0.60175			4
2024.07.22	00:40:09.805	0.60099	0.60173			6
2024.07.22	00:40:10.198	0.60098				2
2024.07.22	00:40:10.533	0.60100				2
2024.07.22	00:40:10.877	0.60101	0.60175			6
2024.07.22	00:40:11.805		0.60172			4
2024.07.22	00:40:12.110	0.60102	0.60173			6
2024.07.22	00:40:12.991	0.60101	0.60174			6
2024.07.22	00:40:14.093	0.60099	0.60171			6
2024.07.22	00:40:15.099	0.60102	0.60173			6
2024.07.22	00:40:16.096	0.60099	0.60172			6
2024.07.22	00:40:17.103	0.60102				2
2024.07.22	00:40:17.703		0.60173			4
2024.07.22	00:40:18.102	0.60100	0.60171			6
2024.07.22	00:40:18.791	0.60099	0.60172			6
2024.07.22	00:40:19.103	0.60100	0.60173			6
2024.07.22	00:40:20.109	0.60098	0.60172			6
2024.07.22	00:40:21.008	0.60101	0.60174			6
2024.07.22	00:40:21.760	0.60100				2
2024.07.22	00:40:22.109	0.60097	0.60172			6
2024.07.22	00:40:22.610	0.60098				2
2024.07.22	00:40:23.113	0.60100	0.60175			6
2024.07.22	00:40:24.120	0.60099	0.60173			6
2024.07.22	00:40:25.115	0.60100	0.60174			6
2024.07.22	00:40:26.117	0.60099	0.60172			6
2024.07.22	00:40:27.035	0.60100	0.60175			6
2024.07.22	00:40:27.595	0.60099				2
2024.07.22	00:40:28.120		0.60172			4
2024.07.22	00:40:28.920	0.60095	0.60171			6
2024.07.22	00:40:30.195	0.60094	0.60170			6
2024.07.22	00:40:30.594	0.60092	0.60168			6
2024.07.22	00:40:31.183	0.60090	0.60165			6
2024.07.22	00:40:32.142	0.60092	0.60168			6
2024.07.22	00:40:32.806	0.60094	0.60166			6
2024.07.22	00:40:33.111	0.60089	0.60164			6
2024.07.22	00:40:33.778	0.60090				2
2024.07.22	00:40:34.134	0.60092	0.60166			6
2024.07.22	00:40:34.915	0.60090	0.60165			6
2024.07.22	00:40:35.297	0.60089	0.60164			6
2024.07.22	00:40:36.135	0.60092	0.60166			6
2024.07.22	00:40:37.018	0.60089	0.60163			6
2024.07.22	00:40:38.140	0.60092	0.60165			6
2024.07.22	00:40:39.140	0.60088	0.60162			6
2024.07.22	00:40:40.145	0.60093	0.60164			6
2024.07.22	00:40:40.613	0.60091	0.60165			6
2024.07.22	00:40:41.144	0.60087	0.60161			6
2024.07.22	00:40:41.992	0.60089	0.60169			6
2024.07.22	00:40:42.995	0.60087	0.60162			6
2024.07.22	00:40:43.994	0.60091	0.60165			6
2024.07.22	00:40:44.994	0.60087	0.60162			6
2024.07.22	00:40:45.996	0.60091	0.60165			6
2024.07.22	00:40:47.000	0.60087	0.60162			6
2024.07.22	00:40:47.813	0.60092	0.60163			6
2024.07.22	00:40:48.572	0.60093				2
2024.07.22	00:40:49.004	0.60088	0.60160			6
2024.07.22	00:40:50.005	0.60091	0.60166			6
2024.07.22	00:40:50.317		0.60165			4
2024.07.22	00:40:51.007	0.60104	0.60164			6
2024.07.22	00:40:51.325		0.60169			4
2024.07.22	00:40:52.081		0.60170			4
2024.07.22	00:40:53.008		0.60169			4
2024.07.22	00:40:53.325		0.60170			4
2024.07.22	00:40:54.010		0.60172			4
2024.07.22	00:40:55.011		0.60171			4
2024.07.22	00:40:56.014		0.60172			4
2024.07.22	00:40:57.017		0.60171			4
2024.07.22	00:40:58.089		0.60172			4
2024.07.22	00:40:59.022		0.60171			4
2024.07.22	00:41:00.022	0.60104				2
2024.07.22	00:41:01.024		0.60170			4
2024.07.22	00:41:02.102		0.60172			4
2024.07.22	00:41:02.922		0.60170			4
2024.07.22	00:41:03.550		0.60171			4
2024.07.22	00:41:04.029		0.60173			4
2024.07.22	00:41:05.028		0.60171			4
2024.07.22	00:41:05.642		0.60170			4
2024.07.22	00:41:06.035		0.60172			4
2024.07.22	00:41:07.041		0.60170			4
2024.07.22	00:41:08.036		0.60172			4
2024.07.22	00:41:09.037		0.60170			4
2024.07.22	00:41:10.915		0.60169			4
2024.07.22	00:41:12.046		0.60172			4
2024.07.22	00:41:13.053		0.60170			4
2024.07.22	00:41:14.122		0.60171			4
2024.07.22	00:41:14.909		0.60170			4
2024.07.22	00:41:16.442	0.60091	0.60169			6
2024.07.22	00:41:16.955	0.60087	0.60167			6
2024.07.22	00:41:17.792		0.60165			4
2024.07.22	00:41:18.134		0.60166			4
2024.07.22	00:41:20.569	0.60085	0.60164			6
2024.07.22	00:41:23.381		0.60165			4
2024.07.22	00:41:24.068	0.60084	0.60162			6
2024.07.22	00:41:25.071	0.60086	0.60164			6
2024.07.22	00:41:26.895		0.60165			4
2024.07.22	00:41:30.020		0.60162			4
2024.07.22	00:41:30.587	0.60085	0.60165			6
2024.07.22	00:41:31.087	0.60084	0.60162			6
2024.07.22	00:41:31.885	0.60086	0.60165			6
2024.07.22	00:41:33.088	0.60084	0.60161			6
2024.07.22	00:41:34.102	0.60088				2
2024.07.22	00:41:35.093	0.60084	0.60158			6
2024.07.22	00:41:35.941	0.60088	0.60160			6
2024.07.22	00:41:36.660		0.60161			4
2024.07.22	00:41:37.104	0.60084	0.60157			6
2024.07.22	00:41:38.098	0.60089	0.60159			6
2024.07.22	00:41:38.659		0.60160			4
2024.07.22	00:41:39.099	0.60085	0.60156			6
2024.07.22	00:41:40.114	0.60089	0.60159			6
2024.07.22	00:41:41.102	0.60086	0.60156			6
2024.07.22	00:41:42.105	0.60089	0.60159			6
2024.07.22	00:41:43.107	0.60085	0.60157			6
2024.07.22	00:41:43.429		0.60156			4
2024.07.22	00:41:43.745	0.60084				2
2024.07.22	00:41:44.057	0.60089	0.60158			6
2024.07.22	00:41:45.116	0.60086	0.60157			6
2024.07.22	00:41:46.113	0.60090	0.60158			6
2024.07.22	00:41:46.690	0.60091	0.60159			6
2024.07.22	00:41:47.114	0.60087	0.60157			6
2024.07.22	00:41:48.118	0.60091	0.60159			6
2024.07.22	00:41:49.117	0.60088	0.60157			6
2024.07.22	00:41:50.122	0.60091	0.60159			6
2024.07.22	00:41:51.122	0.60088	0.60157			6
2024.07.22	00:41:51.577	0.60087				2
2024.07.22	00:41:52.125	0.60089	0.60158			6
2024.07.22	00:41:55.913	0.60086	0.60159			6
2024.07.22	00:41:56.216	0.60084	0.60156			6
2024.07.22	00:41:57.115	0.60088	0.60158			6
2024.07.22	00:41:57.707	0.60089	0.60159			6
2024.07.22	00:41:58.122	0.60083	0.60155			6
2024.07.22	00:41:59.134	0.60085	0.60157			6
2024.07.22	00:42:00.137	0.60083	0.60155			6
2024.07.22	00:42:01.144	0.60086	0.60157			6
2024.07.22	00:42:01.623	0.60088	0.60158			6
2024.07.22	00:42:02.143	0.60083	0.60155			6
2024.07.22	00:42:03.150	0.60086	0.60156			6
2024.07.22	00:42:03.649	0.60087	0.60158			6
2024.07.22	00:42:04.145	0.60084	0.60155			6
2024.07.22	00:42:04.494	0.60083				2
2024.07.22	00:42:05.145	0.60087	0.60157			6
2024.07.22	00:42:06.150	0.60083	0.60155			6
2024.07.22	00:42:07.150	0.60087	0.60158			6
2024.07.22	00:42:08.153	0.60083	0.60155			6
2024.07.22	00:42:09.156	0.60086	0.60158			6
2024.07.22	00:42:10.160	0.60083	0.60157			6
2024.07.22	00:42:11.163	0.60086	0.60159			6
2024.07.22	00:42:12.163	0.60083	0.60157			6
2024.07.22	00:42:13.179	0.60085	0.60159			6
2024.07.22	00:42:14.171	0.60083	0.60158			6
2024.07.22	00:42:15.176	0.60086	0.60160			6
2024.07.22	00:42:16.173	0.60083	0.60157			6
2024.07.22	00:42:17.169	0.60086	0.60160			6
2024.07.22	00:42:17.605	0.60087				2
2024.07.22	00:42:18.173	0.60083	0.60158			6
2024.07.22	00:42:19.172	0.60086	0.60160			6
2024.07.22	00:42:20.175	0.60083	0.60157			6
2024.07.22	00:42:21.188	0.60086	0.60160			6
2024.07.22	00:42:22.182	0.60083	0.60158			6
2024.07.22	00:42:23.183	0.60086	0.60160			6
2024.07.22	00:42:23.881		0.60159			4
2024.07.22	00:42:24.195	0.60084	0.60157			6
2024.07.22	00:42:25.187	0.60087	0.60161			6
2024.07.22	00:42:25.594		0.60156			4
2024.07.22	00:42:26.811		0.60157			4
2024.07.22	00:42:27.190	0.60085	0.60156			6
2024.07.22	00:42:28.092	0.60087	0.60160			6
2024.07.22	00:42:28.846	0.60088				2
2024.07.22	00:42:29.181	0.60085	0.60154			6
2024.07.22	00:42:29.994	0.60087	0.60155			6
2024.07.22	00:42:30.716		0.60156			4
2024.07.22	00:42:31.155	0.60086	0.60155			6
2024.07.22	00:42:31.481	0.60094	0.60159			6
2024.07.22	00:42:35.518		0.60158			4
2024.07.22	00:42:36.215		0.60159			4
2024.07.22	00:42:37.214		0.60158			4
2024.07.22	00:42:39.333		0.60159			4
2024.07.22	00:42:46.795		0.60160			4
2024.07.22	00:42:49.334	0.60088	0.60158			6
2024.07.22	00:42:51.237	0.60086	0.60156			6
2024.07.22	00:42:51.821	0.60085	0.60154			6
2024.07.22	00:42:52.248	0.60087	0.60156			6
2024.07.22	00:42:53.243	0.60085	0.60155			6
2024.07.22	00:42:53.713		0.60154			4
2024.07.22	00:42:54.254	0.60087	0.60156			6
2024.07.22	00:42:55.244	0.60085	0.60154			6
2024.07.22	00:42:56.247	0.60086	0.60156			6
2024.07.22	00:42:56.871	0.60087				2
2024.07.22	00:42:57.248	0.60085	0.60154			6
2024.07.22	00:42:58.251	0.60088	0.60156			6
2024.07.22	00:42:59.012	0.60086				2
2024.07.22	00:42:59.326	0.60084	0.60153			6
2024.07.22	00:43:00.077	0.60085	0.60152			6
2024.07.22	00:43:00.387		0.60153			4
2024.07.22	00:43:00.718		0.60154			4
2024.07.22	00:43:01.257	0.60083	0.60152			6
2024.07.22	00:43:02.098	0.60085	0.60153			6
2024.07.22	00:43:03.263	0.60084				2
2024.07.22	00:43:04.266	0.60085				2
2024.07.22	00:43:05.342	0.60083	0.60152			6
2024.07.22	00:43:06.267	0.60084	0.60153			6
2024.07.22	00:43:06.894	0.60085				2
2024.07.22	00:43:07.267	0.60083	0.60152			6
2024.07.22	00:43:08.286	0.60084	0.60153			6
2024.07.22	00:43:08.910	0.60085				2
2024.07.22	00:43:09.276	0.60083	0.60152			6
2024.07.22	00:43:10.275	0.60086	0.60155			6
2024.07.22	00:43:10.845	0.60085	0.60154			6
2024.07.22	00:43:11.150	0.60083	0.60151			6
2024.07.22	00:43:12.281		0.60152			4
2024.07.22	00:43:14.093	0.60084				2
2024.07.22	00:43:17.267	0.60083	0.60151			6
2024.07.22	00:43:17.859	0.60085	0.60153			6
2024.07.22	00:43:18.860	0.60083	0.60152			6
2024.07.22	00:43:19.860	0.60085	0.60153			6
2024.07.22	00:43:20.867	0.60084				2
2024.07.22	00:43:21.226	0.60083	0.60151			6
2024.07.22	00:43:21.865	0.60085	0.60153			6
2024.07.22	00:43:23.870	0.60083	0.60151			6
2024.07.22	00:43:24.871	0.60085	0.60153			6
2024.07.22	00:43:25.876	0.60083	0.60151			6
2024.07.22	00:43:26.873	0.60086	0.60153			6
2024.07.22	00:43:27.873	0.60083	0.60151			6
2024.07.22	00:43:28.877	0.60086	0.60153			6
2024.07.22	00:43:29.877	0.60083	0.60150			6
2024.07.22	00:43:30.885	0.60086	0.60153			6
2024.07.22	00:43:31.887	0.60083	0.60150			6
2024.07.22	00:43:32.896	0.60086	0.60152			6
2024.07.22	00:43:33.767	0.60083	0.60150			6
2024.07.22	00:43:34.780	0.60085	0.60152			6
2024.07.22	00:43:35.327	0.60087	0.60153			6
2024.07.22	00:43:35.891	0.60083	0.60151			6
2024.07.22	00:43:36.899	0.60085	0.60152			6
2024.07.22	00:43:37.804	0.60084	0.60150			6
2024.07.22	00:43:38.108	0.60086	0.60152			6
2024.07.22	00:43:39.116	0.60083	0.60151			6
2024.07.22	00:43:39.718		0.60150			4
2024.07.22	00:43:40.113	0.60086	0.60152			6
2024.07.22	00:43:41.120	0.60084	0.60151			6
2024.07.22	00:43:42.121	0.60086	0.60153			6
2024.07.22	00:43:43.119	0.60084	0.60150			6
2024.07.22	00:43:44.025	0.60088				2
2024.07.22	00:43:44.381	0.60087	0.60153			6
2024.07.22	00:43:45.122	0.60084	0.60150			6
2024.07.22	00:43:46.124		0.60151			4
2024.07.22	00:43:47.336	0.60087	0.60153			6
2024.07.22	00:43:48.339	0.60084	0.60150			6
2024.07.22	00:43:49.341	0.60086	0.60152			6
2024.07.22	00:43:49.796	0.60087				2
2024.07.22	00:43:50.340	0.60083	0.60150			6
2024.07.22	00:43:51.279	0.60086	0.60152			6
2024.07.22	00:43:52.342	0.60084	0.60150			6
2024.07.22	00:43:53.346	0.60086	0.60151			6
2024.07.22	00:43:53.784		0.60152			4
2024.07.22	00:43:54.348	0.60083	0.60149			6
2024.07.22	00:43:55.354	0.60085	0.60151			6
2024.07.22	00:43:55.936	0.60086	0.60152			6
2024.07.22	00:43:56.809	0.60084	0.60150			6
2024.07.22	00:43:57.815	0.60085	0.60151			6
2024.07.22	00:43:58.816	0.60084	0.60150			6
2024.07.22	00:43:59.696	0.60085	0.60151			6
2024.07.22	00:44:00.097	0.60086				2
2024.07.22	00:44:00.820	0.60083	0.60149			6
2024.07.22	00:44:01.836	0.60085	0.60151			6
2024.07.22	00:44:02.246	0.60086	0.60152			6
2024.07.22	00:44:02.824	0.60084	0.60149			6
2024.07.22	00:44:03.826	0.60086	0.60151			6
2024.07.22	00:44:04.832	0.60084	0.60150			6
2024.07.22	00:44:05.192	0.60083				2
2024.07.22	00:44:05.832	0.60085	0.60151			6
2024.07.22	00:44:06.394	0.60086				2
2024.07.22	00:44:06.853	0.60084	0.60149			6
2024.07.22	00:44:07.843	0.60086	0.60151			6
2024.07.22	00:44:08.838	0.60084	0.60150			6
2024.07.22	00:44:09.596	0.60087				2
2024.07.22	00:44:09.916		0.60152			4
2024.07.22	00:44:10.410	0.60086	0.60151			6
2024.07.22	00:44:10.842	0.60083	0.60148			6
2024.07.22	00:44:11.480		0.60149			4
2024.07.22	00:44:11.845	0.60086	0.60151			6
2024.07.22	00:44:12.843	0.60083	0.60149			6
2024.07.22	00:44:13.838	0.60087	0.60152			6
2024.07.22	00:44:14.352	0.60086	0.60149			6
2024.07.22	00:44:14.691		0.60150			4
2024.07.22	00:44:15.116	0.60087				2
2024.07.22	00:44:15.426		0.60151			4
2024.07.22	00:44:16.109	0.60085	0.60152			6
2024.07.22	00:44:16.557		0.60150			4
2024.07.22	00:44:17.118	0.60087	0.60152			6
2024.07.22	00:44:18.113	0.60084	0.60150			6
2024.07.22	00:44:19.117	0.60086				2
2024.07.22	00:44:20.118	0.60083	0.60149			6
2024.07.22	00:44:21.120	0.60086	0.60151			6
2024.07.22	00:44:22.131	0.60084	0.60149			6
2024.07.22	00:44:22.788		0.60148			4
2024.07.22	00:44:23.129	0.60085	0.60150			6
2024.07.22	00:44:23.768		0.60151			4
2024.07.22	00:44:24.130	0.60084	0.60149			6
2024.07.22	00:44:24.623	0.60083	0.60148			6
2024.07.22	00:44:25.127	0.60086	0.60151			6
2024.07.22	00:44:25.698	0.60087	0.60152			6
2024.07.22	00:44:26.131	0.60083	0.60149			6
2024.07.22	00:44:27.133	0.60086	0.60151			6
2024.07.22	00:44:27.956	0.60083	0.60149			6
2024.07.22	00:44:28.356	0.60094	0.60153			6
2024.07.22	00:44:29.134		0.60154			4
2024.07.22	00:44:30.134		0.60153			4
2024.07.22	00:44:31.137		0.60156			4
2024.07.22	00:44:32.136		0.60154			4
2024.07.22	00:44:33.141		0.60156			4
2024.07.22	00:44:33.967		0.60154			4
2024.07.22	00:44:34.618		0.60153			4
2024.07.22	00:44:35.142		0.60155			4
2024.07.22	00:44:35.583		0.60156			4
2024.07.22	00:44:36.142		0.60154			4
2024.07.22	00:44:37.144		0.60156			4
2024.07.22	00:44:37.711		0.60157			4
2024.07.22	00:44:38.147		0.60154			4
2024.07.22	00:44:39.152		0.60155			4
2024.07.22	00:44:39.649		0.60157			4
2024.07.22	00:44:40.149		0.60154			4
2024.07.22	00:44:41.139		0.60155			4
2024.07.22	00:44:41.677		0.60156			4
2024.07.22	00:44:42.152		0.60154			4
2024.07.22	00:44:42.920		0.60155			4
2024.07.22	00:44:43.228		0.60157			4
2024.07.22	00:44:44.098		0.60155			4
2024.07.22	00:44:45.159		0.60156			4
2024.07.22	00:44:45.809		0.60157			4
2024.07.22	00:44:46.161		0.60155			4
2024.07.22	00:44:47.729		0.60156			4
2024.07.22	00:44:48.160		0.60154			4
2024.07.22	00:44:49.178		0.60157			4
2024.07.22	00:44:49.808		0.60156			4
2024.07.22	00:44:50.164		0.60154			4
2024.07.22	00:44:50.998		0.60156			4
2024.07.22	00:44:52.174		0.60154			4
2024.07.22	00:44:53.169		0.60156			4
2024.07.22	00:44:54.173		0.60154			4
2024.07.22	00:44:55.178		0.60156			4
2024.07.22	00:44:56.171		0.60154			4
2024.07.22	00:44:56.994		0.60156			4
2024.07.22	00:44:58.180		0.60154			4
2024.07.22	00:44:59.183		0.60157			4
2024.07.22	00:44:59.749		0.60155			4
2024.07.22	00:45:00.182	0.60094	0.60154			6
2024.07.22	00:45:01.189	0.60092	0.60155			6
2024.07.22	00:45:02.266	0.60090	0.60154			6
2024.07.22	00:45:02.596	0.60094	0.60155			6
2024.07.22	00:45:02.913	0.60096				2
2024.07.22	00:45:03.260	0.60095	0.60157			6
2024.07.22	00:45:03.756		0.60156			4
2024.07.22	00:45:04.189	0.60094	0.60154			6
2024.07.22	00:45:05.980	0.60109	0.60151			6
2024.07.22	00:45:06.529		0.60152			4
2024.07.22	00:45:07.197	0.60110	0.60154			6
2024.07.22	00:45:08.190	0.60109	0.60150			6
2024.07.22	00:45:08.591		0.60151			4
2024.07.22	00:45:09.037	0.60110	0.60153			6
2024.07.22	00:45:09.342		0.60154			4
2024.07.22	00:45:10.209	0.60109	0.60151			6
2024.07.22	00:45:11.037	0.60110	0.60153			6
2024.07.22	00:45:12.207	0.60109	0.60151			6
2024.07.22	00:45:13.206	0.60111	0.60154			6
2024.07.22	00:45:13.773	0.60110	0.60153			6
2024.07.22	00:45:14.101	0.60109	0.60151			6
2024.07.22	00:45:15.214	0.60110	0.60153			6
2024.07.22	00:45:15.853	0.60112	0.60155			6
2024.07.22	00:45:16.216	0.60109	0.60151			6
2024.07.22	00:45:17.215	0.60111	0.60154			6
2024.07.22	00:45:18.215	0.60109	0.60150			6
2024.07.22	00:45:19.219	0.60111	0.60153			6
2024.07.22	00:45:20.218	0.60109	0.60151			6
2024.07.22	00:45:21.219	0.60111	0.60153			6
2024.07.22	00:45:22.223	0.60109	0.60151			6
2024.07.22	00:45:23.225	0.60112	0.60154			6
2024.07.22	00:45:23.796	0.60110	0.60153			6
2024.07.22	00:45:24.226	0.60109	0.60150			6
2024.07.22	00:45:24.546		0.60152			4
2024.07.22	00:45:25.228	0.60110	0.60153			6
2024.07.22	00:45:25.874	0.60111	0.60154			6
2024.07.22	00:45:26.227	0.60109	0.60149			6
2024.07.22	00:45:26.700		0.60151			4
2024.07.22	00:45:27.232	0.60111	0.60153			6
2024.07.22	00:45:27.795	0.60110				2
2024.07.22	00:45:28.231	0.60109	0.60149			6
2024.07.22	00:45:28.756		0.60151			4
2024.07.22	00:45:29.232	0.60111	0.60153			6
2024.07.22	00:45:30.233	0.60109	0.60149			6
2024.07.22	00:45:30.733		0.60150			4
2024.07.22	00:45:31.235	0.60111	0.60153			6
2024.07.22	00:45:31.863	0.60110				2
2024.07.22	00:45:32.237	0.60109	0.60150			6
2024.07.22	00:45:32.739		0.60151			4
2024.07.22	00:45:33.802	0.60110				2
2024.07.22	00:45:34.239	0.60109	0.60149			6
2024.07.22	00:45:35.252	0.60111	0.60153			6
2024.07.22	00:45:35.797	0.60110	0.60152			6
2024.07.22	00:45:36.246	0.60109	0.60149			6
2024.07.22	00:45:36.759		0.60150			4
2024.07.22	00:45:37.246	0.60111	0.60153			6
2024.07.22	00:45:38.254	0.60109	0.60149			6
2024.07.22	00:45:39.314	0.60110	0.60152			6
2024.07.22	00:45:40.187	0.60109	0.60150			6
2024.07.22	00:45:40.762		0.60149			4
2024.07.22	00:45:41.216	0.60110	0.60152			6
2024.07.22	00:45:41.910	0.60111				2
2024.07.22	00:45:42.257	0.60109	0.60149			6
2024.07.22	00:45:42.610		0.60150			4
2024.07.22	00:45:43.258	0.60112	0.60153			6
2024.07.22	00:45:44.256	0.60109	0.60150			6
2024.07.22	00:45:46.261	0.60112	0.60153			6
2024.07.22	00:45:47.141	0.60109	0.60150			6
2024.07.22	00:45:47.621		0.60149			4
2024.07.22	00:45:48.265	0.60112	0.60153			6
2024.07.22	00:45:49.266	0.60109	0.60149			6
2024.07.22	00:45:50.269	0.60111	0.60152			6
2024.07.22	00:45:50.834	0.60112	0.60153			6
2024.07.22	00:45:51.274	0.60109	0.60150			6
2024.07.22	00:45:52.281	0.60112	0.60153			6
2024.07.22	00:45:53.270	0.60109	0.60150			6
2024.07.22	00:45:54.279	0.60112	0.60153			6
2024.07.22	00:45:54.690	0.60110	0.60151			6
2024.07.22	00:45:55.273	0.60109	0.60149			6
2024.07.22	00:45:55.781	0.60117	0.60150			6
2024.07.22	00:45:56.278		0.60152			4
2024.07.22	00:45:56.841		0.60154			4
2024.07.22	00:45:57.145		0.60151			4
2024.07.22	00:45:57.557	0.60110				2
2024.07.22	00:45:58.280	0.60112	0.60153			6
2024.07.22	00:45:59.285	0.60109	0.60150			6
2024.07.22	00:46:00.288	0.60113	0.60154			6
2024.07.22	00:46:01.285	0.60107	0.60149			6
2024.07.22	00:46:01.785	0.60103	0.60145			6
2024.07.22	00:46:02.291	0.60106	0.60148			6
2024.07.22	00:46:03.289	0.60103	0.60145			6
2024.07.22	00:46:04.290	0.60107	0.60150			6
2024.07.22	00:46:04.873		0.60149			4
2024.07.22	00:46:05.292	0.60103	0.60144			6
2024.07.22	00:46:06.316	0.60104	0.60147			6
2024.07.22	00:46:07.294	0.60103	0.60144			6
2024.07.22	00:46:08.296	0.60105	0.60149			6
2024.07.22	00:46:08.867	0.60104	0.60147			6
2024.07.22	00:46:09.299	0.60103	0.60143			6
2024.07.22	00:46:10.299		0.60146			4
2024.07.22	00:46:11.302		0.60144			4
2024.07.22	00:46:12.301		0.60146			4
2024.07.22	00:46:13.303		0.60144			4
2024.07.22	00:46:14.306		0.60145			4
2024.07.22	00:46:15.296		0.60144			4
2024.07.22	00:46:16.309		0.60146			4
2024.07.22	00:46:17.313		0.60144			4
2024.07.22	00:46:18.313		0.60145			4
2024.07.22	00:46:19.793		0.60146			4
2024.07.22	00:46:22.017		0.60145			4
2024.07.22	00:46:25.321		0.60144			4
2024.07.22	00:46:26.377		0.60146			4
2024.07.22	00:46:27.324		0.60143			4
2024.07.22	00:46:28.324		0.60146			4
2024.07.22	00:46:29.327		0.60144			4
2024.07.22	00:46:30.329		0.60148			4
2024.07.22	00:46:31.009	0.60104				2
2024.07.22	00:46:31.330	0.60103	0.60144			6
2024.07.22	00:46:32.398		0.60147			4
2024.07.22	00:46:33.335		0.60144			4
2024.07.22	00:46:34.336		0.60147			4
2024.07.22	00:46:35.336	0.60100	0.60144			6
2024.07.22	00:46:35.648	0.60102	0.60145			6
2024.07.22	00:46:36.338	0.60103	0.60147			6
2024.07.22	00:46:36.921	0.60104				2
2024.07.22	00:46:37.340	0.60101	0.60144			6
2024.07.22	00:46:40.346	0.60104	0.60146			6
2024.07.22	00:46:41.347	0.60101	0.60144			6
2024.07.22	00:46:42.294	0.60104	0.60147			6
2024.07.22	00:46:43.349	0.60101	0.60144			6
2024.07.22	00:46:44.357	0.60104	0.60146			6
2024.07.22	00:46:45.354	0.60101	0.60144			6
2024.07.22	00:46:46.356	0.60103	0.60146			6
2024.07.22	00:46:47.347	0.60101	0.60144			6
2024.07.22	00:46:48.360	0.60104	0.60146			6
2024.07.22	00:46:48.930		0.60147			4
2024.07.22	00:46:49.367	0.60101	0.60144			6
2024.07.22	00:46:50.365	0.60103	0.60146			6
2024.07.22	00:46:50.960	0.60102	0.60147			6
2024.07.22	00:46:51.364	0.60101	0.60145			6
2024.07.22	00:46:52.372	0.60104	0.60148			6
2024.07.22	00:46:53.369	0.60102	0.60146			6
2024.07.22	00:46:54.373	0.60103				2
2024.07.22	00:46:54.894		0.60147			4
2024.07.22	00:46:55.377	0.60101	0.60145			6
2024.07.22	00:46:55.871	0.60100	0.60144			6
2024.07.22	00:46:56.394	0.60102	0.60146			6
2024.07.22	00:46:57.030	0.60103				2
2024.07.22	00:46:57.378	0.60099	0.60143			6
2024.07.22	00:46:58.387	0.60104	0.60148			6
2024.07.22	00:46:58.948	0.60103	0.60147			6
2024.07.22	00:46:59.309	0.60101	0.60145			6
2024.07.22	00:46:59.921	0.60102	0.60146			6
2024.07.22	00:47:00.351	0.60102				2
2024.07.22	00:47:01.483	0.60093	0.60156			6
2024.07.22	00:47:02.310	0.60096	0.60158			6
2024.07.22	00:47:02.634	0.60114	0.60155			6
2024.07.22	00:47:03.717	0.60113				2
2024.07.22	00:47:06.620	0.60110	0.60153			6
2024.07.22	00:47:09.294	0.60109				2
2024.07.22	00:47:09.785	0.60112	0.60155			6
2024.07.22	00:47:17.223		0.60156			4
2024.07.22	00:47:17.608	0.60113				2
2024.07.22	00:47:41.976		0.60155			4
2024.07.22	00:47:42.900		0.60156			4
2024.07.22	00:47:50.561	0.60109	0.60152			6
2024.07.22	00:47:51.298	0.60107	0.60151			6
2024.07.22	00:47:51.837	0.60110	0.60153			6
2024.07.22	00:47:52.269	0.60111	0.60154			6
2024.07.22	00:47:56.210	0.60112	0.60155			6
2024.07.22	00:48:01.293	0.60112				2
2024.07.22	00:48:02.264	0.60113	0.60156			6
2024.07.22	00:48:02.569	0.60115	0.60158			6
2024.07.22	00:48:04.016	0.60114	0.60157			6
2024.07.22	00:48:12.002		0.60156			4
2024.07.22	00:48:51.110		0.60157			4
2024.07.22	00:48:53.694		0.60156			4
2024.07.22	00:49:00.173	0.60114				2
2024.07.22	00:49:07.795	0.60115				2
2024.07.22	00:49:19.460	0.60114	0.60155			6
2024.07.22	00:49:20.036	0.60115	0.60156			6
2024.07.22	00:49:31.794		0.60157			4
2024.07.22	00:49:38.993		0.60156			4
2024.07.22	00:49:45.372	0.60119	0.60162			6
2024.07.22	00:49:45.681		0.60163			4
2024.07.22	00:49:47.894	0.60120	0.60164			6
2024.07.22	00:49:48.348	0.60121	0.60165			6
2024.07.22	00:49:50.369	0.60119	0.60167			6
2024.07.22	00:49:50.696	0.60122	0.60168			6
2024.07.22	00:49:53.395	0.60113	0.60170			6
2024.07.22	00:49:53.834	0.60118	0.60169			6
2024.07.22	00:49:56.465	0.60113	0.60171			6
2024.07.22	00:49:56.999	0.60116	0.60170			6
2024.07.22	00:49:59.703	0.60108	0.60172			6
2024.07.22	00:50:00.005	0.60114	0.60170			6
2024.07.22	00:50:02.806	0.60111	0.60172			6
2024.07.22	00:50:05.700	0.60108	0.60174			6
2024.07.22	00:50:08.659	0.60111	0.60172			6
2024.07.22	00:50:14.378	0.60115	0.60171			6
2024.07.22	00:50:14.682	0.60114				2
2024.07.22	00:50:17.390		0.60172			4
2024.07.22	00:50:17.740	0.60115	0.60171			6
2024.07.22	00:50:26.320	0.60114				2
2024.07.22	00:50:31.572		0.60172			4
2024.07.22	00:50:33.061	0.60115	0.60171			6
2024.07.22	00:50:50.604	0.60116	0.60172			6
2024.07.22	00:50:53.594		0.60171			4
2024.07.22	00:50:59.096	0.60115				2
2024.07.22	00:51:00.216	0.60115	0.60172			6
2024.07.22	00:51:12.660	0.60116	0.60171			6
2024.07.22	00:51:12.960	0.60113				2
2024.07.22	00:51:13.278		0.60172			4
2024.07.22	00:51:15.833	0.60115				2
2024.07.22	00:51:32.306	0.60116				2
2024.07.22	00:51:41.340		0.60171			4
2024.07.22	00:51:42.296	0.60115				2
2024.07.22	00:52:06.721	0.60115				2
2024.07.22	00:52:08.676	0.60111	0.60173			6
2024.07.22	00:52:09.865	0.60115	0.60171			6
2024.07.22	00:52:11.570	0.60116	0.60173			6
2024.07.22	00:52:13.321	0.60118				2
2024.07.22	00:52:15.853	0.60147	0.60194			6
2024.07.22	00:52:23.395		0.60193			4
2024.07.22	00:52:25.756		0.60194			4
2024.07.22	00:52:29.996		0.60193			4
2024.07.22	00:52:30.445	0.60132	0.60183			6
2024.07.22	00:52:31.023	0.60128	0.60182			6
2024.07.22	00:52:31.918	0.60129				2
2024.07.22	00:52:33.086	0.60128	0.60180			6
2024.07.22	00:52:34.871	0.60127				2
2024.07.22	00:52:36.421		0.60179			4
2024.07.22	00:52:38.305	0.60139	0.60184			6
2024.07.22	00:52:46.422		0.60186			4
2024.07.22	00:52:57.515	0.60134	0.60185			6
2024.07.22	00:53:00.893	0.60134	0.60184			6
2024.07.22	00:53:02.634		0.60183			4
2024.07.22	00:53:03.171	0.60139	0.60186			6
2024.07.22	00:53:05.954		0.60187			4
2024.07.22	00:53:08.670		0.60186			4
2024.07.22	00:53:30.016		0.60180			4
2024.07.22	00:53:33.303		0.60181			4
2024.07.22	00:53:35.140		0.60180			4
2024.07.22	00:53:47.097		0.60179			4
2024.07.22	00:54:01.149	0.60139				2
2024.07.22	00:54:13.197		0.60178			4
2024.07.22	00:55:00.380	0.60139				2
2024.07.22	00:55:05.101	0.60141				2
2024.07.22	00:55:05.405		0.60186			4
2024.07.22	00:55:07.014	0.60140				2
2024.07.22	00:55:07.406	0.60139	0.60185			6
2024.07.22	00:55:11.918		0.60184			4
2024.07.22	00:55:29.421		0.60187			4
2024.07.22	00:55:29.928		0.60189			4
2024.07.22	00:55:32.109		0.60193			4
2024.07.22	00:55:34.175		0.60196			4
2024.07.22	00:55:34.644		0.60193			4
2024.07.22	00:55:35.760		0.60192			4
2024.07.22	00:55:37.079		0.60195			4
2024.07.22	00:55:37.872		0.60193			4
2024.07.22	00:55:40.604		0.60195			4
2024.07.22	00:55:41.044		0.60197			4
2024.07.22	00:55:43.915		0.60195			4
2024.07.22	00:55:45.597		0.60197			4
2024.07.22	00:55:47.374		0.60196			4
2024.07.22	00:55:48.297		0.60195			4
2024.07.22	00:55:49.003		0.60194			4
2024.07.22	00:55:50.012		0.60193			4
2024.07.22	00:55:51.010		0.60192			4
2024.07.22	00:55:52.429		0.60191			4
2024.07.22	00:55:55.494		0.60190			4
2024.07.22	00:55:57.548		0.60194			4
2024.07.22	00:55:59.019	0.60140	0.60193			6
2024.07.22	00:55:59.321	0.60139	0.60198			6
2024.07.22	00:55:59.628		0.60191			4
2024.07.22	00:55:59.947		0.60189			4
2024.07.22	00:56:00.285	0.60139	0.60186			6
2024.07.22	00:56:00.841		0.60185			4
2024.07.22	00:56:03.172	0.60144	0.60183			6
2024.07.22	00:56:04.026		0.60189			4
2024.07.22	00:56:04.517		0.60190			4
2024.07.22	00:56:05.015		0.60188			4
2024.07.22	00:56:06.774		0.60187			4
2024.07.22	00:56:07.591		0.60184			4
2024.07.22	00:56:07.902		0.60183			4
2024.07.22	00:56:08.208		0.60184			4
2024.07.22	00:56:08.821		0.60182			4
2024.07.22	00:56:09.134		0.60185			4
2024.07.22	00:56:09.438		0.60182			4
2024.07.22	00:56:09.777		0.60184			4
2024.07.22	00:56:10.384		0.60181			4
2024.07.22	00:56:10.686		0.60183			4
2024.07.22	00:56:11.003		0.60184			4
2024.07.22	00:56:11.308		0.60182			4
2024.07.22	00:56:11.608		0.60183			4
2024.07.22	00:56:11.916		0.60185			4
2024.07.22	00:56:12.221		0.60184			4
2024.07.22	00:56:12.524		0.60181			4
2024.07.22	00:56:12.835		0.60182			4
2024.07.22	00:56:13.145		0.60181			4
2024.07.22	00:56:13.447		0.60183			4
2024.07.22	00:56:13.776		0.60184			4
2024.07.22	00:56:14.079		0.60182			4
2024.07.22	00:56:14.385		0.60181			4
2024.07.22	00:56:14.697		0.60183			4
2024.07.22	00:56:15.018		0.60182			4
2024.07.22	00:56:15.322		0.60181			4
2024.07.22	00:56:16.876		0.60182			4
2024.07.22	00:56:17.217		0.60181			4
2024.07.22	00:56:17.557		0.60182			4
2024.07.22	00:56:17.900		0.60181			4
2024.07.22	00:56:18.211		0.60182			4
2024.07.22	00:56:18.515		0.60181			4
2024.07.22	00:56:19.181		0.60182			4
2024.07.22	00:56:19.483		0.60181			4
2024.07.22	00:56:20.129		0.60182			4
2024.07.22	00:56:20.433		0.60180			4
2024.07.22	00:56:20.779		0.60182			4
2024.07.22	00:56:21.122		0.60180			4
2024.07.22	00:56:21.469		0.60181			4
2024.07.22	00:56:21.817		0.60180			4
2024.07.22	00:56:22.122		0.60181			4
2024.07.22	00:56:27.085		0.60182			4
2024.07.22	00:56:34.089		0.60181			4
2024.07.22	00:56:35.695		0.60182			4
2024.07.22	00:56:36.883		0.60180			4
2024.07.22	00:56:37.213		0.60181			4
2024.07.22	00:56:40.627		0.60180			4
2024.07.22	00:56:41.298		0.60181			4
2024.07.22	00:56:41.647		0.60179			4
2024.07.22	00:56:41.991		0.60180			4
2024.07.22	00:56:42.347		0.60179			4
2024.07.22	00:56:43.019		0.60182			4
2024.07.22	00:56:43.319		0.60178			4
2024.07.22	00:56:45.129		0.60180			4
2024.07.22	00:56:46.016		0.60178			4
2024.07.22	00:56:46.323		0.60179			4
2024.07.22	00:56:46.951		0.60178			4
2024.07.22	00:56:47.261		0.60179			4
2024.07.22	00:56:47.562	0.60139	0.60178			6
2024.07.22	00:56:48.016		0.60179			4
2024.07.22	00:56:49.737		0.60178			4
2024.07.22	00:56:50.081		0.60175			4
2024.07.22	00:56:50.409		0.60177			4
2024.07.22	00:56:50.730	0.60146	0.60181			6
2024.07.22	00:56:52.391		0.60182			4
2024.07.22	00:56:54.897		0.60181			4
2024.07.22	00:56:55.249		0.60182			4
2024.07.22	00:56:55.582		0.60180			4
2024.07.22	00:56:55.938		0.60181			4
2024.07.22	00:56:56.584		0.60180			4
2024.07.22	00:56:56.888		0.60181			4
2024.07.22	00:56:57.201		0.60180			4
2024.07.22	00:56:57.510		0.60182			4
2024.07.22	00:56:57.849		0.60180			4
2024.07.22	00:56:58.191		0.60182			4
2024.07.22	00:56:58.533		0.60180			4
2024.07.22	00:56:59.217		0.60178			4
2024.07.22	00:56:59.523		0.60182			4
2024.07.22	00:56:59.829		0.60180			4
2024.07.22	00:57:00.176	0.60146				2
2024.07.22	00:57:00.482		0.60181			4
2024.07.22	00:57:03.146		0.60190			4
2024.07.22	00:57:03.650		0.60183			4
2024.07.22	00:57:04.017		0.60180			4
2024.07.22	00:57:04.358		0.60182			4
2024.07.22	00:57:05.393		0.60183			4
2024.07.22	00:57:06.220		0.60182			4
2024.07.22	00:57:06.791		0.60184			4
2024.07.22	00:57:07.193		0.60180			4
2024.07.22	00:57:08.017		0.60179			4
2024.07.22	00:57:12.089		0.60180			4
2024.07.22	00:57:15.597		0.60179			4
2024.07.22	00:57:20.913		0.60177			4
2024.07.22	00:57:21.258		0.60178			4
2024.07.22	00:57:21.600		0.60176			4
2024.07.22	00:57:21.941		0.60177			4
2024.07.22	00:57:22.242		0.60178			4
2024.07.22	00:57:22.565		0.60176			4
2024.07.22	00:57:22.882		0.60178			4
2024.07.22	00:57:26.404		0.60177			4
2024.07.22	00:57:26.943		0.60176			4
2024.07.22	00:57:28.337	0.60139				2
2024.07.22	00:57:28.888		0.60175			4
2024.07.22	00:57:29.448		0.60174			4
2024.07.22	00:57:31.517		0.60173			4
2024.07.22	00:57:31.822		0.60174			4
2024.07.22	00:57:32.167	0.60145	0.60172			6
2024.07.22	00:57:32.468	0.60146	0.60175			6
2024.07.22	00:57:32.794		0.60173			4
2024.07.22	00:57:34.084	0.60118	0.60162			6
2024.07.22	00:57:34.416		0.60163			4
2024.07.22	00:57:34.795		0.60164			4
2024.07.22	00:57:35.113		0.60160			4
2024.07.22	00:57:36.025		0.60158			4
2024.07.22	00:57:36.331		0.60159			4
2024.07.22	00:57:37.335		0.60157			4
2024.07.22	00:57:39.510		0.60159			4
2024.07.22	00:57:40.613		0.60158			4
2024.07.22	00:57:41.116		0.60157			4
2024.07.22	00:57:41.980		0.60158			4
2024.07.22	00:57:43.030	0.60114	0.60166			6
2024.07.22	00:57:44.069		0.60163			4
2024.07.22	00:57:44.641		0.60158			4
2024.07.22	00:57:45.080		0.60153			4
2024.07.22	00:57:45.527		0.60157			4
2024.07.22	00:57:46.069		0.60158			4
2024.07.22	00:57:46.610		0.60156			4
2024.07.22	00:57:47.030		0.60157			4
2024.07.22	00:57:48.893		0.60158			4
2024.07.22	00:57:52.131	0.60108	0.60157			6
2024.07.22	00:57:53.061	0.60107	0.60156			6
2024.07.22	00:57:53.677	0.60102	0.60150			6
2024.07.22	00:57:54.476	0.60100	0.60149			6
2024.07.22	00:57:55.240	0.60101				2
2024.07.22	00:57:57.530		0.60148			4
2024.07.22	00:57:57.860	0.60100	0.60144			6
2024.07.22	00:57:58.184		0.60147			4
2024.07.22	00:57:58.928	0.60099				2
2024.07.22	00:57:59.503	0.60100	0.60148			6
2024.07.22	00:58:00.893	0.60101	0.60149			6
2024.07.22	00:58:02.884	0.60102				2
2024.07.22	00:58:04.652		0.60150			4
2024.07.22	00:58:05.719		0.60149			4
2024.07.22	00:58:07.187		0.60150			4
2024.07.22	00:58:13.102	0.60101	0.60149			6
2024.07.22	00:58:13.480	0.60109	0.60151			6
2024.07.22	00:58:14.096		0.60153			4
2024.07.22	00:58:26.303		0.60154			4
2024.07.22	00:58:35.461		0.60153			4
2024.07.22	00:58:39.256		0.60154			4
2024.07.22	00:58:40.316		0.60155			4
2024.07.22	00:58:43.813	0.60114	0.60157			6
2024.07.22	00:58:45.295		0.60158			4
2024.07.22	00:59:00.065	0.60109	0.60148			6
2024.07.22	00:59:06.296		0.60130			4
2024.07.22	00:59:18.187		0.60125			4
2024.07.22	00:59:29.036	0.60078	0.60118			6
2024.07.22	00:59:29.454	0.60082	0.60119			6
2024.07.22	00:59:30.893	0.60077	0.60118			6
2024.07.22	00:59:31.206	0.60084	0.60116			6
2024.07.22	00:59:34.146	0.60079	0.60118			6
2024.07.22	00:59:34.558	0.60078	0.60120			6
2024.07.22	00:59:35.394	0.60092	0.60131			6
2024.07.22	00:59:37.728	0.60106	0.60146			6
2024.07.22	00:59:38.265		0.60148			4
2024.07.22	00:59:46.726		0.60149			4
2024.07.22	00:59:50.135	0.60113	0.60151			6
2024.07.22	00:59:57.597		0.60150			4
2024.07.22	01:00:00.307	0.60116	0.60154			6
2024.07.22	01:00:00.613	0.60123	0.60155			6
2024.07.22	01:00:01.235		0.60161			4
2024.07.22	01:00:01.567		0.60167			4
2024.07.22	01:00:01.878	0.60114	0.60166			6
2024.07.22	01:00:02.277		0.60172			4
2024.07.22	01:00:02.906	0.60123	0.60163			6
2024.07.22	01:00:03.210	0.60128				2
2024.07.22	01:00:03.611	0.60124	0.60176			6
2024.07.22	01:00:03.919		0.60175			4
2024.07.22	01:00:04.246	0.60128				2
2024.07.22	01:00:04.657		0.60176			4
2024.07.22	01:00:05.016		0.60178			4
2024.07.22	01:00:05.379	0.60121	0.60176			6
2024.07.22	01:00:06.189	0.60124				2
2024.07.22	01:00:06.533		0.60177			4
2024.07.22	01:00:07.323	0.60128	0.60178			6
2024.07.22	01:00:07.642	0.60132				2
2024.07.22	01:00:09.617		0.60177			4
2024.07.22	01:00:09.967	0.60127	0.60170			6
2024.07.22	01:00:10.271	0.60128	0.60168			6
2024.07.22	01:00:10.580		0.60165			4
2024.07.22	01:00:10.895	0.60126				2
2024.07.22	01:00:11.206	0.60124	0.60159			6
2024.07.22	01:00:11.523		0.60157			4
2024.07.22	01:00:11.857		0.60156			4
2024.07.22	01:00:12.694		0.60153			4
2024.07.22	01:00:13.373	0.60127				2
2024.07.22	01:00:13.692	0.60124				2
2024.07.22	01:00:14.351		0.60154			4
2024.07.22	01:00:14.771		0.60155			4
2024.07.22	01:00:15.077		0.60152			4
2024.07.22	01:00:15.386		0.60155			4
2024.07.22	01:00:15.736		0.60154			4
2024.07.22	01:00:16.037		0.60151			4
2024.07.22	01:00:16.341	0.60146	0.60190			6
2024.07.22	01:00:16.644		0.60169			4
2024.07.22	01:00:17.096		0.60171			4
2024.07.22	01:00:17.433		0.60170			4
2024.07.22	01:00:19.522	0.60145				2
2024.07.22	01:00:20.173	0.60136	0.60165			6
2024.07.22	01:00:20.482	0.60131	0.60153			6
2024.07.22	01:00:20.916	0.60129	0.60168			6
2024.07.22	01:00:21.221	0.60124	0.60156			6
2024.07.22	01:00:21.525	0.60127	0.60149			6
2024.07.22	01:00:22.022	0.60126	0.60146			6
2024.07.22	01:00:22.324	0.60127	0.60139			6
2024.07.22	01:00:22.626	0.60129	0.60151			6
2024.07.22	01:00:22.932	0.60126				2
2024.07.22	01:00:23.245	0.60122	0.60158			6
2024.07.22	01:00:23.585	0.60128	0.60164			6
2024.07.22	01:00:23.912		0.60165			4
2024.07.22	01:00:24.590	0.60127	0.60164			6
2024.07.22	01:00:25.179	0.60125	0.60162			6
2024.07.22	01:00:25.487	0.60127	0.60173			6
2024.07.22	01:00:25.820	0.60126	0.60171			6
2024.07.22	01:00:26.178	0.60130				2
2024.07.22	01:00:26.582	0.60124	0.60152			6
2024.07.22	01:00:26.889	0.60126	0.60148			6
2024.07.22	01:00:27.295		0.60151			4
2024.07.22	01:00:27.923	0.60128	0.60143			6
2024.07.22	01:00:28.231	0.60129	0.60139			6
2024.07.22	01:00:28.533	0.60126	0.60142			6
2024.07.22	01:00:28.981		0.60151			4
2024.07.22	01:00:30.896		0.60155			4
2024.07.22	01:00:31.201	0.60124	0.60164			6
2024.07.22	01:00:31.606	0.60137	0.60146			6
2024.07.22	01:00:31.937		0.60147			4
2024.07.22	01:00:32.259	0.60134	0.60141			6
2024.07.22	01:00:32.993		0.60142			4
2024.07.22	01:00:33.883	0.60135	0.60141			6
2024.07.22	01:00:34.221		0.60142			4
2024.07.22	01:00:34.562	0.60127	0.60133			6
2024.07.22	01:00:34.863	0.60133	0.60141			6
2024.07.22	01:00:35.530	0.60127	0.60143			6
2024.07.22	01:00:35.978	0.60126				2
2024.07.22	01:00:36.564	0.60128	0.60140			6
2024.07.22	01:00:37.555	0.60125	0.60135			6
2024.07.22	01:00:38.092		0.60134			4
2024.07.22	01:00:38.702	0.60126	0.60135			6
2024.07.22	01:00:39.059		0.60136			4
2024.07.22	01:00:39.588	0.60127	0.60138			6
2024.07.22	01:00:39.949	0.60129				2
2024.07.22	01:00:40.406	0.60131				2
2024.07.22	01:00:41.217		0.60139			4
2024.07.22	01:00:41.523	0.60133				2
2024.07.22	01:00:44.096		0.60138			4
2024.07.22	01:00:44.404	0.60130	0.60133			6
2024.07.22	01:00:44.978	0.60127	0.60132			6
2024.07.22	01:00:45.280	0.60126				2
2024.07.22	01:00:45.820	0.60131	0.60138			6
2024.07.22	01:00:46.127		0.60139			4
2024.07.22	01:00:46.750	0.60146	0.60149			6
2024.07.22	01:00:47.066	0.60144	0.60152			6
2024.07.22	01:00:47.561	0.60142	0.60151			6
2024.07.22	01:00:48.265	0.60144	0.60153			6
2024.07.22	01:00:48.702	0.60145	0.60152			6
2024.07.22	01:00:50.142	0.60144	0.60153			6
2024.07.22	01:00:50.530	0.60150	0.60158			6
2024.07.22	01:00:50.914	0.60153	0.60160			6
2024.07.22	01:00:51.498	0.60154	0.60161			6
2024.07.22	01:00:52.460		0.60160			4
2024.07.22	01:00:53.949	0.60153	0.60159			6
2024.07.22	01:00:54.429		0.60158			4
2024.07.22	01:00:55.390		0.60157			4
2024.07.22	01:00:55.792	0.60154	0.60158			6
2024.07.22	01:00:57.160	0.60152	0.60159			6
2024.07.22	01:00:58.066	0.60148	0.60152			6
2024.07.22	01:00:58.381	0.60146				2
2024.07.22	01:01:00.310	0.60145				2
2024.07.22	01:01:01.701	0.60146	0.60153			6
2024.07.22	01:01:02.030	0.60147				2
2024.07.22	01:01:04.388	0.60150	0.60155			6
2024.07.22	01:01:05.400	0.60144	0.60150			6
2024.07.22	01:01:05.765	0.60143	0.60149			6
2024.07.22	01:01:23.881	0.60144	0.60151			6
2024.07.22	01:01:24.390	0.60143	0.60149			6
2024.07.22	01:01:29.608	0.60141	0.60146			6
2024.07.22	01:01:30.439	0.60133	0.60140			6
2024.07.22	01:01:30.770		0.60141			4
2024.07.22	01:01:31.487	0.60141	0.60149			6
2024.07.22	01:01:31.823	0.60145	0.60159			6
2024.07.22	01:01:32.389	0.60146	0.60153			6
2024.07.22	01:01:33.397	0.60145	0.60152			6
2024.07.22	01:01:37.023	0.60149	0.60157			6
2024.07.22	01:01:42.911		0.60161			4
2024.07.22	01:01:48.421		0.60163			4
2024.07.22	01:01:50.413	0.60146	0.60160			6
2024.07.22	01:01:51.409		0.60159			4
2024.07.22	01:02:00.371	0.60147				2
2024.07.22	01:02:00.676		0.60158			4
2024.07.22	01:02:02.462	0.60141	0.60153			6
2024.07.22	01:02:03.486		0.60152			4
2024.07.22	01:02:03.804	0.60137	0.60149			6
2024.07.22	01:02:05.397		0.60148			4
2024.07.22	01:02:09.419		0.60149			4
2024.07.22	01:02:16.494	0.60140				2
2024.07.22	01:02:16.803	0.60147	0.60157			6
2024.07.22	01:02:19.881	0.60148				2
2024.07.22	01:02:23.149	0.60147				2
2024.07.22	01:02:23.465	0.60146				2
2024.07.22	01:02:25.933	0.60147				2
2024.07.22	01:02:30.392	0.60146				2
2024.07.22	01:02:33.899	0.60145				2
2024.07.22	01:02:36.846	0.60143				2
2024.07.22	01:02:37.721	0.60142	0.60154			6
2024.07.22	01:02:44.260	0.60143				2
2024.07.22	01:02:45.974	0.60142				2
2024.07.22	01:02:47.775	0.60141				2
2024.07.22	01:03:00.383	0.60141				2
2024.07.22	01:03:01.494	0.60145	0.60156			6
2024.07.22	01:03:02.388		0.60157			4
2024.07.22	01:03:21.251	0.60146				2
2024.07.22	01:03:28.980	0.60154	0.60161			6
2024.07.22	01:03:29.444	0.60155				2
2024.07.22	01:03:30.395		0.60162			4
2024.07.22	01:03:31.318	0.60154	0.60161			6
2024.07.22	01:03:35.816	0.60150	0.60160			6
2024.07.22	01:03:36.422		0.60159			4
2024.07.22	01:03:37.396		0.60160			4
2024.07.22	01:03:38.347		0.60159			4
2024.07.22	01:03:49.330		0.60161			4
2024.07.22	01:04:00.436	0.60151				2
2024.07.22	01:04:01.421	0.60157	0.60164			6
2024.07.22	01:04:02.017	0.60156	0.60167			6
2024.07.22	01:04:12.771	0.60157	0.60168			6
2024.07.22	01:04:31.496	0.60156	0.60167			6
2024.07.22	01:04:33.227	0.60157	0.60168			6
2024.07.22	01:04:40.406	0.60156	0.60167			6
2024.07.22	01:04:41.995	0.60157				2
2024.07.22	01:04:53.154	0.60158	0.60166			6
2024.07.22	01:04:54.224	0.60159	0.60167			6
2024.07.22	01:05:00.356	0.60158	0.60166			6
2024.07.22	01:05:03.331	0.60157				2
2024.07.22	01:05:04.059	0.60158				2
2024.07.22	01:05:06.445		0.60167			4
2024.07.22	01:05:07.386	0.60159				2
2024.07.22	01:05:08.645	0.60158				2
2024.07.22	01:05:09.110	0.60159				2
2024.07.22	01:05:22.049	0.60161				2
2024.07.22	01:05:27.362		0.60166			4
2024.07.22	01:05:28.423	0.60160				2
2024.07.22	01:05:31.258	0.60167	0.60174			6
2024.07.22	01:05:34.198	0.60168				2
2024.07.22	01:05:49.945	0.60167				2
2024.07.22	01:05:51.607		0.60175			4
2024.07.22	01:05:58.359	0.60168				2
2024.07.22	01:06:01.546	0.60168				2
2024.07.22	01:06:02.811	0.60169	0.60171			6
2024.07.22	01:06:03.115	0.60165				2
2024.07.22	01:06:03.468	0.60168	0.60172			6
2024.07.22	01:06:04.200		0.60173			4
2024.07.22	01:06:04.613	0.60162	0.60171			6
2024.07.22	01:06:18.967		0.60170			4
2024.07.22	01:06:29.114	0.60161				2
2024.07.22	01:06:33.968	0.60162				2
2024.07.22	01:06:37.541	0.60163				2
2024.07.22	01:06:38.391	0.60162				2
2024.07.22	01:06:41.498		0.60171			4
2024.07.22	01:06:59.944	0.60164	0.60172			6
2024.07.22	01:07:02.694	0.60164				2
2024.07.22	01:07:07.856	0.60163	0.60167			6
2024.07.22	01:07:34.904	0.60162				2
2024.07.22	01:07:41.072		0.60166			4
2024.07.22	01:07:55.574	0.60160				2
2024.07.22	01:08:00.434	0.60160				2
2024.07.22	01:08:00.842		0.60168			4
2024.07.22	01:08:03.908	0.60161	0.60167			6
2024.07.22	01:08:10.960		0.60166			4
2024.07.22	01:08:18.204	0.60159	0.60162			6
2024.07.22	01:08:23.148	0.60160	0.60164			6
2024.07.22	01:08:25.082		0.60166			4
2024.07.22	01:08:25.668		0.60165			4
2024.07.22	01:08:43.744		0.60162			4
2024.07.22	01:08:48.583	0.60159				2
2024.07.22	01:09:00.595	0.60159				2
2024.07.22	01:09:43.777		0.60162			4
2024.07.22	01:09:53.489	0.60158				2
2024.07.22	01:09:58.128	0.60157				2
2024.07.22	01:09:58.432	0.60158				2
2024.07.22	01:09:59.340	0.60157				2
2024.07.22	01:10:00.367	0.60158	0.60164			6
2024.07.22	01:10:02.995	0.60159				2
2024.07.22	01:10:03.531		0.60163			4
2024.07.22	01:10:04.166		0.60164			4
2024.07.22	01:10:06.141	0.60165	0.60170			6
2024.07.22	01:10:12.595	0.60166	0.60171			6
2024.07.22	01:10:35.980	0.60168	0.60172			6
2024.07.22	01:10:51.251	0.60169	0.60173			6
2024.07.22	01:10:52.562	0.60168	0.60172			6
2024.07.22	01:11:00.136	0.60164	0.60169			6
2024.07.22	01:11:00.450		0.60168			4
2024.07.22	01:11:02.700		0.60169			4
2024.07.22	01:11:11.360	0.60165	0.60170			6
2024.07.22	01:11:47.740	0.60166				2
2024.07.22	01:11:59.338		0.60171			4
2024.07.22	01:12:00.433	0.60166				2
2024.07.22	01:12:09.743	0.60170	0.60175			6
2024.07.22	01:12:18.966	0.60172	0.60177			6
2024.07.22	01:13:00.730	0.60172				2
2024.07.22	01:13:12.044	0.60173				2
2024.07.22	01:13:20.173		0.60177			4
2024.07.22	01:13:25.881	0.60174	0.60178			6
2024.07.22	01:14:00.595	0.60173	0.60179			6
2024.07.22	01:14:04.497		0.60178			4
2024.07.22	01:14:07.477		0.60179			4
2024.07.22	01:14:35.100	0.60174				2
2024.07.22	01:15:00.190	0.60174	0.60180			6
2024.07.22	01:15:01.015		0.60179			4
2024.07.22	01:15:06.467	0.60175	0.60180			6
2024.07.22	01:15:06.984		0.60179			4
2024.07.22	01:15:28.815	0.60178	0.60182			6
2024.07.22	01:15:29.157	0.60179	0.60183			6
2024.07.22	01:15:30.247	0.60178				2
2024.07.22	01:15:44.089	0.60179				2
2024.07.22	01:15:44.894	0.60178				2
2024.07.22	01:15:45.398	0.60179				2
2024.07.22	01:15:46.020	0.60178				2
2024.07.22	01:15:46.406	0.60179				2
2024.07.22	01:15:47.151	0.60178				2
2024.07.22	01:15:48.310	0.60179				2
2024.07.22	01:15:49.388	0.60178				2
2024.07.22	01:15:54.389		0.60182			4
2024.07.22	01:16:00.676	0.60178				2
2024.07.22	01:16:01.193		0.60183			4
2024.07.22	01:16:07.435		0.60182			4
2024.07.22	01:16:19.579	0.60180	0.60181			6
2024.07.22	01:16:22.081		0.60182			4
2024.07.22	01:16:22.491	0.60181				2
2024.07.22	01:16:23.855		0.60183			4
2024.07.22	01:16:28.848	0.60182	0.60185			6
2024.07.22	01:16:30.373		0.60183			4
2024.07.22	01:16:38.421		0.60184			4
2024.07.22	01:16:39.060		0.60183			4
2024.07.22	01:16:39.825	0.60180	0.60182			6
2024.07.22	01:16:41.679	0.60181				2
2024.07.22	01:16:46.311		0.60183			4
2024.07.22	01:16:54.901	0.60178	0.60180			6
2024.07.22	01:17:00.614	0.60186	0.60188			6
2024.07.22	01:17:00.976	0.60185	0.60187			6
2024.07.22	01:17:04.195	0.60184				2
2024.07.22	01:17:12.338	0.60185				2
2024.07.22	01:17:15.644	0.60184				2
2024.07.22	01:17:16.768	0.60186	0.60188			6
2024.07.22	01:17:20.980	0.60187				2
2024.07.22	01:17:27.157		0.60189			4
2024.07.22	01:17:41.078	0.60186				2
2024.07.22	01:17:53.110	0.60184	0.60187			6
2024.07.22	01:17:54.256		0.60188			4
2024.07.22	01:17:55.727		0.60189			4
2024.07.22	01:18:02.222	0.60184				2
2024.07.22	01:18:08.577	0.60185				2
2024.07.22	01:18:10.054		0.60190			4
2024.07.22	01:18:11.682	0.60186				2
2024.07.22	01:18:14.506		0.60189			4
2024.07.22	01:18:22.237		0.60188			4
2024.07.22	01:18:26.139		0.60189			4
2024.07.22	01:18:36.818		0.60190			4
2024.07.22	01:18:51.004	0.60185	0.60189			6
2024.07.22	01:19:00.423	0.60185				2
2024.07.22	01:19:08.943	0.60187				2
2024.07.22	01:19:18.939		0.60190			4
2024.07.22	01:19:37.465		0.60192			4
2024.07.22	01:19:38.374		0.60191			4
2024.07.22	01:19:58.650	0.60188				2
2024.07.22	01:20:00.296	0.60188				2
2024.07.22	01:20:03.218	0.60189				2
2024.07.22	01:20:07.530	0.60190				2
2024.07.22	01:20:08.412	0.60191	0.60192			6
2024.07.22	01:20:12.197	0.60190	0.60191			6
2024.07.22	01:20:22.460	0.60191	0.60192			6
2024.07.22	01:20:23.476	0.60190	0.60191			6
2024.07.22	01:20:50.094	0.60191	0.60192			6
2024.07.22	01:21:01.411	0.60191				2
2024.07.22	01:21:11.997	0.60190	0.60191			6
2024.07.22	01:21:50.612	0.60189	0.60190			6
2024.07.22	01:21:52.176	0.60190	0.60191			6
2024.07.22	01:22:04.717	0.60190				2
2024.07.22	01:22:12.317	0.60188				2
2024.07.22	01:22:14.756	0.60189				2
2024.07.22	01:22:20.099		0.60192			4
2024.07.22	01:22:23.395		0.60191			4
2024.07.22	01:22:31.500		0.60192			4
2024.07.22	01:22:35.093		0.60191			4
2024.07.22	01:22:42.624	0.60190				2
2024.07.22	01:23:01.149	0.60193	0.60194			6
2024.07.22	01:23:01.794		0.60195			4
2024.07.22	01:23:03.341		0.60196			4
2024.07.22	01:23:21.235	0.60192	0.60195			6
2024.07.22	01:23:31.758		0.60196			4
2024.07.22	01:23:32.461	0.60193				2
2024.07.22	01:24:00.175	0.60193				2
2024.07.22	01:24:19.879	0.60196	0.60200			6
2024.07.22	01:24:33.613		0.60201			4
2024.07.22	01:24:51.881	0.60197				2
2024.07.22	01:25:00.281	0.60197				2
2024.07.22	01:25:34.486		0.60201			4
2024.07.22	01:26:01.421	0.60197				2
2024.07.22	01:26:35.508		0.60201			4
2024.07.22	01:27:00.002	0.60197				2
2024.07.22	01:27:07.795		0.60200			4
2024.07.22	01:27:20.772		0.60201			4
2024.07.22	01:27:23.400		0.60200			4
2024.07.22	01:27:50.135		0.60201			4
2024.07.22	01:28:00.593	0.60197				2
2024.07.22	01:28:50.455		0.60201			4
2024.07.22	01:28:57.329		0.60200			4
2024.07.22	01:29:00.596	0.60197				2
2024.07.22	01:29:04.806	0.60202	0.60205			6
2024.07.22	01:29:06.186	0.60201	0.60204			6
2024.07.22	01:29:10.206		0.60205			4
2024.07.22	01:29:11.130	0.60203				2
2024.07.22	01:29:11.693		0.60206			4
2024.07.22	01:29:17.141		0.60207			4
2024.07.22	01:29:58.055	0.60207	0.60210			6
2024.07.22	01:29:59.646	0.60210	0.60212			6
2024.07.22	01:29:59.964	0.60211	0.60215			6
2024.07.22	01:30:00.308	0.60212				2
2024.07.22	01:30:00.847		0.60216			4
2024.07.22	01:30:01.233	0.60211				2
2024.07.22	01:30:01.580		0.60217			4
2024.07.22	01:30:02.683	0.60212	0.60215			6
2024.07.22	01:30:09.894		0.60216			4
2024.07.22	01:30:11.374		0.60215			4
2024.07.22	01:30:26.817		0.60216			4
2024.07.22	01:30:27.122	0.60213				2
2024.07.22	01:30:27.622		0.60217			4
2024.07.22	01:30:33.821	0.60217	0.60221			6
2024.07.22	01:30:59.822	0.60222	0.60224			6
2024.07.22	01:31:00.130	0.60222	0.60225			6
2024.07.22	01:31:01.807		0.60226			4
2024.07.22	01:31:03.461		0.60223			4
2024.07.22	01:31:03.894		0.60226			4
2024.07.22	01:31:07.168	0.60221	0.60225			6
2024.07.22	01:31:08.206	0.60224				2
2024.07.22	01:31:08.527	0.60225	0.60226			6
2024.07.22	01:31:20.635	0.60226	0.60227			6
2024.07.22	01:31:35.178	0.60225	0.60226			6
2024.07.22	01:31:35.636	0.60226	0.60227			6
2024.07.22	01:31:41.365	0.60225	0.60226			6
2024.07.22	01:31:51.466	0.60219	0.60221			6
2024.07.22	01:31:52.131	0.60222	0.60223			6
2024.07.22	01:31:52.856	0.60221				2
2024.07.22	01:31:53.165		0.60222			4
2024.07.22	01:32:00.533	0.60218	0.60220			6
2024.07.22	01:32:05.649	0.60217	0.60218			6
2024.07.22	01:32:06.075		0.60219			4
2024.07.22	01:32:07.047	0.60218				2
2024.07.22	01:32:10.466		0.60220			4
2024.07.22	01:32:11.578	0.60217				2
2024.07.22	01:32:14.395		0.60219			4
2024.07.22	01:32:14.987		0.60220			4
2024.07.22	01:32:16.111	0.60216	0.60219			6
2024.07.22	01:32:16.457		0.60220			4
2024.07.22	01:32:18.709		0.60219			4
2024.07.22	01:32:21.853	0.60217	0.60220			6
2024.07.22	01:32:22.933		0.60219			4
2024.07.22	01:32:25.466		0.60220			4
2024.07.22	01:32:26.590	0.60216	0.60219			6
2024.07.22	01:32:27.281	0.60217				2
2024.07.22	01:32:27.746	0.60216				2
2024.07.22	01:32:28.550	0.60215	0.60220			6
2024.07.22	01:32:30.187		0.60219			4
2024.07.22	01:32:32.566		0.60220			4
2024.07.22	01:32:37.378		0.60219			4
2024.07.22	01:32:38.995		0.60220			4
2024.07.22	01:32:40.737		0.60219			4
2024.07.22	01:32:43.021		0.60220			4
2024.07.22	01:32:43.601	0.60217				2
2024.07.22	01:32:50.415	0.60216				2
2024.07.22	01:32:59.095	0.60215	0.60219			6
2024.07.22	01:33:00.314	0.60216				2
2024.07.22	01:33:01.729	0.60217				2
2024.07.22	01:33:09.192		0.60220			4
2024.07.22	01:33:19.097	0.60218				2
2024.07.22	01:33:23.970	0.60219				2
2024.07.22	01:34:00.426	0.60219				2
2024.07.22	01:34:10.524		0.60220			4
2024.07.22	01:34:11.011	0.60220	0.60221			6
2024.07.22	01:34:22.004	0.60216	0.60219			6
2024.07.22	01:34:33.347		0.60220			4
2024.07.22	01:34:39.831		0.60219			4
2024.07.22	01:34:40.134		0.60220			4
2024.07.22	01:34:52.188	0.60218				2
2024.07.22	01:34:57.355	0.60221	0.60223			6
2024.07.22	01:34:57.660	0.60220	0.60222			6
2024.07.22	01:34:58.349		0.60223			4
2024.07.22	01:35:00.429	0.60220				2
2024.07.22	01:35:01.008	0.60221				2
2024.07.22	01:35:03.931	0.60218	0.60222			6
2024.07.22	01:35:04.243		0.60221			4
2024.07.22	01:35:34.719		0.60220			4
2024.07.22	01:35:52.528		0.60221			4
2024.07.22	01:35:56.306		0.60220			4
2024.07.22	01:35:57.746		0.60219			4
2024.07.22	01:36:00.296	0.60218				2
2024.07.22	01:36:02.319		0.60220			4
2024.07.22	01:36:03.344		0.60219			4
2024.07.22	01:36:14.287		0.60220			4
2024.07.22	01:36:15.732	0.60217				2
2024.07.22	01:36:20.350		0.60219			4
2024.07.22	01:36:42.756		0.60221			4
2024.07.22	01:36:49.378		0.60220			4
2024.07.22	01:37:02.515	0.60217	0.60221			6
2024.07.22	01:37:28.127		0.60220			4
2024.07.22	01:37:28.634		0.60221			4
2024.07.22	01:37:39.909	0.60224	0.60228			6
2024.07.22	01:37:45.628	0.60225				2
2024.07.22	01:38:00.295	0.60225	0.60229			6
2024.07.22	01:38:18.234		0.60228			4
2024.07.22	01:38:20.392	0.60227	0.60229			6
2024.07.22	01:38:22.526		0.60231			4
2024.07.22	01:38:30.634		0.60230			4
2024.07.22	01:38:35.642		0.60231			4
2024.07.22	01:38:37.378	0.60228				2
2024.07.22	01:38:37.898		0.60230			4
2024.07.22	01:38:43.377		0.60231			4
2024.07.22	01:38:57.378	0.60229	0.60232			6
2024.07.22	01:38:57.807	0.60228				2
2024.07.22	01:39:03.598	0.60228				2
2024.07.22	01:39:19.178	0.60231	0.60234			6
2024.07.22	01:39:20.977	0.60233	0.60235			6
2024.07.22	01:39:21.281		0.60236			4
2024.07.22	01:39:41.189		0.60237			4
2024.07.22	01:39:52.021		0.60236			4
2024.07.22	01:39:58.637	0.60236	0.60239			6
2024.07.22	01:39:59.276		0.60238			4
2024.07.22	01:40:00.359	0.60236				2
2024.07.22	01:40:01.977		0.60239			4
2024.07.22	01:40:05.174		0.60238			4
2024.07.22	01:40:06.482		0.60239			4
2024.07.22	01:40:09.845		0.60238			4
2024.07.22	01:40:15.497		0.60237			4
2024.07.22	01:40:16.286		0.60238			4
2024.07.22	01:40:16.626		0.60237			4
2024.07.22	01:40:18.880		0.60238			4
2024.07.22	01:40:21.130		0.60237			4
2024.07.22	01:40:24.333		0.60240			4
2024.07.22	01:40:27.817		0.60239			4
2024.07.22	01:40:28.118		0.60240			4
2024.07.22	01:40:31.502		0.60238			4
2024.07.22	01:40:42.554		0.60240			4
2024.07.22	01:40:49.254	0.60238				2
2024.07.22	01:41:00.108	0.60238				2
2024.07.22	01:41:10.134		0.60241			4
2024.07.22	01:41:12.173		0.60242			4
2024.07.22	01:41:12.539		0.60241			4
2024.07.22	01:41:19.988	0.60237	0.60240			6
2024.07.22	01:41:30.688	0.60242	0.60245			6
2024.07.22	01:41:51.402		0.60246			4
2024.07.22	01:41:53.576		0.60247			4
2024.07.22	01:41:59.841	0.60244				2
2024.07.22	01:42:00.154	0.60244	0.60248			6
2024.07.22	01:42:04.347	0.60248	0.60252			6
2024.07.22	01:42:07.393		0.60251			4
2024.07.22	01:42:09.159	0.60250	0.60252			6
2024.07.22	01:42:09.924	0.60251				2
2024.07.22	01:42:12.394	0.60249	0.60251			6
2024.07.22	01:42:17.080		0.60250			4
2024.07.22	01:42:27.153		0.60251			4
2024.07.22	01:43:04.355	0.60249				2
2024.07.22	01:43:18.236		0.60250			4
2024.07.22	01:43:18.540		0.60251			4
2024.07.22	01:43:35.762	0.60252	0.60253			6
2024.07.22	01:43:36.086		0.60255			4
2024.07.22	01:43:40.177		0.60254			4
2024.07.22	01:43:54.231		0.60255			4
2024.07.22	01:44:00.383	0.60252				2
2024.07.22	01:44:16.069	0.60253				2
2024.07.22	01:44:19.447	0.60257	0.60262			6
2024.07.22	01:44:19.839		0.60260			4
2024.07.22	01:44:21.841	0.60258	0.60259			6
2024.07.22	01:44:23.901	0.60262	0.60265			6
2024.07.22	01:44:29.697		0.60264			4
2024.07.22	01:44:34.890	0.60263	0.60266			6
2024.07.22	01:44:39.787	0.60264	0.60267			6
2024.07.22	01:44:44.943	0.60266	0.60270			6
2024.07.22	01:44:46.024		0.60271			4
2024.07.22	01:44:49.397		0.60269			4
2024.07.22	01:44:52.767	0.60264	0.60267			6
2024.07.22	01:44:54.612		0.60266			4
2024.07.22	01:44:55.702		0.60267			4
2024.07.22	01:44:57.909	0.60265	0.60269			6
2024.07.22	01:44:58.398		0.60270			4
2024.07.22	01:44:59.110		0.60269			4
2024.07.22	01:45:00.254	0.60265				2
2024.07.22	01:45:02.256		0.60268			4
2024.07.22	01:45:02.688		0.60269			4
2024.07.22	01:45:14.576	0.60267	0.60270			6
2024.07.22	01:45:18.815		0.60271			4
2024.07.22	01:45:25.403	0.60268				2
2024.07.22	01:45:25.715	0.60267				2
2024.07.22	01:45:26.095		0.60270			4
2024.07.22	01:45:37.723	0.60265	0.60267			6
2024.07.22	01:45:41.054	0.60264	0.60268			6
2024.07.22	01:45:44.995	0.60263				2
2024.07.22	01:45:49.902	0.60264				2
2024.07.22	01:45:50.341	0.60263				2
2024.07.22	01:45:50.694		0.60267			4
2024.07.22	01:45:52.613		0.60265			4
2024.07.22	01:45:52.920		0.60267			4
2024.07.22	01:46:00.232	0.60263	0.60266			6
2024.07.22	01:46:00.560		0.60264			4
2024.07.22	01:46:00.874	0.60258	0.60261			6
2024.07.22	01:46:01.517		0.60260			4
2024.07.22	01:46:02.624		0.60261			4
2024.07.22	01:46:09.820		0.60262			4
2024.07.22	01:46:10.752	0.60257	0.60261			6
2024.07.22	01:46:28.892	0.60256				2
2024.07.22	01:46:29.733	0.60258				2
2024.07.22	01:46:32.142	0.60256				2
2024.07.22	01:46:39.127		0.60260			4
2024.07.22	01:47:00.280	0.60256				2
2024.07.22	01:47:02.284	0.60257				2
2024.07.22	01:47:11.000		0.60259			4
2024.07.22	01:47:11.302		0.60261			4
2024.07.22	01:47:30.326	0.60256				2
2024.07.22	01:47:35.786	0.60255	0.60260			6
2024.07.22	01:48:00.276	0.60255	0.60259			6
2024.07.22	01:48:03.758	0.60253	0.60257			6
2024.07.22	01:48:22.746	0.60252	0.60256			6
2024.07.22	01:48:23.086		0.60255			4
2024.07.22	01:48:32.154	0.60251				2
2024.07.22	01:48:41.960	0.60252				2
2024.07.22	01:48:42.401		0.60256			4
2024.07.22	01:48:52.687	0.60253	0.60258			6
2024.07.22	01:49:00.808	0.60253				2
2024.07.22	01:49:09.288		0.60257			4
2024.07.22	01:49:09.624		0.60258			4
2024.07.22	01:49:11.851		0.60257			4
2024.07.22	01:49:13.327	0.60254	0.60258			6
2024.07.22	01:49:13.974	0.60255				2
2024.07.22	01:49:30.482	0.60258	0.60261			6
2024.07.22	01:49:56.994	0.60261	0.60262			6
2024.07.22	01:50:00.135	0.60261				2
2024.07.22	01:50:00.712	0.60258	0.60260			6
2024.07.22	01:50:25.331	0.60259				2
2024.07.22	01:50:41.443	0.60260	0.60262			6
2024.07.22	01:51:00.536	0.60260				2
2024.07.22	01:51:31.530		0.60263			4
2024.07.22	01:51:32.868		0.60262			4
2024.07.22	01:51:36.713		0.60263			4
2024.07.22	01:51:39.058	0.60264	0.60266			6
2024.07.22	01:51:49.975		0.60265			4
2024.07.22	01:52:00.398	0.60264				2
2024.07.22	01:52:11.219	0.60262	0.60263			6
2024.07.22	01:52:11.848	0.60261	0.60262			6
2024.07.22	01:53:10.989	0.60261				2
2024.07.22	01:53:12.866		0.60262			4
2024.07.22	01:53:42.751	0.60260				2
2024.07.22	01:54:05.992	0.60260				2
2024.07.22	01:54:12.620	0.60261				2
2024.07.22	01:54:12.922	0.60260	0.60262			6
2024.07.22	01:54:31.676		0.60263			4
2024.07.22	01:54:46.691		0.60265			4
2024.07.22	01:55:00.164	0.60260				2
2024.07.22	01:55:10.078		0.60261			4
2024.07.22	01:55:18.180		0.60264			4
2024.07.22	01:55:18.867	0.60259	0.60262			6
2024.07.22	01:55:40.629		0.60260			4
2024.07.22	01:55:40.933		0.60262			4
2024.07.22	01:55:50.842	0.60258				2
2024.07.22	01:55:52.221		0.60263			4
2024.07.22	01:55:52.600		0.60262			4
2024.07.22	01:56:00.360	0.60258	0.60263			6
2024.07.22	01:56:00.695		0.60262			4
2024.07.22	01:56:03.081		0.60263			4
2024.07.22	01:56:03.572		0.60262			4
2024.07.22	01:56:04.983	0.60253	0.60258			6
2024.07.22	01:56:05.378	0.60254				2
2024.07.22	01:56:06.021	0.60253	0.60257			6
2024.07.22	01:56:07.293	0.60254				2
2024.07.22	01:56:13.696	0.60253	0.60256			6
2024.07.22	01:56:14.004		0.60255			4
2024.07.22	01:56:14.917		0.60256			4
2024.07.22	01:56:18.461		0.60255			4
2024.07.22	01:56:23.133	0.60251				2
2024.07.22	01:56:23.823	0.60252	0.60256			6
2024.07.22	01:56:28.457		0.60255			4
2024.07.22	01:56:29.158		0.60256			4
2024.07.22	01:56:29.920		0.60257			4
2024.07.22	01:56:34.306		0.60256			4
2024.07.22	01:56:37.282	0.60253	0.60257			6
2024.07.22	01:56:40.572	0.60254				2
2024.07.22	01:56:44.178	0.60255				2
2024.07.22	01:56:54.434	0.60256	0.60258			6
2024.07.22	01:57:00.409	0.60256				2
2024.07.22	01:57:02.273	0.60255	0.60257			6
2024.07.22	01:57:07.436	0.60254				2
2024.07.22	01:57:10.516		0.60258			4
2024.07.22	01:57:11.157	0.60255				2
2024.07.22	01:57:13.739	0.60253	0.60256			6
2024.07.22	01:57:14.043	0.60254	0.60257			6
2024.07.22	01:57:15.380		0.60258			4
2024.07.22	01:57:17.766		0.60256			4
2024.07.22	01:57:18.083		0.60257			4
2024.07.22	01:57:37.331		0.60256			4
2024.07.22	01:57:38.516		0.60257			4
2024.07.22	01:57:43.903		0.60256			4
2024.07.22	01:57:45.506		0.60257			4
2024.07.22	01:57:56.061		0.60256			4
2024.07.22	01:57:58.214		0.60255			4
2024.07.22	01:57:58.697		0.60257			4
2024.07.22	01:57:59.061	0.60255				2
2024.07.22	01:58:00.386	0.60255				2
2024.07.22	01:58:02.323		0.60258			4
2024.07.22	01:58:03.637		0.60257			4
2024.07.22	01:58:11.008	0.60254				2
2024.07.22	01:58:12.622		0.60256			4
2024.07.22	01:58:12.926		0.60257			4
2024.07.22	01:58:13.271	0.60255				2
2024.07.22	01:58:15.115		0.60258			4
2024.07.22	01:58:28.505		0.60256			4
2024.07.22	01:58:28.819	0.60254	0.60257			6
2024.07.22	01:58:29.931	0.60255				2
2024.07.22	01:58:41.279	0.60256	0.60259			6
2024.07.22	01:58:42.348		0.60258			4
2024.07.22	01:59:00.018	0.60256				2
2024.07.22	01:59:00.381	0.60255	0.60257			6
2024.07.22	01:59:01.098		0.60258			4
2024.07.22	01:59:04.596	0.60256				2
2024.07.22	01:59:11.281	0.60255				2
2024.07.22	01:59:12.912		0.60257			4
2024.07.22	01:59:15.830	0.60254	0.60256			6
2024.07.22	01:59:16.846		0.60255			4
2024.07.22	01:59:20.342	0.60255	0.60257			6
2024.07.22	01:59:24.596		0.60258			4
2024.07.22	01:59:29.010		0.60257			4
2024.07.22	01:59:43.676	0.60254	0.60255			6
2024.07.22	01:59:44.458	0.60255	0.60257			6
2024.07.22	01:59:53.672	0.60256	0.60258			6
2024.07.22	01:59:54.489	0.60255				2
2024.07.22	01:59:54.996		0.60257			4
2024.07.22	02:00:00.314	0.60255				2
2024.07.22	02:00:04.200	0.60254	0.60256			6
2024.07.22	02:00:04.667		0.60257			4
2024.07.22	02:00:04.996		0.60256			4
2024.07.22	02:00:05.369	0.60255				2
2024.07.22	02:00:06.418	0.60254				2
2024.07.22	02:00:13.585	0.60253	0.60255			6
2024.07.22	02:00:16.389		0.60254			4
2024.07.22	02:00:19.171	0.60252				2
2024.07.22	02:00:19.690	0.60250				2
2024.07.22	02:00:19.999		0.60253			4
2024.07.22	02:00:20.357	0.60249	0.60252			6
2024.07.22	02:00:20.664	0.60250				2
2024.07.22	02:00:30.234		0.60253			4
2024.07.22	02:00:31.460	0.60251				2
2024.07.22	02:00:32.321	0.60250	0.60252			6
2024.07.22	02:00:35.846	0.60249	0.60251			6
2024.07.22	02:00:37.903		0.60250			4
2024.07.22	02:00:38.214		0.60251			4
2024.07.22	02:00:43.076		0.60252			4
2024.07.22	02:00:43.411	0.60250				2
