<DATE>	<TIME>	<BID>	<ASK>	<LAST>	<VOLUME>	<FLAGS>
2024.12.06	00:00:00.091	0.58827	0.58868			6
2024.12.06	00:00:00.430	0.58758	0.58855			6
2024.12.06	00:00:00.777		0.58893			4
2024.12.06	00:00:01.369	0.58778				2
2024.12.06	00:00:01.974	0.58762				2
2024.12.06	00:00:04.998	0.58778				2
2024.12.06	00:00:05.604	0.58763				2
2024.12.06	00:00:08.629	0.58778				2
2024.12.06	00:00:10.141	0.58763				2
2024.12.06	00:00:12.561	0.58778				2
2024.12.06	00:00:13.167	0.58763				2
2024.12.06	00:00:15.889	0.58778				2
2024.12.06	00:00:16.494	0.58763				2
2024.12.06	00:00:19.519	0.58774				2
2024.12.06	00:00:19.822	0.58778				2
2024.12.06	00:00:20.426	0.58763				2
2024.12.06	00:00:23.451	0.58774				2
2024.12.06	00:00:23.752	0.58778				2
2024.12.06	00:00:24.359	0.58763				2
2024.12.06	00:00:27.079	0.58778				2
2024.12.06	00:00:27.684	0.58763				2
2024.12.06	00:00:30.407	0.58778				2
2024.12.06	00:00:31.011	0.58763				2
2024.12.06	00:00:32.220	0.58838	0.58884			6
2024.12.06	00:00:32.547	0.58837				2
2024.12.06	00:00:34.380	0.58838				2
2024.12.06	00:00:39.638	0.58837				2
2024.12.06	00:01:02.295	0.58837				2
2024.12.06	00:01:09.637	0.58838				2
2024.12.06	00:01:12.258		0.58885			4
2024.12.06	00:01:33.522	0.58840	0.58887			6
2024.12.06	00:01:34.642	0.58841				2
2024.12.06	00:01:46.546	0.58839	0.58885			6
2024.12.06	00:02:08.757	0.58839				2
2024.12.06	00:02:46.601		0.58885			4
2024.12.06	00:03:03.751	0.58839				2
2024.12.06	00:03:49.617		0.58885			4
2024.12.06	00:04:02.298	0.58839				2
2024.12.06	00:05:01.949	0.58839	0.58885			6
2024.12.06	00:06:00.398	0.58839				2
2024.12.06	00:06:05.317		0.58885			4
2024.12.06	00:06:49.446	0.58845				2
2024.12.06	00:06:51.451	0.58846				2
2024.12.06	00:07:20.682	0.58846	0.58885			6
2024.12.06	00:07:35.046	0.58851				2
2024.12.06	00:07:35.546	0.58848				2
2024.12.06	00:08:29.636	0.58848	0.58885			6
2024.12.06	00:09:02.084	0.58848				2
2024.12.06	00:09:06.105	0.58851				2
2024.12.06	00:09:25.502	0.58849				2
2024.12.06	00:10:07.433	0.58846	0.58885			6
2024.12.06	00:10:09.004	0.58843				2
2024.12.06	00:10:09.436	0.58844				2
2024.12.06	00:10:10.070	0.58845				2
2024.12.06	00:10:45.001	0.58847				2
2024.12.06	00:10:46.090	0.58846				2
2024.12.06	00:11:47.464	0.58846	0.58885			6
2024.12.06	00:12:07.733	0.58846				2
2024.12.06	00:12:38.897	0.58844	0.58883			6
2024.12.06	00:12:48.647	0.58843				2
2024.12.06	00:13:32.344	0.58843				2
2024.12.06	00:14:11.959	0.58843	0.58883			6
2024.12.06	00:14:54.464	0.58841	0.58880			6
2024.12.06	00:15:29.057	0.58841				2
2024.12.06	00:15:30.951	0.58845				2
2024.12.06	00:15:33.312	0.58844				2
2024.12.06	00:15:45.033	0.58841				2
2024.12.06	00:16:05.674	0.58841	0.58880			6
2024.12.06	00:16:51.959	0.58844				2
2024.12.06	00:17:06.869	0.58844	0.58880			6
2024.12.06	00:17:21.753	0.58845				2
2024.12.06	00:17:22.237	0.58844				2
2024.12.06	00:18:15.200	0.58844	0.58880			6
2024.12.06	00:18:56.907	0.58845				2
2024.12.06	00:18:57.341	0.58844				2
2024.12.06	00:19:00.505	0.58844				2
2024.12.06	00:19:40.050		0.58880			4
2024.12.06	00:19:49.428	0.58845				2
2024.12.06	00:20:12.997	0.58844				2
2024.12.06	00:20:54.071		0.58880			4
2024.12.06	00:21:02.362	0.58844				2
2024.12.06	00:21:03.134	0.58845				2
2024.12.06	00:21:51.136	0.58842				2
2024.12.06	00:21:57.856		0.58880			4
2024.12.06	00:22:05.007	0.58842				2
2024.12.06	00:23:02.654	0.58842	0.58880			6
2024.12.06	00:23:57.167		0.58887			4
2024.12.06	00:24:11.958	0.58842				2
2024.12.06	00:24:18.281	0.58846	0.58889			6
2024.12.06	00:24:23.444		0.58891			4
2024.12.06	00:24:24.187		0.58889			4
2024.12.06	00:24:39.468	0.58845				2
2024.12.06	00:24:40.061	0.58846				2
2024.12.06	00:24:47.669	0.58845				2
2024.12.06	00:25:00.325	0.58845				2
2024.12.06	00:25:27.473		0.58889			4
2024.12.06	00:25:49.548	0.58846				2
2024.12.06	00:25:50.052	0.58845				2
2024.12.06	00:26:00.351	0.58845				2
2024.12.06	00:26:31.243		0.58889			4
2024.12.06	00:26:49.357	0.58846				2
2024.12.06	00:27:04.041	0.58846				2
2024.12.06	00:27:36.419		0.58889			4
2024.12.06	00:28:00.056	0.58846				2
2024.12.06	00:28:04.451	0.58843				2
2024.12.06	00:28:37.541		0.58889			4
2024.12.06	00:29:07.845	0.58843				2
2024.12.06	00:29:37.858		0.58889			4
2024.12.06	00:30:00.382	0.58843				2
2024.12.06	00:30:08.621		0.58885			4
2024.12.06	00:30:49.940	0.58832	0.58889			6
2024.12.06	00:30:50.370	0.58831	0.58891			6
2024.12.06	00:30:50.685	0.58832				2
2024.12.06	00:30:52.344	0.58831				2
2024.12.06	00:30:53.277		0.58892			4
2024.12.06	00:30:53.822	0.58832				2
2024.12.06	00:30:56.341		0.58890			4
2024.12.06	00:30:58.439	0.58831				2
2024.12.06	00:31:00.031	0.58830	0.58887			6
2024.12.06	00:31:05.220	0.58831				2
2024.12.06	00:31:13.976	0.58830				2
2024.12.06	00:31:57.566	0.58829				2
2024.12.06	00:31:59.892	0.58828				2
2024.12.06	00:32:00.985	0.58829	0.58887			6
2024.12.06	00:32:01.293	0.58828	0.58888			6
2024.12.06	00:32:01.607	0.58829				2
2024.12.06	00:32:06.054	0.58830				2
2024.12.06	00:32:17.435		0.58884			4
2024.12.06	00:32:29.978	0.58828				2
2024.12.06	00:32:45.061	0.58829				2
2024.12.06	00:32:55.200	0.58828				2
2024.12.06	00:33:05.652	0.58829				2
2024.12.06	00:33:07.979	0.58828				2
2024.12.06	00:33:18.547		0.58884			4
2024.12.06	00:33:21.696	0.58829				2
2024.12.06	00:33:34.756	0.58828				2
2024.12.06	00:34:04.147	0.58828				2
2024.12.06	00:34:14.324	0.58827				2
2024.12.06	00:34:20.422		0.58883			4
2024.12.06	00:34:28.918	0.58829				2
2024.12.06	00:35:05.282	0.58826	0.58880			6
2024.12.06	00:35:07.788		0.58881			4
2024.12.06	00:35:20.340		0.58880			4
2024.12.06	00:35:26.943		0.58878			4
2024.12.06	00:35:29.648	0.58825				2
2024.12.06	00:35:34.973	0.58826				2
2024.12.06	00:35:35.361	0.58818	0.58873			6
2024.12.06	00:35:35.666	0.58822				2
2024.12.06	00:35:36.194		0.58876			4
2024.12.06	00:35:36.545	0.58821	0.58872			6
2024.12.06	00:35:38.486	0.58820				2
2024.12.06	00:35:44.485	0.58821				2
2024.12.06	00:35:45.581	0.58822				2
2024.12.06	00:35:45.887	0.58819				2
2024.12.06	00:35:46.193	0.58821				2
2024.12.06	00:35:47.322	0.58819				2
2024.12.06	00:35:47.642	0.58821	0.58870			6
2024.12.06	00:35:47.951		0.58872			4
2024.12.06	00:35:50.870	0.58820				2
2024.12.06	00:35:52.101	0.58821	0.58869			6
2024.12.06	00:35:52.450	0.58820	0.58872			6
2024.12.06	00:35:53.180	0.58822	0.58873			6
2024.12.06	00:35:53.678	0.58821				2
2024.12.06	00:35:57.883	0.58820	0.58870			6
2024.12.06	00:35:58.742	0.58822	0.58873			6
2024.12.06	00:36:01.138	0.58821	0.58871			6
2024.12.06	00:36:01.452	0.58816	0.58867			6
2024.12.06	00:36:01.849	0.58815	0.58865			6
2024.12.06	00:36:02.708	0.58814				2
2024.12.06	00:36:03.761		0.58866			4
2024.12.06	00:36:04.094	0.58816				2
2024.12.06	00:36:04.843	0.58813	0.58865			6
2024.12.06	00:36:15.328	0.58812	0.58864			6
2024.12.06	00:36:17.356	0.58814	0.58865			6
2024.12.06	00:36:17.770	0.58812	0.58864			6
2024.12.06	00:36:20.628		0.58863			4
2024.12.06	00:36:22.737		0.58862			4
2024.12.06	00:36:23.707		0.58863			4
2024.12.06	00:36:27.341		0.58865			4
2024.12.06	00:36:28.005	0.58810	0.58862			6
2024.12.06	00:36:30.667	0.58811	0.58864			6
2024.12.06	00:36:31.311	0.58814	0.58871			6
2024.12.06	00:36:31.643	0.58816	0.58872			6
2024.12.06	00:36:31.946	0.58813				2
2024.12.06	00:36:32.248	0.58815	0.58873			6
2024.12.06	00:36:32.927		0.58871			4
2024.12.06	00:36:33.253	0.58817	0.58869			6
2024.12.06	00:36:34.013	0.58813				2
2024.12.06	00:36:34.362	0.58815	0.58871			6
2024.12.06	00:36:34.709	0.58816	0.58872			6
2024.12.06	00:36:37.497		0.58871			4
2024.12.06	00:36:40.005		0.58872			4
2024.12.06	00:36:42.007	0.58817	0.58873			6
2024.12.06	00:36:43.008	0.58818				2
2024.12.06	00:36:44.008	0.58819	0.58872			6
2024.12.06	00:36:45.012	0.58820	0.58871			6
2024.12.06	00:36:46.013	0.58821	0.58870			6
2024.12.06	00:36:52.138	0.58822				2
2024.12.06	00:36:56.427	0.58824	0.58874			6
2024.12.06	00:36:56.966	0.58826	0.58875			6
2024.12.06	00:36:57.768	0.58825	0.58874			6
2024.12.06	00:36:59.493	0.58826	0.58875			6
2024.12.06	00:37:00.637	0.58826				2
2024.12.06	00:37:02.364	0.58827				2
2024.12.06	00:37:10.618	0.58829				2
2024.12.06	00:37:29.511	0.58835	0.58879			6
2024.12.06	00:37:32.727	0.58833				2
2024.12.06	00:37:35.182	0.58835				2
2024.12.06	00:37:39.003	0.58834				2
2024.12.06	00:37:40.705	0.58835				2
2024.12.06	00:37:41.146	0.58829	0.58875			6
2024.12.06	00:38:04.764	0.58826	0.58873			6
2024.12.06	00:39:00.495	0.58826				2
2024.12.06	00:39:03.042	0.58831	0.58877			6
2024.12.06	00:39:08.423	0.58833				2
2024.12.06	00:39:31.839	0.58831				2
2024.12.06	00:39:32.300	0.58833				2
2024.12.06	00:39:41.265	0.58831	0.58875			6
2024.12.06	00:39:50.920		0.58876			4
2024.12.06	00:39:52.300	0.58826	0.58873			6
2024.12.06	00:40:05.069	0.58826				2
2024.12.06	00:40:16.007		0.58869			4
2024.12.06	00:41:09.264	0.58826				2
2024.12.06	00:41:11.925		0.58870			4
2024.12.06	00:41:12.998		0.58869			4
2024.12.06	00:41:51.921	0.58833				2
2024.12.06	00:41:52.405	0.58826				2
2024.12.06	00:42:05.067	0.58827				2
2024.12.06	00:42:19.549		0.58869			4
2024.12.06	00:43:05.068	0.58826				2
2024.12.06	00:43:19.739		0.58869			4
2024.12.06	00:43:43.362	0.58833	0.58877			6
2024.12.06	00:43:44.360		0.58878			4
2024.12.06	00:43:48.876	0.58834				2
2024.12.06	00:43:53.680	0.58835	0.58879			6
2024.12.06	00:44:00.488	0.58835				2
2024.12.06	00:44:11.119	0.58836	0.58880			6
2024.12.06	00:44:12.065	0.58835	0.58878			6
2024.12.06	00:44:19.399	0.58839				2
2024.12.06	00:44:43.606	0.58835				2
2024.12.06	00:44:57.139		0.58877			4
2024.12.06	00:44:58.143		0.58879			4
2024.12.06	00:45:00.455	0.58835	0.58877			6
2024.12.06	00:45:01.623		0.58878			4
2024.12.06	00:45:08.087	0.58848	0.58868			6
2024.12.06	00:46:00.173	0.58848				2
2024.12.06	00:46:07.286	0.58849				2
2024.12.06	00:46:12.045	0.58848	0.58868			6
2024.12.06	00:46:20.246	0.58849				2
2024.12.06	00:46:20.555	0.58848				2
2024.12.06	00:46:23.044	0.58849				2
2024.12.06	00:46:23.510	0.58848				2
2024.12.06	00:46:27.043	0.58849				2
2024.12.06	00:46:27.967	0.58848				2
2024.12.06	00:46:30.704	0.58849				2
2024.12.06	00:46:31.388	0.58848				2
2024.12.06	00:46:37.861	0.58850				2
2024.12.06	00:47:00.453	0.58850				2
2024.12.06	00:47:02.133	0.58843	0.58880			6
2024.12.06	00:47:02.467	0.58844	0.58881			6
2024.12.06	00:47:03.980	0.58850	0.58868			6
2024.12.06	00:47:05.707	0.58849				2
2024.12.06	00:47:09.048	0.58850				2
2024.12.06	00:47:13.323	0.58849				2
2024.12.06	00:47:31.297	0.58848				2
2024.12.06	00:47:31.656	0.58849				2
2024.12.06	00:47:33.055	0.58848				2
2024.12.06	00:47:35.885	0.58849				2
2024.12.06	00:47:41.330	0.58848				2
2024.12.06	00:47:48.521	0.58849				2
2024.12.06	00:47:54.309	0.58848	0.58865			6
2024.12.06	00:47:55.471	0.58847				2
2024.12.06	00:48:00.633	0.58847				2
2024.12.06	00:48:29.964	0.58848				2
2024.12.06	00:48:30.775	0.58847				2
2024.12.06	00:48:35.745	0.58846				2
2024.12.06	00:48:38.180	0.58847				2
2024.12.06	00:48:47.605	0.58848				2
2024.12.06	00:48:51.045	0.58847				2
2024.12.06	00:48:54.346	0.58848	0.58865			6
2024.12.06	00:49:00.044	0.58848				2
2024.12.06	00:49:01.431	0.58847				2
2024.12.06	00:49:38.147	0.58846				2
2024.12.06	00:49:39.915	0.58847				2
2024.12.06	00:49:45.847	0.58846				2
2024.12.06	00:49:49.549	0.58841	0.58862			6
2024.12.06	00:49:49.992	0.58836	0.58855			6
2024.12.06	00:49:51.519	0.58834				2
2024.12.06	00:49:52.168		0.58854			4
2024.12.06	00:49:57.688		0.58855			4
2024.12.06	00:50:00.375	0.58834				2
2024.12.06	00:50:02.490	0.58839				2
2024.12.06	00:50:58.357		0.58855			4
2024.12.06	00:51:00.456	0.58839				2
2024.12.06	00:51:50.066		0.58858			4
2024.12.06	00:52:01.972	0.58839				2
2024.12.06	00:52:03.466	0.58838				2
2024.12.06	00:52:50.553		0.58858			4
2024.12.06	00:52:56.942		0.58857			4
2024.12.06	00:53:00.049	0.58838	0.58858			6
2024.12.06	00:53:02.434	0.58837	0.58857			6
2024.12.06	00:53:03.067	0.58838	0.58858			6
2024.12.06	00:53:07.371	0.58837	0.58857			6
2024.12.06	00:53:13.542	0.58836	0.58856			6
2024.12.06	00:53:19.464	0.58837	0.58857			6
2024.12.06	00:53:32.309	0.58838				2
2024.12.06	00:53:52.960		0.58858			4
2024.12.06	00:53:56.445	0.58837	0.58857			6
2024.12.06	00:54:01.588	0.58838	0.58858			6
2024.12.06	00:54:08.745		0.58857			4
2024.12.06	00:54:13.849		0.58858			4
2024.12.06	00:54:19.405		0.58857			4
2024.12.06	00:54:42.459		0.58858			4
2024.12.06	00:55:06.044	0.58838	0.58857			6
2024.12.06	00:55:07.247		0.58858			4
2024.12.06	00:55:17.448		0.58857			4
2024.12.06	00:55:27.322		0.58858			4
2024.12.06	00:55:31.470		0.58857			4
2024.12.06	00:55:33.632	0.58837	0.58856			6
2024.12.06	00:55:40.017	0.58838	0.58857			6
2024.12.06	00:56:00.187	0.58839	0.58858			6
2024.12.06	00:56:09.807	0.58840	0.58859			6
2024.12.06	00:56:10.276		0.58858			4
2024.12.06	00:56:13.632	0.58835	0.58850			6
2024.12.06	00:56:57.048	0.58834				2
2024.12.06	00:57:02.308	0.58834				2
2024.12.06	00:57:08.447	0.58835				2
2024.12.06	00:57:11.384	0.58837	0.58845			6
2024.12.06	00:57:11.698	0.58839	0.58857			6
2024.12.06	00:57:12.702	0.58840	0.58858			6
2024.12.06	00:57:26.645	0.58837	0.58853			6
2024.12.06	00:57:27.710	0.58836				2
2024.12.06	00:57:28.381	0.58835				2
2024.12.06	00:57:38.278		0.58852			4
2024.12.06	00:57:46.157		0.58853			4
2024.12.06	00:57:52.251	0.58834	0.58852			6
2024.12.06	00:57:53.082	0.58836	0.58847			6
2024.12.06	00:57:53.409	0.58835				2
2024.12.06	00:57:53.923	0.58834				2
2024.12.06	00:58:00.045	0.58834				2
2024.12.06	00:58:30.761	0.58830	0.58845			6
2024.12.06	00:58:31.067		0.58846			4
2024.12.06	00:58:46.462	0.58831				2
2024.12.06	00:58:49.560	0.58830				2
2024.12.06	00:58:54.046	0.58831				2
2024.12.06	00:59:01.560	0.58831				2
2024.12.06	00:59:10.982	0.58832				2
2024.12.06	00:59:11.983	0.58831				2
2024.12.06	00:59:30.054	0.58830				2
2024.12.06	00:59:31.390		0.58846			4
2024.12.06	00:59:34.590	0.58831				2
2024.12.06	00:59:43.079	0.58830				2
2024.12.06	00:59:50.450	0.58831				2
2024.12.06	00:59:58.306	0.58830				2
2024.12.06	01:00:00.312	0.58835	0.58845			6
2024.12.06	01:00:00.631	0.58836				2
2024.12.06	01:00:01.261	0.58839	0.58849			6
2024.12.06	01:00:01.566	0.58843	0.58853			6
2024.12.06	01:00:02.491	0.58842	0.58852			6
2024.12.06	01:00:04.308		0.58851			4
2024.12.06	01:00:05.518	0.58845	0.58854			6
2024.12.06	01:00:07.414	0.58842	0.58851			6
2024.12.06	01:00:10.136	0.58843	0.58852			6
2024.12.06	01:00:11.045	0.58845	0.58854			6
2024.12.06	01:00:11.349		0.58853			4
2024.12.06	01:00:12.001		0.58854			4
2024.12.06	01:00:12.303		0.58853			4
2024.12.06	01:00:13.214	0.58846	0.58854			6
2024.12.06	01:00:13.892	0.58847				2
2024.12.06	01:00:14.823	0.58846				2
2024.12.06	01:00:15.127	0.58847				2
2024.12.06	01:00:15.430	0.58846				2
2024.12.06	01:00:16.336	0.58845				2
2024.12.06	01:00:18.755	0.58846				2
2024.12.06	01:00:20.268	0.58847				2
2024.12.06	01:00:21.478	0.58846				2
2024.12.06	01:00:24.201	0.58847	0.58851			6
2024.12.06	01:00:26.619	0.58846	0.58854			6
2024.12.06	01:00:27.224	0.58848				2
2024.12.06	01:00:27.529	0.58854	0.58860			6
2024.12.06	01:00:27.831	0.58855	0.58859			6
2024.12.06	01:00:29.646	0.58854				2
2024.12.06	01:00:30.251	0.58855				2
2024.12.06	01:00:31.157	0.58856				2
2024.12.06	01:00:31.762		0.58864			4
2024.12.06	01:00:32.063	0.58860	0.58869			6
2024.12.06	01:00:32.370	0.58861				2
2024.12.06	01:00:32.695		0.58870			4
2024.12.06	01:00:33.023	0.58864	0.58873			6
2024.12.06	01:00:33.379	0.58862	0.58869			6
2024.12.06	01:00:33.686	0.58863	0.58872			6
2024.12.06	01:00:34.029	0.58864	0.58873			6
2024.12.06	01:00:35.239	0.58866	0.58874			6
2024.12.06	01:00:36.146		0.58875			4
2024.12.06	01:00:37.053	0.58867	0.58876			6
2024.12.06	01:00:37.659		0.58874			4
2024.12.06	01:00:37.961	0.58866				2
2024.12.06	01:00:38.866		0.58875			4
2024.12.06	01:00:40.379	0.58868	0.58873			6
2024.12.06	01:00:41.589	0.58869	0.58874			6
2024.12.06	01:00:44.968	0.58870	0.58875			6
2024.12.06	01:00:45.877	0.58869	0.58874			6
2024.12.06	01:00:47.134	0.58870	0.58875			6
2024.12.06	01:00:48.346	0.58871	0.58876			6
2024.12.06	01:00:48.650	0.58872	0.58877			6
2024.12.06	01:00:51.974	0.58873	0.58878			6
2024.12.06	01:00:52.279	0.58877	0.58882			6
2024.12.06	01:00:52.632	0.58882	0.58887			6
2024.12.06	01:00:55.959	0.58884	0.58889			6
2024.12.06	01:00:57.776	0.58885	0.58890			6
2024.12.06	01:00:58.079	0.58884	0.58889			6
2024.12.06	01:00:59.337	0.58885	0.58890			6
2024.12.06	01:01:00.244	0.58885				2
2024.12.06	01:01:00.548	0.58886	0.58891			6
2024.12.06	01:01:01.152	0.58887	0.58892			6
2024.12.06	01:01:01.756	0.58889	0.58894			6
2024.12.06	01:01:04.832	0.58891	0.58896			6
2024.12.06	01:01:05.139	0.58892	0.58897			6
2024.12.06	01:01:05.439	0.58888	0.58893			6
2024.12.06	01:01:16.692	0.58886	0.58891			6
2024.12.06	01:01:25.810	0.58883	0.58888			6
2024.12.06	01:01:29.139	0.58881	0.58886			6
2024.12.06	01:01:30.350	0.58877	0.58882			6
2024.12.06	01:01:30.653	0.58875	0.58880			6
2024.12.06	01:01:42.147	0.58877	0.58882			6
2024.12.06	01:01:42.449	0.58875	0.58880			6
2024.12.06	01:01:46.129	0.58874	0.58879			6
2024.12.06	01:01:51.925	0.58875	0.58880			6
2024.12.06	01:02:00.091	0.58875				2
2024.12.06	01:02:00.393	0.58876	0.58881			6
2024.12.06	01:02:03.115	0.58874	0.58879			6
2024.12.06	01:02:12.191		0.58878			4
2024.12.06	01:02:18.544	0.58875	0.58879			6
2024.12.06	01:02:22.476	0.58876	0.58880			6
2024.12.06	01:02:53.177	0.58879	0.58883			6
2024.12.06	01:02:53.482	0.58876	0.58880			6
2024.12.06	01:02:54.690	0.58875	0.58879			6
2024.12.06	01:03:00.185	0.58875				2
2024.12.06	01:03:00.487	0.58876	0.58880			6
2024.12.06	01:03:01.394	0.58875	0.58879			6
2024.12.06	01:03:12.283	0.58876	0.58880			6
2024.12.06	01:03:31.343	0.58877	0.58881			6
2024.12.06	01:03:31.645	0.58878	0.58882			6
2024.12.06	01:04:00.180	0.58881				2
2024.12.06	01:04:00.481	0.58879	0.58883			6
2024.12.06	01:04:10.811	0.58878	0.58882			6
2024.12.06	01:04:19.890	0.58877	0.58881			6
2024.12.06	01:04:28.361	0.58878				2
2024.12.06	01:05:00.170	0.58878				2
2024.12.06	01:05:01.988	0.58877	0.58880			6
2024.12.06	01:05:34.351		0.58878			4
2024.12.06	01:05:34.654	0.58869	0.58872			6
2024.12.06	01:05:35.261	0.58870	0.58875			6
2024.12.06	01:05:38.585	0.58869	0.58873			6
2024.12.06	01:05:39.192	0.58870	0.58875			6
2024.12.06	01:05:42.519	0.58869	0.58873			6
2024.12.06	01:05:42.820	0.58870	0.58875			6
2024.12.06	01:05:46.151	0.58869	0.58873			6
2024.12.06	01:05:46.755	0.58870	0.58875			6
2024.12.06	01:05:50.083	0.58869	0.58873			6
2024.12.06	01:05:50.687	0.58870	0.58875			6
2024.12.06	01:05:53.713	0.58869	0.58873			6
2024.12.06	01:05:54.318	0.58870	0.58875			6
2024.12.06	01:05:56.735	0.58869	0.58873			6
2024.12.06	01:05:57.643	0.58870	0.58875			6
2024.12.06	01:06:00.062	0.58870				2
2024.12.06	01:06:00.367	0.58871	0.58874			6
2024.12.06	01:06:00.970		0.58875			4
2024.12.06	01:06:02.180	0.58865	0.58869			6
2024.12.06	01:06:03.945	0.58864	0.58868			6
2024.12.06	01:06:04.551		0.58869			4
2024.12.06	01:06:05.392	0.58865				2
2024.12.06	01:06:07.725		0.58868			4
2024.12.06	01:06:08.331		0.58869			4
2024.12.06	01:06:11.321		0.58868			4
2024.12.06	01:06:11.659		0.58869			4
2024.12.06	01:06:12.105		0.58870			4
2024.12.06	01:06:14.532		0.58869			4
2024.12.06	01:06:15.138		0.58870			4
2024.12.06	01:06:18.461		0.58869			4
2024.12.06	01:06:19.067		0.58870			4
2024.12.06	01:06:22.091		0.58869			4
2024.12.06	01:06:22.696		0.58870			4
2024.12.06	01:06:25.419		0.58869			4
2024.12.06	01:06:26.024		0.58870			4
2024.12.06	01:06:28.745		0.58869			4
2024.12.06	01:06:29.653		0.58870			4
2024.12.06	01:06:32.981		0.58869			4
2024.12.06	01:06:33.587		0.58870			4
2024.12.06	01:06:36.309		0.58869			4
2024.12.06	01:06:36.915		0.58870			4
2024.12.06	01:06:40.292		0.58869			4
2024.12.06	01:06:40.897		0.58870			4
2024.12.06	01:06:43.620		0.58869			4
2024.12.06	01:06:44.227		0.58870			4
2024.12.06	01:06:46.696	0.58863	0.58868			6
2024.12.06	01:06:46.998		0.58867			4
2024.12.06	01:06:47.602		0.58868			4
2024.12.06	01:06:50.980		0.58867			4
2024.12.06	01:06:51.587		0.58868			4
2024.12.06	01:06:54.307		0.58867			4
2024.12.06	01:06:54.911		0.58868			4
2024.12.06	01:06:56.422	0.58861	0.58865			6
2024.12.06	01:06:56.743	0.58860				2
2024.12.06	01:06:58.289	0.58859	0.58864			6
2024.12.06	01:06:58.892	0.58860	0.58865			6
2024.12.06	01:07:00.104	0.58860				2
2024.12.06	01:07:02.523	0.58859	0.58864			6
2024.12.06	01:07:02.826	0.58860	0.58865			6
2024.12.06	01:07:05.547	0.58859	0.58864			6
2024.12.06	01:07:06.152	0.58861	0.58865			6
2024.12.06	01:07:06.456	0.58859	0.58864			6
2024.12.06	01:07:09.226		0.58863			4
2024.12.06	01:07:09.832		0.58864			4
2024.12.06	01:07:12.555		0.58863			4
2024.12.06	01:07:13.161		0.58864			4
2024.12.06	01:07:16.188		0.58863			4
2024.12.06	01:07:16.490		0.58864			4
2024.12.06	01:07:19.817		0.58863			4
2024.12.06	01:07:20.119	0.58860				2
2024.12.06	01:07:20.422		0.58864			4
2024.12.06	01:07:20.722		0.58865			4
2024.12.06	01:07:23.746		0.58864			4
2024.12.06	01:07:24.354		0.58865			4
2024.12.06	01:07:27.680		0.58864			4
2024.12.06	01:07:28.133		0.58865			4
2024.12.06	01:07:30.855		0.58864			4
2024.12.06	01:07:31.462		0.58865			4
2024.12.06	01:07:34.785		0.58864			4
2024.12.06	01:07:35.391		0.58865			4
2024.12.06	01:07:38.115		0.58864			4
2024.12.06	01:07:38.718	0.58861	0.58865			6
2024.12.06	01:07:42.400		0.58864			4
2024.12.06	01:07:42.703		0.58865			4
2024.12.06	01:07:45.727		0.58864			4
2024.12.06	01:07:46.332		0.58865			4
2024.12.06	01:07:49.660		0.58864			4
2024.12.06	01:07:50.264		0.58865			4
2024.12.06	01:07:53.289		0.58864			4
2024.12.06	01:07:53.894		0.58865			4
2024.12.06	01:07:56.919		0.58864			4
2024.12.06	01:07:57.219		0.58865			4
2024.12.06	01:08:00.244	0.58861				2
2024.12.06	01:08:00.546		0.58864			4
2024.12.06	01:08:01.151		0.58865			4
2024.12.06	01:08:03.874		0.58864			4
2024.12.06	01:08:04.781		0.58863			4
2024.12.06	01:08:05.084	0.58857	0.58861			6
2024.12.06	01:08:06.367	0.58855	0.58859			6
2024.12.06	01:08:07.300	0.58856	0.58860			6
2024.12.06	01:08:25.198		0.58859			4
2024.12.06	01:08:25.499		0.58860			4
2024.12.06	01:08:28.522		0.58859			4
2024.12.06	01:08:29.432	0.58857	0.58861			6
2024.12.06	01:08:32.153	0.58856	0.58860			6
2024.12.06	01:08:32.505	0.58857	0.58861			6
2024.12.06	01:08:32.808	0.58856	0.58859			6
2024.12.06	01:08:33.110	0.58855				2
2024.12.06	01:08:35.229		0.58858			4
2024.12.06	01:08:35.834		0.58859			4
2024.12.06	01:08:39.161		0.58858			4
2024.12.06	01:08:39.765		0.58859			4
2024.12.06	01:08:43.092		0.58858			4
2024.12.06	01:08:43.699		0.58859			4
2024.12.06	01:08:44.002	0.58856	0.58860			6
2024.12.06	01:08:46.471	0.58855	0.58859			6
2024.12.06	01:08:47.077	0.58856	0.58860			6
2024.12.06	01:08:50.403	0.58855	0.58859			6
2024.12.06	01:08:51.010	0.58856	0.58860			6
2024.12.06	01:08:51.311	0.58854	0.58857			6
2024.12.06	01:08:51.615	0.58851	0.58855			6
2024.12.06	01:08:52.220	0.58850				2
2024.12.06	01:08:53.681		0.58854			4
2024.12.06	01:08:54.286		0.58855			4
2024.12.06	01:08:57.565		0.58854			4
2024.12.06	01:08:57.866		0.58855			4
2024.12.06	01:09:00.415	0.58851				2
2024.12.06	01:09:03.764		0.58856			4
2024.12.06	01:09:05.526	0.58852	0.58855			6
2024.12.06	01:09:05.832		0.58856			4
2024.12.06	01:09:07.754		0.58855			4
2024.12.06	01:09:20.248		0.58854			4
2024.12.06	01:09:20.551		0.58855			4
2024.12.06	01:09:23.878		0.58854			4
2024.12.06	01:09:24.483		0.58855			4
2024.12.06	01:09:27.205		0.58854			4
2024.12.06	01:09:27.809		0.58855			4
2024.12.06	01:09:28.716	0.58856	0.58858			6
2024.12.06	01:09:29.371		0.58859			4
2024.12.06	01:09:39.430		0.58860			4
2024.12.06	01:09:41.574		0.58859			4
2024.12.06	01:09:42.178		0.58860			4
2024.12.06	01:09:44.900		0.58859			4
2024.12.06	01:09:45.808		0.58860			4
2024.12.06	01:09:48.831		0.58859			4
2024.12.06	01:09:49.437		0.58860			4
2024.12.06	01:09:52.462	0.58860	0.58863			6
2024.12.06	01:09:54.630	0.58859				2
2024.12.06	01:09:56.799		0.58862			4
2024.12.06	01:09:57.102	0.58858	0.58863			6
2024.12.06	01:09:57.404	0.58857	0.58861			6
2024.12.06	01:09:58.917		0.58859			4
2024.12.06	01:09:59.223	0.58854	0.58857			6
2024.12.06	01:09:59.543	0.58853	0.58856			6
2024.12.06	01:09:59.850	0.58852				2
2024.12.06	01:10:00.176	0.58852				2
2024.12.06	01:10:00.480		0.58855			4
2024.12.06	01:10:01.084		0.58856			4
2024.12.06	01:10:01.387		0.58857			4
2024.12.06	01:10:04.186		0.58856			4
2024.12.06	01:10:04.812		0.58857			4
2024.12.06	01:10:05.718	0.58853				2
2024.12.06	01:10:06.931	0.58851	0.58855			6
2024.12.06	01:10:07.233	0.58852				2
2024.12.06	01:10:10.862	0.58853	0.58856			6
2024.12.06	01:10:11.669	0.58854	0.58857			6
2024.12.06	01:10:12.273		0.58858			4
2024.12.06	01:10:14.692		0.58857			4
2024.12.06	01:10:15.301		0.58858			4
2024.12.06	01:10:18.627		0.58857			4
2024.12.06	01:10:19.231		0.58858			4
2024.12.06	01:10:19.838	0.58855	0.58859			6
2024.12.06	01:10:22.083		0.58858			4
2024.12.06	01:10:22.707	0.58856	0.58860			6
2024.12.06	01:10:23.010		0.58859			4
2024.12.06	01:11:00.061	0.58856				2
2024.12.06	01:11:00.366	0.58857	0.58861			6
2024.12.06	01:11:03.188		0.58860			4
2024.12.06	01:11:03.490		0.58861			4
2024.12.06	01:11:05.731	0.58860	0.58864			6
2024.12.06	01:11:06.052		0.58862			4
2024.12.06	01:11:06.372		0.58863			4
2024.12.06	01:11:07.189	0.58859	0.58862			6
2024.12.06	01:11:07.672	0.58860				2
2024.12.06	01:11:09.843	0.58858				2
2024.12.06	01:11:10.147		0.58861			4
2024.12.06	01:11:13.525	0.58860	0.58863			6
2024.12.06	01:11:13.827		0.58864			4
2024.12.06	01:11:16.700		0.58863			4
2024.12.06	01:11:17.308		0.58864			4
2024.12.06	01:11:20.634		0.58863			4
2024.12.06	01:11:20.934		0.58864			4
2024.12.06	01:11:21.510	0.58858	0.58861			6
2024.12.06	01:11:31.425		0.58860			4
2024.12.06	01:11:34.144		0.58861			4
2024.12.06	01:11:34.521	0.58857				2
2024.12.06	01:11:36.033	0.58854	0.58858			6
2024.12.06	01:11:41.201	0.58855	0.58859			6
2024.12.06	01:11:42.461		0.58860			4
2024.12.06	01:11:51.082	0.58856				2
2024.12.06	01:11:51.384		0.58861			4
2024.12.06	01:11:54.260		0.58860			4
2024.12.06	01:11:54.562	0.58857	0.58861			6
2024.12.06	01:11:57.286	0.58856	0.58860			6
2024.12.06	01:11:57.890	0.58857	0.58861			6
2024.12.06	01:12:00.008	0.58857				2
2024.12.06	01:12:00.310	0.58856	0.58860			6
2024.12.06	01:12:00.915	0.58857	0.58861			6
2024.12.06	01:12:01.218	0.58856	0.58860			6
2024.12.06	01:12:01.521	0.58854	0.58858			6
2024.12.06	01:12:01.826	0.58855	0.58859			6
2024.12.06	01:12:04.291	0.58854	0.58858			6
2024.12.06	01:12:04.898	0.58855	0.58859			6
2024.12.06	01:12:08.223	0.58854	0.58858			6
2024.12.06	01:12:08.828	0.58855	0.58859			6
2024.12.06	01:12:11.553	0.58854	0.58858			6
2024.12.06	01:12:12.158	0.58855	0.58859			6
2024.12.06	01:12:15.488	0.58854	0.58858			6
2024.12.06	01:12:16.094	0.58855	0.58859			6
2024.12.06	01:12:19.116	0.58854	0.58858			6
2024.12.06	01:12:19.723	0.58855	0.58859			6
2024.12.06	01:12:22.143	0.58854	0.58858			6
2024.12.06	01:12:22.747	0.58855	0.58859			6
2024.12.06	01:12:25.471	0.58854	0.58858			6
2024.12.06	01:12:25.772	0.58855	0.58859			6
2024.12.06	01:12:28.193	0.58853	0.58857			6
2024.12.06	01:12:28.496	0.58852	0.58855			6
2024.12.06	01:12:29.101		0.58856			4
2024.12.06	01:12:36.060		0.58855			4
2024.12.06	01:12:36.667		0.58856			4
2024.12.06	01:12:39.440		0.58855			4
2024.12.06	01:12:40.046		0.58856			4
2024.12.06	01:12:43.069		0.58855			4
2024.12.06	01:12:43.674		0.58856			4
2024.12.06	01:12:46.699		0.58855			4
2024.12.06	01:12:47.607		0.58856			4
2024.12.06	01:12:50.328	0.58851	0.58855			6
2024.12.06	01:12:50.934	0.58852	0.58856			6
2024.12.06	01:12:53.353	0.58851	0.58855			6
2024.12.06	01:12:53.655		0.58854			4
2024.12.06	01:12:54.257	0.58848	0.58851			6
2024.12.06	01:12:54.562		0.58852			4
2024.12.06	01:12:58.495	0.58847	0.58851			6
2024.12.06	01:13:00.009	0.58847				2
2024.12.06	01:13:00.311	0.58848	0.58853			6
2024.12.06	01:13:00.917		0.58852			4
2024.12.06	01:13:01.523		0.58853			4
2024.12.06	01:13:03.336	0.58849				2
2024.12.06	01:13:03.636		0.58854			4
2024.12.06	01:13:04.752	0.58850	0.58855			6
2024.12.06	01:13:05.105		0.58854			4
2024.12.06	01:13:05.808		0.58855			4
2024.12.06	01:13:08.428		0.58854			4
2024.12.06	01:13:09.034		0.58855			4
2024.12.06	01:13:11.808		0.58854			4
2024.12.06	01:13:12.409		0.58855			4
2024.12.06	01:13:15.791		0.58854			4
2024.12.06	01:13:19.417		0.58853			4
2024.12.06	01:13:19.724	0.58849	0.58851			6
2024.12.06	01:13:20.325		0.58853			4
2024.12.06	01:13:22.141		0.58852			4
2024.12.06	01:13:23.352		0.58853			4
2024.12.06	01:13:27.584	0.58850				2
2024.12.06	01:13:38.172		0.58854			4
2024.12.06	01:13:38.826		0.58853			4
2024.12.06	01:13:39.432		0.58854			4
2024.12.06	01:13:42.456		0.58853			4
2024.12.06	01:13:43.062		0.58854			4
2024.12.06	01:13:46.389		0.58853			4
2024.12.06	01:13:46.995		0.58854			4
2024.12.06	01:13:59.399	0.58851				2
2024.12.06	01:14:00.003	0.58851				2
2024.12.06	01:14:00.306	0.58852	0.58855			6
2024.12.06	01:14:01.517	0.58853	0.58856			6
2024.12.06	01:14:02.172	0.58852				2
2024.12.06	01:14:03.383	0.58853				2
2024.12.06	01:14:07.919	0.58852	0.58855			6
2024.12.06	01:14:08.575	0.58853	0.58856			6
2024.12.06	01:14:11.295	0.58852	0.58855			6
2024.12.06	01:14:12.204	0.58853	0.58856			6
2024.12.06	01:14:14.624	0.58852	0.58855			6
2024.12.06	01:14:15.583	0.58853	0.58856			6
2024.12.06	01:14:18.305	0.58852	0.58855			6
2024.12.06	01:14:18.608	0.58853	0.58856			6
2024.12.06	01:14:21.831	0.58852	0.58855			6
2024.12.06	01:14:22.439	0.58853	0.58856			6
2024.12.06	01:14:22.741	0.58852	0.58855			6
2024.12.06	01:14:46.434	0.58854	0.58857			6
2024.12.06	01:14:50.161	0.58853	0.58856			6
2024.12.06	01:14:50.765	0.58854	0.58857			6
2024.12.06	01:14:54.094	0.58853	0.58856			6
2024.12.06	01:14:54.698	0.58854	0.58857			6
2024.12.06	01:14:57.119		0.58856			4
2024.12.06	01:14:57.421	0.58851	0.58854			6
2024.12.06	01:14:57.722	0.58850	0.58853			6
2024.12.06	01:14:58.328		0.58854			4
2024.12.06	01:15:00.141	0.58850				2
2024.12.06	01:15:17.135	0.58851				2
2024.12.06	01:15:19.555	0.58850	0.58853			6
2024.12.06	01:15:20.160	0.58851	0.58854			6
2024.12.06	01:15:20.764	0.58847	0.58850			6
2024.12.06	01:15:21.373	0.58846				2
2024.12.06	01:15:35.290	0.58847	0.58851			6
2024.12.06	01:15:38.616	0.58846	0.58850			6
2024.12.06	01:15:38.917	0.58847	0.58851			6
2024.12.06	01:15:39.220	0.58846	0.58850			6
2024.12.06	01:15:44.059	0.58849	0.58853			6
2024.12.06	01:15:44.364	0.58850				2
2024.12.06	01:15:46.581		0.58854			4
2024.12.06	01:15:48.698		0.58853			4
2024.12.06	01:15:49.304		0.58854			4
2024.12.06	01:15:52.630		0.58853			4
2024.12.06	01:15:53.235		0.58854			4
2024.12.06	01:15:55.958		0.58853			4
2024.12.06	01:15:56.559		0.58854			4
2024.12.06	01:15:58.981		0.58853			4
2024.12.06	01:15:59.585		0.58854			4
2024.12.06	01:16:00.193	0.58850				2
2024.12.06	01:16:02.308		0.58853			4
2024.12.06	01:16:02.609		0.58854			4
2024.12.06	01:16:05.990		0.58853			4
2024.12.06	01:16:06.899		0.58854			4
2024.12.06	01:16:09.923		0.58853			4
2024.12.06	01:16:10.224		0.58854			4
2024.12.06	01:16:13.250	0.58847	0.58851			6
2024.12.06	01:16:13.553	0.58846	0.58850			6
2024.12.06	01:16:32.608	0.58847	0.58851			6
2024.12.06	01:16:34.120	0.58848	0.58852			6
2024.12.06	01:16:34.422	0.58847	0.58851			6
2024.12.06	01:16:35.330		0.58852			4
2024.12.06	01:16:36.237		0.58851			4
2024.12.06	01:16:45.006	0.58848	0.58852			6
2024.12.06	01:16:46.217	0.58847	0.58851			6
2024.12.06	01:16:46.869	0.58848	0.58852			6
2024.12.06	01:16:50.197	0.58847	0.58851			6
2024.12.06	01:16:50.801	0.58848	0.58852			6
2024.12.06	01:16:53.525	0.58847	0.58851			6
2024.12.06	01:16:54.131	0.58848	0.58852			6
2024.12.06	01:17:00.180	0.58848				2
2024.12.06	01:17:05.374		0.58851			4
2024.12.06	01:17:06.280	0.58849	0.58852			6
2024.12.06	01:17:45.404	0.58850				2
2024.12.06	01:17:51.201	0.58851	0.58853			6
2024.12.06	01:18:00.278	0.58851				2
2024.12.06	01:18:00.585	0.58850	0.58852			6
2024.12.06	01:18:04.864	0.58851	0.58853			6
2024.12.06	01:18:08.846	0.58850	0.58852			6
2024.12.06	01:18:13.382	0.58851	0.58853			6
2024.12.06	01:18:20.034	0.58850	0.58852			6
2024.12.06	01:18:21.550	0.58851	0.58853			6
2024.12.06	01:18:25.483	0.58850	0.58852			6
2024.12.06	01:18:26.089	0.58851	0.58853			6
2024.12.06	01:18:27.400	0.58852	0.58854			6
2024.12.06	01:18:31.381	0.58854	0.58856			6
2024.12.06	01:18:31.984	0.58853	0.58855			6
2024.12.06	01:18:32.289	0.58852				2
2024.12.06	01:18:37.432	0.58853	0.58856			6
2024.12.06	01:18:50.187	0.58854				2
2024.12.06	01:18:50.789	0.58853	0.58855			6
2024.12.06	01:18:51.399	0.58854	0.58856			6
2024.12.06	01:18:54.725	0.58853	0.58855			6
2024.12.06	01:18:55.329	0.58854	0.58856			6
2024.12.06	01:18:56.540	0.58855	0.58857			6
2024.12.06	01:18:58.050	0.58854	0.58856			6
2024.12.06	01:18:58.659	0.58855	0.58857			6
2024.12.06	01:19:00.171	0.58855				2
2024.12.06	01:19:02.287	0.58854	0.58856			6
2024.12.06	01:19:02.587	0.58855	0.58857			6
2024.12.06	01:19:05.311	0.58854	0.58856			6
2024.12.06	01:19:06.218	0.58855	0.58857			6
2024.12.06	01:19:09.242	0.58854	0.58856			6
2024.12.06	01:19:09.848	0.58855	0.58857			6
2024.12.06	01:19:12.269	0.58854	0.58856			6
2024.12.06	01:19:13.174		0.58857			4
2024.12.06	01:19:29.516	0.58853	0.58856			6
2024.12.06	01:19:33.752	0.58852	0.58855			6
2024.12.06	01:19:34.358	0.58853	0.58856			6
2024.12.06	01:19:36.781	0.58852	0.58855			6
2024.12.06	01:19:44.647	0.58851	0.58854			6
2024.12.06	01:19:45.250	0.58852	0.58855			6
2024.12.06	01:19:48.578	0.58851	0.58854			6
2024.12.06	01:19:49.183	0.58852	0.58855			6
2024.12.06	01:19:51.651	0.58851	0.58854			6
2024.12.06	01:19:52.258	0.58852	0.58855			6
2024.12.06	01:19:53.469	0.58853	0.58856			6
2024.12.06	01:19:54.124		0.58857			4
2024.12.06	01:19:55.082	0.58852	0.58856			6
2024.12.06	01:19:55.685	0.58853	0.58857			6
2024.12.06	01:19:57.197		0.58856			4
2024.12.06	01:19:58.108	0.58854	0.58857			6
2024.12.06	01:19:58.459	0.58853	0.58856			6
2024.12.06	01:19:59.065	0.58854	0.58857			6
2024.12.06	01:20:00.276	0.58854	0.58858			6
2024.12.06	01:20:01.183		0.58857			4
2024.12.06	01:20:03.302	0.58853	0.58856			6
2024.12.06	01:20:03.606	0.58854	0.58857			6
2024.12.06	01:20:18.020	0.58856	0.58859			6
2024.12.06	01:20:19.886	0.58855	0.58858			6
2024.12.06	01:20:20.187		0.58859			4
2024.12.06	01:20:22.354	0.58856				2
2024.12.06	01:20:24.170	0.58855	0.58858			6
2024.12.06	01:20:40.856	0.58854	0.58857			6
2024.12.06	01:20:41.461	0.58855	0.58858			6
2024.12.06	01:20:42.369		0.58859			4
2024.12.06	01:20:44.184	0.58853	0.58857			6
2024.12.06	01:20:44.791	0.58855	0.58859			6
2024.12.06	01:20:47.209		0.58858			4
2024.12.06	01:20:47.512	0.58854	0.58857			6
2024.12.06	01:20:48.116	0.58855	0.58858			6
2024.12.06	01:20:48.419		0.58859			4
2024.12.06	01:20:51.141	0.58853	0.58857			6
2024.12.06	01:20:51.745	0.58855	0.58859			6
2024.12.06	01:20:54.165	0.58853	0.58857			6
2024.12.06	01:20:54.772	0.58855	0.58859			6
2024.12.06	01:20:58.148	0.58853	0.58857			6
2024.12.06	01:20:58.453	0.58855	0.58859			6
2024.12.06	01:21:00.270	0.58855				2
2024.12.06	01:21:01.831	0.58853	0.58857			6
2024.12.06	01:21:02.133		0.58858			4
2024.12.06	01:21:02.433	0.58854	0.58859			6
2024.12.06	01:21:05.459	0.58853	0.58858			6
2024.12.06	01:21:06.066	0.58854	0.58859			6
2024.12.06	01:21:09.090	0.58853	0.58858			6
2024.12.06	01:21:09.694	0.58854	0.58859			6
2024.12.06	01:21:13.021	0.58853	0.58858			6
2024.12.06	01:21:13.626	0.58854	0.58859			6
2024.12.06	01:21:14.230		0.58860			4
2024.12.06	01:21:16.648	0.58853	0.58858			6
2024.12.06	01:21:17.556	0.58854	0.58860			6
2024.12.06	01:21:20.278	0.58853	0.58858			6
2024.12.06	01:21:20.880	0.58854	0.58860			6
2024.12.06	01:21:23.301	0.58853	0.58858			6
2024.12.06	01:21:23.906	0.58854	0.58860			6
2024.12.06	01:21:27.234	0.58853	0.58858			6
2024.12.06	01:21:27.840	0.58854	0.58860			6
2024.12.06	01:21:30.257	0.58853	0.58858			6
2024.12.06	01:21:30.863	0.58854	0.58860			6
2024.12.06	01:21:33.888	0.58853	0.58858			6
2024.12.06	01:21:34.493	0.58854	0.58860			6
2024.12.06	01:21:36.911	0.58853	0.58858			6
2024.12.06	01:21:37.517	0.58854	0.58860			6
2024.12.06	01:21:40.844	0.58853	0.58858			6
2024.12.06	01:21:41.448	0.58854	0.58860			6
2024.12.06	01:21:43.869	0.58853	0.58858			6
2024.12.06	01:21:44.472	0.58854	0.58860			6
2024.12.06	01:21:47.498	0.58853	0.58859			6
2024.12.06	01:21:47.801	0.58854	0.58860			6
2024.12.06	01:21:48.102	0.58850	0.58856			6
2024.12.06	01:21:51.430	0.58849	0.58855			6
2024.12.06	01:21:52.032	0.58850	0.58856			6
2024.12.06	01:21:56.270	0.58849	0.58855			6
2024.12.06	01:21:56.571	0.58850	0.58856			6
2024.12.06	01:21:58.690	0.58849	0.58855			6
2024.12.06	01:21:58.990		0.58854			4
2024.12.06	01:21:59.294		0.58855			4
2024.12.06	01:22:00.201	0.58849				2
2024.12.06	01:22:02.369		0.58854			4
2024.12.06	01:22:02.974		0.58855			4
2024.12.06	01:22:05.995		0.58854			4
2024.12.06	01:22:06.654		0.58855			4
2024.12.06	01:22:10.030		0.58854			4
2024.12.06	01:22:10.637		0.58855			4
2024.12.06	01:22:13.055		0.58854			4
2024.12.06	01:22:13.964		0.58855			4
2024.12.06	01:22:16.685		0.58854			4
2024.12.06	01:22:17.288		0.58855			4
2024.12.06	01:22:20.014		0.58854			4
2024.12.06	01:22:20.617		0.58855			4
2024.12.06	01:22:23.339		0.58854			4
2024.12.06	01:22:23.946		0.58855			4
2024.12.06	01:22:26.366		0.58854			4
2024.12.06	01:22:26.970		0.58855			4
2024.12.06	01:22:30.299		0.58854			4
2024.12.06	01:22:30.905		0.58855			4
2024.12.06	01:22:33.927		0.58854			4
2024.12.06	01:22:34.533		0.58855			4
2024.12.06	01:22:37.557		0.58854			4
2024.12.06	01:22:38.160		0.58855			4
2024.12.06	01:22:41.188		0.58854			4
2024.12.06	01:22:41.794		0.58855			4
2024.12.06	01:22:44.918		0.58854			4
2024.12.06	01:22:45.522		0.58855			4
2024.12.06	01:22:48.146		0.58854			4
2024.12.06	01:22:48.447	0.58848	0.58852			6
2024.12.06	01:22:48.750		0.58854			4
2024.12.06	01:22:51.171	0.58849	0.58855			6
2024.12.06	01:22:52.242		0.58854			4
2024.12.06	01:22:52.883		0.58855			4
2024.12.06	01:22:56.314		0.58854			4
2024.12.06	01:22:56.615		0.58855			4
2024.12.06	01:23:00.244	0.58851	0.58856			6
2024.12.06	01:23:16.338	0.58850				2
2024.12.06	01:23:20.208		0.58855			4
2024.12.06	01:23:24.141	0.58851	0.58856			6
2024.12.06	01:23:32.305	0.58850	0.58855			6
2024.12.06	01:23:35.685	0.58851	0.58856			6
2024.12.06	01:23:40.825	0.58845	0.58850			6
2024.12.06	01:23:41.134	0.58843	0.58848			6
2024.12.06	01:23:42.388		0.58849			4
2024.12.06	01:23:44.809		0.58847			4
2024.12.06	01:23:45.415		0.58849			4
2024.12.06	01:23:48.492	0.58842	0.58847			6
2024.12.06	01:23:48.795	0.58843	0.58849			6
2024.12.06	01:23:52.121		0.58847			4
2024.12.06	01:23:52.724		0.58849			4
2024.12.06	01:23:56.102		0.58847			4
2024.12.06	01:23:56.405		0.58849			4
2024.12.06	01:23:59.176		0.58847			4
2024.12.06	01:24:00.081	0.58843	0.58849			6
2024.12.06	01:24:01.596	0.58839	0.58844			6
2024.12.06	01:24:01.901	0.58838	0.58842			6
2024.12.06	01:24:02.555		0.58841			4
2024.12.06	01:24:03.159	0.58837	0.58843			6
2024.12.06	01:24:06.486		0.58842			4
2024.12.06	01:24:07.089		0.58843			4
2024.12.06	01:24:07.998		0.58842			4
2024.12.06	01:24:08.301	0.58836				2
2024.12.06	01:24:08.604	0.58832	0.58838			6
2024.12.06	01:24:08.920	0.58831	0.58837			6
2024.12.06	01:24:21.406	0.58832				2
2024.12.06	01:24:21.709	0.58830	0.58836			6
2024.12.06	01:24:22.013	0.58831				2
2024.12.06	01:24:28.062		0.58835			4
2024.12.06	01:24:28.365		0.58836			4
2024.12.06	01:24:29.272	0.58830				2
2024.12.06	01:24:31.390		0.58835			4
2024.12.06	01:24:31.993		0.58836			4
2024.12.06	01:24:35.018		0.58835			4
2024.12.06	01:24:35.623	0.58831	0.58836			6
2024.12.06	01:24:36.229	0.58830				2
2024.12.06	01:24:38.950		0.58835			4
2024.12.06	01:24:39.557	0.58831	0.58836			6
2024.12.06	01:24:45.909		0.58837			4
2024.12.06	01:24:46.259	0.58832				2
2024.12.06	01:24:51.702	0.58834				2
2024.12.06	01:24:52.004		0.58839			4
2024.12.06	01:24:52.311	0.58833	0.58837			6
2024.12.06	01:24:53.821	0.58831	0.58836			6
2024.12.06	01:24:55.940	0.58830				2
2024.12.06	01:24:58.360	0.58831				2
2024.12.06	01:25:00.173	0.58831				2
2024.12.06	01:25:11.969	0.58833	0.58837			6
2024.12.06	01:25:16.609	0.58834	0.58838			6
2024.12.06	01:25:17.516		0.58839			4
2024.12.06	01:25:20.845		0.58838			4
2024.12.06	01:25:21.449		0.58839			4
2024.12.06	01:25:24.475		0.58838			4
2024.12.06	01:25:24.776		0.58839			4
2024.12.06	01:25:27.499	0.58835				2
2024.12.06	01:25:28.406		0.58838			4
2024.12.06	01:25:28.709		0.58839			4
2024.12.06	01:25:29.918	0.58833				2
2024.12.06	01:25:30.524	0.58832	0.58838			6
2024.12.06	01:25:31.136	0.58835				2
2024.12.06	01:25:41.157	0.58836				2
2024.12.06	01:25:41.467	0.58837	0.58841			6
2024.12.06	01:25:41.811	0.58839				2
2024.12.06	01:25:42.415		0.58842			4
2024.12.06	01:25:43.324	0.58838	0.58841			6
2024.12.06	01:25:44.837	0.58839	0.58842			6
2024.12.06	01:25:45.146		0.58843			4
2024.12.06	01:25:46.399	0.58836	0.58841			6
2024.12.06	01:25:54.311	0.58832	0.58837			6
2024.12.06	01:26:00.109	0.58832				2
2024.12.06	01:26:01.621		0.58836			4
2024.12.06	01:26:04.341		0.58837			4
2024.12.06	01:26:05.551		0.58836			4
2024.12.06	01:26:05.855		0.58837			4
2024.12.06	01:26:06.763	0.58834	0.58838			6
2024.12.06	01:26:17.099	0.58836	0.58837			6
2024.12.06	01:26:17.407	0.58839	0.58842			6
2024.12.06	01:26:17.717	0.58837				2
2024.12.06	01:26:18.361	0.58838				2
2024.12.06	01:26:20.174	0.58837				2
2024.12.06	01:26:20.779	0.58838				2
2024.12.06	01:26:21.082	0.58837				2
2024.12.06	01:26:21.687	0.58838				2
2024.12.06	01:26:22.292	0.58839				2
2024.12.06	01:26:31.117	0.58836	0.58841			6
2024.12.06	01:26:31.731	0.58837				2
2024.12.06	01:26:32.679	0.58838	0.58842			6
2024.12.06	01:26:33.887	0.58837	0.58841			6
2024.12.06	01:26:34.493	0.58838	0.58842			6
2024.12.06	01:26:38.121	0.58839				2
2024.12.06	01:26:38.423	0.58840	0.58843			6
2024.12.06	01:26:42.354	0.58839	0.58842			6
2024.12.06	01:26:42.657	0.58836	0.58841			6
2024.12.06	01:26:42.959	0.58837				2
2024.12.06	01:26:43.261	0.58836				2
2024.12.06	01:26:43.564	0.58837				2
2024.12.06	01:26:52.334		0.58840			4
2024.12.06	01:26:52.640		0.58841			4
2024.12.06	01:26:55.662		0.58840			4
2024.12.06	01:26:56.268		0.58841			4
2024.12.06	01:26:57.629		0.58840			4
2024.12.06	01:27:00.049	0.58837				2
2024.12.06	01:27:00.352		0.58841			4
2024.12.06	01:27:02.469		0.58842			4
2024.12.06	01:27:05.444		0.58841			4
2024.12.06	01:27:13.008		0.58840			4
2024.12.06	01:27:13.613		0.58841			4
2024.12.06	01:27:16.337		0.58840			4
2024.12.06	01:27:17.595		0.58841			4
2024.12.06	01:27:18.637	0.58834	0.58837			6
2024.12.06	01:27:19.262		0.58838			4
2024.12.06	01:27:19.816		0.58837			4
2024.12.06	01:27:24.959	0.58832	0.58836			6
2024.12.06	01:27:52.359	0.58833				2
2024.12.06	01:27:53.640	0.58832				2
2024.12.06	01:27:58.773	0.58833				2
2024.12.06	01:28:00.300	0.58833				2
2024.12.06	01:28:01.811	0.58832	0.58835			6
2024.12.06	01:28:02.415	0.58833	0.58836			6
2024.12.06	01:28:14.566	0.58834	0.58837			6
2024.12.06	01:28:21.269	0.58835				2
2024.12.06	01:28:25.556	0.58836				2
2024.12.06	01:28:46.127	0.58835				2
2024.12.06	01:28:50.665		0.58836			4
2024.12.06	01:29:00.038	0.58835				2
2024.12.06	01:29:01.552		0.58837			4
2024.12.06	01:30:00.287	0.58835				2
2024.12.06	01:30:01.798		0.58837			4
2024.12.06	01:30:03.310	0.58838	0.58840			6
2024.12.06	01:30:04.227	0.58839	0.58841			6
2024.12.06	01:30:04.825	0.58837	0.58839			6
2024.12.06	01:30:05.125	0.58838				2
2024.12.06	01:30:05.430	0.58839	0.58841			6
2024.12.06	01:30:06.336	0.58840	0.58842			6
2024.12.06	01:30:06.640		0.58841			4
2024.12.06	01:30:07.244		0.58842			4
2024.12.06	01:30:08.757		0.58841			4
2024.12.06	01:30:11.476	0.58839				2
2024.12.06	01:30:12.386	0.58838	0.58840			6
2024.12.06	01:30:18.487	0.58839	0.58841			6
2024.12.06	01:30:19.395	0.58840	0.58842			6
2024.12.06	01:30:44.850	0.58839	0.58841			6
2024.12.06	01:30:45.152	0.58840	0.58842			6
2024.12.06	01:31:00.278	0.58840				2
2024.12.06	01:31:45.445		0.58842			4
2024.12.06	01:32:00.064	0.58840				2
2024.12.06	01:32:04.653	0.58839	0.58841			6
2024.12.06	01:32:08.637	0.58838	0.58840			6
2024.12.06	01:32:12.010	0.58839	0.58841			6
2024.12.06	01:32:18.360	0.58838	0.58840			6
2024.12.06	01:32:22.899	0.58839				2
2024.12.06	01:32:24.107		0.58841			4
2024.12.06	01:32:51.126	0.58840	0.58842			6
2024.12.06	01:32:51.731		0.58841			4
2024.12.06	01:32:58.989	0.58839				2
2024.12.06	01:33:00.197	0.58839				2
2024.12.06	01:33:00.499	0.58841	0.58842			6
2024.12.06	01:33:01.711		0.58843			4
2024.12.06	01:33:02.014		0.58842			4
2024.12.06	01:33:04.432		0.58843			4
2024.12.06	01:33:04.735		0.58842			4
2024.12.06	01:33:05.944		0.58843			4
2024.12.06	01:33:09.322		0.58842			4
2024.12.06	01:33:09.925		0.58843			4
2024.12.06	01:33:12.346		0.58842			4
2024.12.06	01:33:15.691	0.58835	0.58836			6
2024.12.06	01:33:16.832		0.58837			4
2024.12.06	01:33:19.654	0.58833	0.58835			6
2024.12.06	01:33:19.961	0.58834				2
2024.12.06	01:33:20.275		0.58836			4
2024.12.06	01:33:27.601	0.58831	0.58835			6
2024.12.06	01:33:27.923	0.58830	0.58833			6
2024.12.06	01:33:30.739	0.58831				2
2024.12.06	01:33:31.066	0.58830				2
2024.12.06	01:33:41.567	0.58829				2
2024.12.06	01:33:50.400		0.58831			4
2024.12.06	01:33:58.719	0.58830	0.58833			6
2024.12.06	01:34:02.351	0.58830				2
2024.12.06	01:34:08.407	0.58831				2
2024.12.06	01:34:18.136	0.58829				2
2024.12.06	01:34:38.403	0.58830				2
2024.12.06	01:34:48.787	0.58832	0.58835			6
2024.12.06	01:34:49.091	0.58831	0.58834			6
2024.12.06	01:34:50.057	0.58832	0.58836			6
2024.12.06	01:34:52.230		0.58835			4
2024.12.06	01:34:57.540		0.58836			4
2024.12.06	01:34:57.959		0.58835			4
2024.12.06	01:35:00.080	0.58832				2
2024.12.06	01:35:05.223	0.58834	0.58836			6
2024.12.06	01:35:24.682		0.58835			4
2024.12.06	01:35:26.497		0.58836			4
2024.12.06	01:35:30.733	0.58833				2
2024.12.06	01:35:31.034	0.58834				2
2024.12.06	01:35:31.640	0.58833				2
2024.12.06	01:35:31.941	0.58834				2
2024.12.06	01:35:34.969	0.58833	0.58835			6
2024.12.06	01:35:37.388	0.58832				2
2024.12.06	01:35:37.693		0.58833			4
2024.12.06	01:35:38.000	0.58831	0.58834			6
2024.12.06	01:35:57.401		0.58833			4
2024.12.06	01:35:57.702	0.58829	0.58831			6
2024.12.06	01:35:58.007		0.58830			4
2024.12.06	01:35:58.309		0.58831			4
2024.12.06	01:36:00.124	0.58828				2
2024.12.06	01:36:00.429	0.58827	0.58830			6
2024.12.06	01:36:00.730	0.58826	0.58829			6
2024.12.06	01:36:01.403	0.58824	0.58826			6
2024.12.06	01:36:02.346		0.58827			4
2024.12.06	01:36:10.791	0.58825				2
2024.12.06	01:36:15.121	0.58824				2
2024.12.06	01:36:20.736	0.58821	0.58824			6
2024.12.06	01:36:57.483	0.58820	0.58825			6
2024.12.06	01:36:59.411		0.58824			4
2024.12.06	01:37:00.016	0.58820				2
2024.12.06	01:37:16.349	0.58821				2
2024.12.06	01:37:18.467	0.58820	0.58823			6
2024.12.06	01:37:18.770	0.58821	0.58824			6
2024.12.06	01:37:19.679		0.58823			4
2024.12.06	01:37:20.634		0.58824			4
2024.12.06	01:37:21.542	0.58820	0.58823			6
2024.12.06	01:37:22.147	0.58821	0.58824			6
2024.12.06	01:37:24.922	0.58820	0.58823			6
2024.12.06	01:37:25.525	0.58821	0.58824			6
2024.12.06	01:37:28.856	0.58820	0.58823			6
2024.12.06	01:37:29.458	0.58821	0.58824			6
2024.12.06	01:37:32.483	0.58820	0.58823			6
2024.12.06	01:37:33.091	0.58821	0.58824			6
2024.12.06	01:37:36.116	0.58820	0.58823			6
2024.12.06	01:37:36.721	0.58821	0.58824			6
2024.12.06	01:37:39.441	0.58820	0.58823			6
2024.12.06	01:37:40.047	0.58821	0.58824			6
2024.12.06	01:37:43.385	0.58820	0.58823			6
2024.12.06	01:37:43.729	0.58821	0.58824			6
2024.12.06	01:37:46.451	0.58820	0.58823			6
2024.12.06	01:37:47.055	0.58821	0.58824			6
2024.12.06	01:37:49.779	0.58820	0.58823			6
2024.12.06	01:37:50.384	0.58821	0.58824			6
2024.12.06	01:37:53.104	0.58820	0.58823			6
2024.12.06	01:37:53.712	0.58821	0.58824			6
2024.12.06	01:37:57.040	0.58820	0.58823			6
2024.12.06	01:37:57.644	0.58821	0.58824			6
2024.12.06	01:38:00.062	0.58820	0.58823			6
2024.12.06	01:38:03.136	0.58821				2
2024.12.06	01:38:03.440	0.58820	0.58822			6
2024.12.06	01:38:06.463	0.58821	0.58823			6
2024.12.06	01:38:07.070	0.58820	0.58822			6
2024.12.06	01:38:07.674	0.58821	0.58823			6
2024.12.06	01:38:09.188		0.58824			4
2024.12.06	01:38:10.700	0.58820	0.58823			6
2024.12.06	01:38:11.305	0.58819	0.58822			6
2024.12.06	01:38:11.608	0.58820	0.58823			6
2024.12.06	01:38:12.210		0.58824			4
2024.12.06	01:38:15.238	0.58819	0.58822			6
2024.12.06	01:38:15.843	0.58820	0.58824			6
2024.12.06	01:38:16.146	0.58819				2
2024.12.06	01:38:18.951		0.58823			4
2024.12.06	01:38:19.271		0.58824			4
2024.12.06	01:38:22.877		0.58823			4
2024.12.06	01:38:23.206		0.58824			4
2024.12.06	01:38:24.879	0.58824	0.58827			6
2024.12.06	01:38:25.876	0.58828	0.58831			6
2024.12.06	01:38:30.748	0.58830	0.58833			6
2024.12.06	01:38:34.879		0.58832			4
2024.12.06	01:38:46.197	0.58831	0.58833			6
2024.12.06	01:38:51.535	0.58832				2
2024.12.06	01:38:56.750	0.58831				2
2024.12.06	01:38:59.918	0.58830				2
2024.12.06	01:39:00.408	0.58822	0.58825			6
2024.12.06	01:39:02.144	0.58821				2
2024.12.06	01:39:02.515		0.58824			4
2024.12.06	01:39:15.934		0.58825			4
2024.12.06	01:39:19.440		0.58824			4
2024.12.06	01:39:24.510		0.58825			4
2024.12.06	01:39:52.811	0.58822				2
2024.12.06	01:39:55.569	0.58825	0.58827			6
2024.12.06	01:40:00.460	0.58826	0.58828			6
2024.12.06	01:40:13.988		0.58829			4
2024.12.06	01:40:27.975	0.58822	0.58828			6
2024.12.06	01:40:30.064	0.58823				2
2024.12.06	01:40:31.946	0.58824	0.58829			6
2024.12.06	01:40:42.314		0.58828			4
2024.12.06	01:40:45.065	0.58822	0.58827			6
2024.12.06	01:40:50.458	0.58820	0.58825			6
2024.12.06	01:40:55.555	0.58819	0.58821			6
2024.12.06	01:40:56.306		0.58823			4
2024.12.06	01:40:57.363	0.58818				2
2024.12.06	01:41:00.414	0.58818				2
2024.12.06	01:41:02.410		0.58822			4
2024.12.06	01:41:02.711		0.58823			4
2024.12.06	01:41:06.090		0.58822			4
2024.12.06	01:41:06.695		0.58823			4
2024.12.06	01:41:09.869		0.58822			4
2024.12.06	01:41:10.173		0.58823			4
2024.12.06	01:41:15.619		0.58822			4
2024.12.06	01:41:35.182		0.58821			4
2024.12.06	01:41:49.393	0.58822	0.58825			6
2024.12.06	01:41:49.695	0.58823				2
2024.12.06	01:41:50.000		0.58826			4
2024.12.06	01:41:50.301	0.58822	0.58827			6
2024.12.06	01:41:51.067	0.58820	0.58824			6
2024.12.06	01:41:57.973	0.58821				2
2024.12.06	01:42:00.416	0.58821	0.58826			6
2024.12.06	01:42:07.972		0.58825			4
2024.12.06	01:42:17.279	0.58822				2
2024.12.06	01:42:25.605	0.58820	0.58823			6
2024.12.06	01:42:26.646	0.58822	0.58825			6
2024.12.06	01:42:33.623		0.58826			4
2024.12.06	01:42:34.732		0.58825			4
2024.12.06	01:42:50.650	0.58823	0.58826			6
2024.12.06	01:42:57.357	0.58824				2
2024.12.06	01:43:00.078	0.58824				2
2024.12.06	01:43:16.210		0.58825			4
2024.12.06	01:43:37.986	0.58828	0.58829			6
2024.12.06	01:43:38.290		0.58830			4
2024.12.06	01:43:39.246	0.58829	0.58832			6
2024.12.06	01:43:43.832	0.58828				2
2024.12.06	01:43:45.420	0.58832	0.58835			6
2024.12.06	01:43:45.844		0.58834			4
2024.12.06	01:43:46.224	0.58833	0.58835			6
2024.12.06	01:43:46.525	0.58832				2
2024.12.06	01:43:54.260		0.58834			4
2024.12.06	01:44:01.341	0.58833	0.58836			6
2024.12.06	01:44:01.647	0.58832	0.58834			6
2024.12.06	01:44:10.949	0.58833	0.58835			6
2024.12.06	01:44:13.079	0.58838	0.58841			6
2024.12.06	01:44:13.401	0.58837				2
2024.12.06	01:44:14.067	0.58836	0.58839			6
2024.12.06	01:44:16.319		0.58838			4
2024.12.06	01:44:16.625	0.58835	0.58837			6
2024.12.06	01:44:18.836		0.58838			4
2024.12.06	01:44:36.384	0.58836				2
2024.12.06	01:44:38.170	0.58839	0.58842			6
2024.12.06	01:44:38.474	0.58840	0.58843			6
2024.12.06	01:44:41.995	0.58839	0.58842			6
2024.12.06	01:44:42.427	0.58840				2
2024.12.06	01:44:43.985	0.58839				2
2024.12.06	01:44:44.302	0.58838	0.58841			6
2024.12.06	01:44:51.722	0.58835	0.58839			6
2024.12.06	01:44:53.794	0.58836				2
2024.12.06	01:44:59.098	0.58833	0.58836			6
2024.12.06	01:45:00.300	0.58833				2
2024.12.06	01:45:01.152	0.58834	0.58837			6
2024.12.06	01:45:01.526	0.58835	0.58838			6
2024.12.06	01:45:01.843	0.58834	0.58837			6
2024.12.06	01:45:04.810	0.58833	0.58836			6
2024.12.06	01:45:05.407	0.58834	0.58837			6
2024.12.06	01:45:08.896	0.58832				2
2024.12.06	01:45:11.799	0.58833	0.58836			6
2024.12.06	01:45:15.961	0.58836	0.58839			6
2024.12.06	01:45:18.098	0.58835	0.58838			6
2024.12.06	01:46:01.926	0.58835				2
2024.12.06	01:46:10.270	0.58836				2
2024.12.06	01:46:18.301		0.58838			4
2024.12.06	01:46:31.914	0.58837	0.58839			6
2024.12.06	01:46:34.033	0.58836	0.58838			6
2024.12.06	01:46:53.241		0.58837			4
2024.12.06	01:46:53.545	0.58833	0.58835			6
2024.12.06	01:46:54.150		0.58836			4
2024.12.06	01:46:55.082	0.58832	0.58834			6
2024.12.06	01:46:57.665	0.58831				2
2024.12.06	01:47:00.397	0.58830	0.58833			6
2024.12.06	01:47:11.106	0.58829	0.58831			6
2024.12.06	01:47:11.749	0.58830				2
2024.12.06	01:47:14.771	0.58831	0.58833			6
2024.12.06	01:47:15.380		0.58834			4
2024.12.06	01:47:16.350		0.58833			4
2024.12.06	01:47:16.688		0.58834			4
2024.12.06	01:47:18.532	0.58832				2
2024.12.06	01:47:18.856	0.58834	0.58837			6
2024.12.06	01:47:22.133		0.58836			4
2024.12.06	01:47:22.739		0.58837			4
2024.12.06	01:47:27.057	0.58831	0.58834			6
2024.12.06	01:47:41.200	0.58832				2
2024.12.06	01:47:42.148	0.58831				2
2024.12.06	01:47:45.376	0.58832				2
2024.12.06	01:47:46.636	0.58831				2
2024.12.06	01:47:47.410	0.58832				2
2024.12.06	01:47:50.467	0.58831				2
2024.12.06	01:47:50.814	0.58832				2
2024.12.06	01:47:53.542	0.58831				2
2024.12.06	01:47:54.121	0.58832				2
2024.12.06	01:47:56.869	0.58831				2
2024.12.06	01:47:57.581	0.58832				2
2024.12.06	01:47:58.533	0.58830	0.58832			6
2024.12.06	01:47:58.836	0.58831	0.58833			6
2024.12.06	01:47:59.139		0.58834			4
2024.12.06	01:48:00.539	0.58831				2
2024.12.06	01:48:05.554	0.58829	0.58832			6
2024.12.06	01:48:05.866	0.58828				2
2024.12.06	01:48:06.208	0.58831	0.58833			6
2024.12.06	01:48:09.259		0.58834			4
2024.12.06	01:48:19.403		0.58833			4
2024.12.06	01:49:00.034	0.58831				2
2024.12.06	01:49:00.639	0.58829	0.58831			6
2024.12.06	01:49:02.756	0.58830				2
2024.12.06	01:49:04.273		0.58832			4
2024.12.06	01:49:05.228	0.58829	0.58831			6
2024.12.06	01:49:07.343	0.58830				2
2024.12.06	01:49:08.251	0.58831	0.58832			6
2024.12.06	01:49:11.277	0.58827	0.58829			6
2024.12.06	01:49:12.183	0.58826				2
2024.12.06	01:49:28.421	0.58827				2
2024.12.06	01:49:37.192	0.58829	0.58830			6
2024.12.06	01:49:40.827	0.58828				2
2024.12.06	01:49:49.342		0.58829			4
2024.12.06	01:49:49.644		0.58830			4
2024.12.06	01:49:56.601	0.58830	0.58832			6
2024.12.06	01:50:00.233	0.58830				2
2024.12.06	01:50:03.862	0.58828	0.58830			6
2024.12.06	01:50:08.701	0.58829	0.58831			6
2024.12.06	01:50:20.500	0.58833	0.58834			6
2024.12.06	01:50:20.807	0.58832				2
2024.12.06	01:50:21.156	0.58831				2
2024.12.06	01:50:22.166	0.58832				2
2024.12.06	01:50:22.468	0.58831				2
2024.12.06	01:50:22.771	0.58832				2
2024.12.06	01:50:23.072	0.58831				2
2024.12.06	01:50:41.376		0.58833			4
2024.12.06	01:50:47.476		0.58832			4
2024.12.06	01:50:52.365	0.58829				2
2024.12.06	01:50:52.682	0.58828	0.58831			6
2024.12.06	01:50:55.859	0.58829				2
2024.12.06	01:50:56.199	0.58830				2
2024.12.06	01:51:00.132	0.58829				2
2024.12.06	01:51:11.626	0.58828	0.58829			6
2024.12.06	01:51:11.929	0.58829	0.58831			6
2024.12.06	01:51:12.229		0.58830			4
2024.12.06	01:51:13.138		0.58831			4
2024.12.06	01:51:13.443		0.58832			4
2024.12.06	01:51:13.987	0.58828	0.58831			6
2024.12.06	01:51:21.728		0.58830			4
2024.12.06	01:51:22.336		0.58831			4
2024.12.06	01:51:30.174		0.58830			4
2024.12.06	01:51:31.394		0.58831			4
2024.12.06	01:51:42.384	0.58829				2
2024.12.06	01:51:58.415	0.58826	0.58828			6
2024.12.06	01:52:00.231	0.58826				2
2024.12.06	01:52:01.139	0.58825				2
2024.12.06	01:52:07.240	0.58826				2
2024.12.06	01:52:58.715		0.58828			4
2024.12.06	01:53:00.226	0.58826				2
2024.12.06	01:53:08.393	0.58827				2
2024.12.06	01:53:15.653	0.58826				2
2024.12.06	01:53:16.257	0.58827				2
2024.12.06	01:53:19.030	0.58826				2
2024.12.06	01:53:19.939	0.58827				2
2024.12.06	01:53:22.961	0.58826				2
2024.12.06	01:53:23.566	0.58827				2
2024.12.06	01:53:26.894	0.58826				2
2024.12.06	01:53:27.498	0.58827				2
2024.12.06	01:53:30.523	0.58826				2
2024.12.06	01:53:31.128	0.58827				2
2024.12.06	01:53:33.549	0.58826				2
2024.12.06	01:53:34.457	0.58827				2
2024.12.06	01:53:36.878	0.58826				2
2024.12.06	01:53:37.785	0.58827				2
2024.12.06	01:53:40.205	0.58826				2
2024.12.06	01:53:40.809	0.58827				2
2024.12.06	01:53:43.884	0.58826				2
2024.12.06	01:53:44.189	0.58827				2
2024.12.06	01:53:46.910	0.58826				2
2024.12.06	01:53:47.866	0.58827				2
2024.12.06	01:53:50.588	0.58826				2
2024.12.06	01:53:51.193	0.58827				2
2024.12.06	01:53:54.221	0.58826				2
2024.12.06	01:53:54.825	0.58827				2
2024.12.06	01:53:57.848	0.58826				2
2024.12.06	01:53:58.153	0.58827				2
2024.12.06	01:53:58.756		0.58828			4
2024.12.06	01:54:00.270	0.58827				2
2024.12.06	01:54:01.176	0.58826				2
2024.12.06	01:54:02.083	0.58827				2
2024.12.06	01:54:03.598	0.58826				2
2024.12.06	01:54:06.620	0.58827				2
2024.12.06	01:54:09.345	0.58826				2
2024.12.06	01:54:09.645	0.58827				2
2024.12.06	01:54:12.973	0.58826				2
2024.12.06	01:54:13.579	0.58827				2
2024.12.06	01:54:16.303	0.58826				2
2024.12.06	01:54:16.908	0.58827				2
2024.12.06	01:54:19.628	0.58826				2
2024.12.06	01:54:23.259	0.58824	0.58826			6
2024.12.06	01:54:24.166	0.58823				2
2024.12.06	01:54:24.646	0.58824	0.58827			6
2024.12.06	01:54:26.320		0.58826			4
2024.12.06	01:54:26.637	0.58823				2
2024.12.06	01:54:36.345	0.58821	0.58824			6
2024.12.06	01:54:36.646		0.58823			4
2024.12.06	01:54:37.281	0.58820				2
2024.12.06	01:54:38.681	0.58821	0.58824			6
2024.12.06	01:55:00.399	0.58820	0.58823			6
2024.12.06	01:55:00.731		0.58824			4
2024.12.06	01:55:01.131	0.58821	0.58823			6
2024.12.06	01:55:01.751	0.58820				2
2024.12.06	01:55:02.293	0.58821				2
2024.12.06	01:55:05.055	0.58820				2
2024.12.06	01:55:05.679	0.58821				2
2024.12.06	01:55:08.133	0.58824	0.58827			6
2024.12.06	01:55:09.881	0.58825	0.58828			6
2024.12.06	01:55:41.299	0.58823	0.58827			6
2024.12.06	01:55:43.797	0.58824	0.58828			6
2024.12.06	01:55:48.219		0.58827			4
2024.12.06	01:55:57.729	0.58825	0.58828			6
2024.12.06	01:55:59.869	0.58826	0.58829			6
2024.12.06	01:56:00.406	0.58826				2
2024.12.06	01:56:07.419		0.58828			4
2024.12.06	01:56:09.838	0.58827				2
2024.12.06	01:56:10.142	0.58829	0.58831			6
2024.12.06	01:56:11.400		0.58832			4
2024.12.06	01:56:12.357	0.58827	0.58831			6
2024.12.06	01:56:13.998	0.58828				2
2024.12.06	01:56:20.176	0.58826	0.58829			6
2024.12.06	01:56:28.701	0.58827	0.58830			6
2024.12.06	01:56:29.731	0.58821	0.58824			6
2024.12.06	01:56:30.747	0.58823				2
2024.12.06	01:56:33.815	0.58819	0.58820			6
2024.12.06	01:56:38.485	0.58820	0.58822			6
2024.12.06	01:56:43.613	0.58821	0.58823			6
2024.12.06	01:56:56.449	0.58822				2
2024.12.06	01:56:56.816	0.58821				2
2024.12.06	01:57:00.616	0.58821				2
2024.12.06	01:57:03.799	0.58822	0.58824			6
2024.12.06	01:57:04.652	0.58821				2
2024.12.06	01:57:08.921	0.58820	0.58822			6
2024.12.06	01:57:37.222	0.58818	0.58820			6
2024.12.06	01:57:57.263	0.58815	0.58818			6
2024.12.06	01:58:00.403	0.58815	0.58816			6
2024.12.06	01:58:27.538	0.58814	0.58815			6
2024.12.06	01:58:34.943		0.58817			4
2024.12.06	01:58:47.521	0.58815				2
2024.12.06	01:58:51.574	0.58816	0.58818			6
2024.12.06	01:59:00.209	0.58816	0.58817			6
2024.12.06	01:59:02.398		0.58818			4
2024.12.06	01:59:10.717		0.58817			4
2024.12.06	01:59:15.585		0.58818			4
2024.12.06	01:59:15.986	0.58821	0.58822			6
2024.12.06	01:59:22.971	0.58823	0.58825			6
2024.12.06	01:59:26.188	0.58824				2
2024.12.06	01:59:26.511	0.58826	0.58828			6
2024.12.06	01:59:31.148		0.58829			4
2024.12.06	01:59:47.753	0.58825				2
2024.12.06	01:59:48.581	0.58826				2
2024.12.06	01:59:48.883	0.58827	0.58830			6
2024.12.06	01:59:51.384	0.58824	0.58827			6
2024.12.06	01:59:51.692	0.58825	0.58828			6
2024.12.06	01:59:57.458	0.58826	0.58830			6
2024.12.06	01:59:57.815	0.58827				2
2024.12.06	01:59:58.165	0.58826	0.58829			6
2024.12.06	01:59:58.478	0.58827	0.58830			6
2024.12.06	01:59:59.365	0.58826	0.58829			6
2024.12.06	02:00:00.060	0.58827	0.58830			6
2024.12.06	02:00:00.376	0.58825	0.58829			6
2024.12.06	02:00:00.691	0.58827	0.58830			6
2024.12.06	02:00:02.729	0.58831	0.58833			6
2024.12.06	02:00:03.221	0.58832	0.58835			6
2024.12.06	02:00:06.094	0.58831				2
2024.12.06	02:00:06.407		0.58834			4
2024.12.06	02:00:06.822		0.58835			4
2024.12.06	02:00:07.568		0.58834			4
2024.12.06	02:00:10.387	0.58830				2
2024.12.06	02:00:11.189	0.58831				2
2024.12.06	02:00:15.072	0.58829	0.58832			6
2024.12.06	02:00:15.491		0.58831			4
2024.12.06	02:00:15.851	0.58828				2
2024.12.06	02:00:16.159	0.58827	0.58832			6
2024.12.06	02:00:16.462	0.58828	0.58831			6
2024.12.06	02:00:17.352		0.58832			4
2024.12.06	02:00:18.811		0.58831			4
2024.12.06	02:00:19.440	0.58829	0.58832			6
2024.12.06	02:00:19.764		0.58833			4
2024.12.06	02:00:21.553	0.58830				2
2024.12.06	02:00:26.112	0.58826	0.58829			6
2024.12.06	02:00:26.980	0.58825	0.58828			6
2024.12.06	02:00:28.855	0.58824	0.58827			6
2024.12.06	02:00:31.097	0.58823	0.58826			6
2024.12.06	02:00:31.423	0.58822				2
2024.12.06	02:00:36.686	0.58823				2
2024.12.06	02:00:37.985	0.58822				2
2024.12.06	02:00:38.755		0.58827			4
2024.12.06	02:00:39.062	0.58821	0.58823			6
2024.12.06	02:00:39.451	0.58819	0.58822			6
2024.12.06	02:00:39.768	0.58818				2
2024.12.06	02:00:42.138	0.58820	0.58824			6
2024.12.06	02:00:45.952		0.58823			4
2024.12.06	02:00:48.456	0.58819				2
2024.12.06	02:00:49.439		0.58822			4
2024.12.06	02:00:50.674		0.58823			4
2024.12.06	02:00:54.347	0.58820				2
2024.12.06	02:00:58.977		0.58824			4
2024.12.06	02:00:59.492	0.58821				2
2024.12.06	02:01:00.601	0.58821				2
2024.12.06	02:01:01.161	0.58820				2
2024.12.06	02:01:02.532		0.58823			4
2024.12.06	02:01:05.466	0.58821				2
2024.12.06	02:01:06.969	0.58820				2
2024.12.06	02:01:09.194	0.58819				2
2024.12.06	02:01:10.252		0.58822			4
2024.12.06	02:01:15.821	0.58818	0.58821			6
2024.12.06	02:01:18.426	0.58819				2
2024.12.06	02:01:22.055	0.58816	0.58819			6
2024.12.06	02:01:30.754	0.58815	0.58818			6
2024.12.06	02:01:38.517	0.58814	0.58817			6
2024.12.06	02:01:38.826	0.58813	0.58816			6
2024.12.06	02:01:40.514		0.58817			4
2024.12.06	02:01:42.657	0.58815	0.58818			6
2024.12.06	02:01:47.956	0.58817	0.58819			6
2024.12.06	02:01:48.298		0.58820			4
2024.12.06	02:01:48.629	0.58816	0.58819			6
2024.12.06	02:01:49.253	0.58817	0.58820			6
2024.12.06	02:01:50.288	0.58818	0.58821			6
2024.12.06	02:01:50.602	0.58817	0.58820			6
2024.12.06	02:01:51.739	0.58818	0.58821			6
2024.12.06	02:01:53.465		0.58822			4
2024.12.06	02:01:58.246	0.58817	0.58820			6
2024.12.06	02:02:00.510	0.58817				2
2024.12.06	02:02:01.095	0.58818	0.58821			6
2024.12.06	02:02:02.554	0.58817	0.58820			6
2024.12.06	02:02:04.725	0.58816	0.58819			6
2024.12.06	02:02:05.307	0.58814	0.58817			6
2024.12.06	02:02:05.623	0.58816	0.58819			6
2024.12.06	02:02:06.337	0.58815	0.58818			6
2024.12.06	02:02:11.314	0.58814	0.58817			6
2024.12.06	02:02:13.473	0.58815	0.58818			6
2024.12.06	02:02:13.831	0.58818	0.58821			6
2024.12.06	02:02:16.162	0.58817				2
2024.12.06	02:02:17.949	0.58818				2
2024.12.06	02:02:20.400	0.58817				2
2024.12.06	02:02:24.865	0.58814	0.58819			6
2024.12.06	02:02:26.143	0.58810	0.58814			6
2024.12.06	02:02:28.165	0.58812	0.58816			6
2024.12.06	02:02:28.929	0.58813				2
2024.12.06	02:02:31.229	0.58811	0.58815			6
2024.12.06	02:02:31.538		0.58816			4
2024.12.06	02:02:31.904		0.58815			4
2024.12.06	02:02:32.508	0.58813				2
2024.12.06	02:02:32.812	0.58812	0.58817			6
2024.12.06	02:02:39.830	0.58810	0.58815			6
2024.12.06	02:02:40.294		0.58814			4
2024.12.06	02:02:40.924		0.58815			4
2024.12.06	02:02:41.314		0.58814			4
2024.12.06	02:02:41.934		0.58815			4
2024.12.06	02:02:42.246		0.58814			4
2024.12.06	02:02:49.847		0.58813			4
2024.12.06	02:02:51.963	0.58808	0.58812			6
2024.12.06	02:02:52.296	0.58809				2
2024.12.06	02:02:53.607	0.58808				2
2024.12.06	02:02:55.934	0.58809				2
2024.12.06	02:02:58.345	0.58811	0.58815			6
2024.12.06	02:03:00.164	0.58811				2
2024.12.06	02:03:05.589	0.58812				2
2024.12.06	02:03:06.032	0.58811				2
2024.12.06	02:03:07.013		0.58814			4
2024.12.06	02:03:08.710	0.58808	0.58811			6
2024.12.06	02:03:10.442	0.58807				2
2024.12.06	02:03:16.827	0.58805	0.58809			6
2024.12.06	02:03:22.187	0.58808	0.58812			6
2024.12.06	02:03:25.086		0.58811			4
2024.12.06	02:03:31.345	0.58805	0.58809			6
2024.12.06	02:03:44.080		0.58808			4
2024.12.06	02:03:44.912	0.58803	0.58807			6
2024.12.06	02:03:45.220	0.58804				2
2024.12.06	02:03:46.384	0.58803				2
2024.12.06	02:03:51.401	0.58804				2
2024.12.06	02:03:55.390		0.58806			4
2024.12.06	02:03:58.467	0.58803				2
2024.12.06	02:04:00.028	0.58803				2
2024.12.06	02:04:05.477	0.58804				2
2024.12.06	02:04:05.779	0.58802				2
2024.12.06	02:04:06.081	0.58806	0.58807			6
2024.12.06	02:04:06.385	0.58809	0.58811			6
2024.12.06	02:04:12.043	0.58808				2
2024.12.06	02:04:20.025	0.58812	0.58815			6
2024.12.06	02:04:20.327	0.58811				2
2024.12.06	02:04:21.058	0.58813	0.58817			6
2024.12.06	02:04:24.347	0.58811				2
2024.12.06	02:04:26.503	0.58813				2
2024.12.06	02:04:27.209	0.58810	0.58816			6
2024.12.06	02:04:27.530		0.58814			4
2024.12.06	02:04:30.883	0.58811				2
2024.12.06	02:04:34.037	0.58810	0.58813			6
2024.12.06	02:04:35.520		0.58814			4
2024.12.06	02:04:37.120	0.58811	0.58815			6
2024.12.06	02:04:37.431		0.58814			4
2024.12.06	02:04:42.949		0.58815			4
2024.12.06	02:04:44.300	0.58813	0.58817			6
2024.12.06	02:04:47.271		0.58816			4
2024.12.06	02:04:48.623	0.58812				2
2024.12.06	02:04:49.362	0.58813				2
2024.12.06	02:04:50.614	0.58812				2
2024.12.06	02:04:51.390	0.58811	0.58815			6
2024.12.06	02:04:53.710	0.58813	0.58817			6
2024.12.06	02:04:54.022	0.58814				2
2024.12.06	02:05:00.432	0.58814				2
2024.12.06	02:05:11.299	0.58813	0.58816			6
2024.12.06	02:05:12.227		0.58817			4
2024.12.06	02:05:15.105		0.58816			4
2024.12.06	02:05:15.459	0.58810	0.58814			6
2024.12.06	02:05:15.778	0.58808	0.58811			6
2024.12.06	02:05:16.401		0.58812			4
2024.12.06	02:05:20.590	0.58809				2
2024.12.06	02:05:20.899	0.58813	0.58817			6
2024.12.06	02:05:25.135	0.58812	0.58815			6
2024.12.06	02:05:26.149	0.58810	0.58814			6
2024.12.06	02:05:31.059	0.58807	0.58811			6
2024.12.06	02:05:32.260	0.58808				2
2024.12.06	02:05:36.240	0.58807				2
2024.12.06	02:05:38.135	0.58808				2
2024.12.06	02:05:38.641	0.58805	0.58809			6
2024.12.06	02:05:38.953	0.58803	0.58807			6
2024.12.06	02:05:39.314		0.58806			4
2024.12.06	02:05:39.668	0.58805	0.58807			6
2024.12.06	02:05:39.991		0.58809			4
2024.12.06	02:05:40.361	0.58806				2
2024.12.06	02:05:45.937	0.58805	0.58808			6
2024.12.06	02:05:46.990	0.58803	0.58807			6
2024.12.06	02:05:48.548		0.58806			4
2024.12.06	02:05:52.216	0.58801	0.58805			6
2024.12.06	02:05:53.980		0.58804			4
2024.12.06	02:05:56.385		0.58805			4
2024.12.06	02:05:56.862		0.58804			4
2024.12.06	02:06:00.429	0.58799	0.58802			6
2024.12.06	02:06:01.159	0.58800	0.58804			6
2024.12.06	02:06:09.962	0.58801				2
2024.12.06	02:06:11.269	0.58800				2
2024.12.06	02:06:12.001	0.58803	0.58806			6
2024.12.06	02:06:12.812	0.58802	0.58805			6
2024.12.06	02:06:14.291	0.58806	0.58809			6
2024.12.06	02:06:16.176	0.58807	0.58811			6
2024.12.06	02:06:17.871		0.58810			4
2024.12.06	02:06:20.732	0.58808	0.58811			6
2024.12.06	02:06:21.117	0.58807	0.58810			6
2024.12.06	02:06:23.627		0.58811			4
2024.12.06	02:06:24.251	0.58808				2
2024.12.06	02:06:24.651	0.58807				2
2024.12.06	02:06:24.953	0.58808				2
2024.12.06	02:06:25.717	0.58807				2
2024.12.06	02:06:26.375	0.58808				2
2024.12.06	02:06:27.645	0.58809				2
2024.12.06	02:06:32.966	0.58807	0.58810			6
2024.12.06	02:06:33.639		0.58811			4
2024.12.06	02:06:34.360		0.58810			4
2024.12.06	02:06:35.130	0.58808	0.58811			6
2024.12.06	02:06:35.514	0.58807				2
2024.12.06	02:06:35.934	0.58808				2
2024.12.06	02:06:36.271	0.58807	0.58810			6
2024.12.06	02:06:36.970	0.58806				2
2024.12.06	02:06:37.271		0.58809			4
2024.12.06	02:06:37.577	0.58807	0.58810			6
2024.12.06	02:06:40.550	0.58806	0.58809			6
2024.12.06	02:06:44.560	0.58808	0.58811			6
2024.12.06	02:06:44.997	0.58807	0.58810			6
2024.12.06	02:06:45.344	0.58808	0.58811			6
2024.12.06	02:06:46.001	0.58807	0.58810			6
2024.12.06	02:06:49.551	0.58806	0.58809			6
2024.12.06	02:06:52.384	0.58802	0.58805			6
2024.12.06	02:06:54.367		0.58806			4
2024.12.06	02:06:57.606	0.58806	0.58809			6
2024.12.06	02:07:00.423	0.58806				2
2024.12.06	02:07:01.205	0.58805	0.58808			6
2024.12.06	02:07:01.525	0.58806	0.58809			6
2024.12.06	02:07:06.422	0.58807	0.58811			6
2024.12.06	02:07:10.319	0.58806	0.58809			6
2024.12.06	02:07:24.290	0.58807	0.58810			6
2024.12.06	02:07:26.284	0.58806	0.58809			6
2024.12.06	02:07:26.596	0.58805				2
2024.12.06	02:07:27.349	0.58804	0.58807			6
2024.12.06	02:07:27.676	0.58805	0.58808			6
2024.12.06	02:07:27.982	0.58804				2
2024.12.06	02:07:28.611	0.58803	0.58806			6
2024.12.06	02:07:30.240		0.58807			4
2024.12.06	02:07:30.966		0.58806			4
2024.12.06	02:07:33.699	0.58801	0.58804			6
2024.12.06	02:07:34.004	0.58802	0.58805			6
2024.12.06	02:07:36.087	0.58801				2
2024.12.06	02:07:36.403		0.58804			4
2024.12.06	02:07:36.713	0.58802	0.58805			6
2024.12.06	02:07:37.088	0.58797	0.58800			6
2024.12.06	02:07:39.345	0.58796	0.58799			6
2024.12.06	02:07:40.106	0.58792	0.58795			6
2024.12.06	02:07:40.597	0.58796	0.58799			6
2024.12.06	02:07:43.505	0.58793	0.58796			6
2024.12.06	02:07:43.821	0.58794				2
2024.12.06	02:07:44.436	0.58793				2
2024.12.06	02:07:44.757		0.58797			4
2024.12.06	02:07:45.105	0.58796	0.58799			6
2024.12.06	02:07:45.417	0.58794	0.58797			6
2024.12.06	02:07:45.914	0.58791	0.58794			6
2024.12.06	02:07:50.440	0.58792	0.58795			6
2024.12.06	02:07:50.892	0.58793	0.58796			6
2024.12.06	02:07:52.096	0.58794				2
2024.12.06	02:07:52.804	0.58793				2
2024.12.06	02:07:54.440	0.58792				2
2024.12.06	02:07:55.058	0.58793				2
2024.12.06	02:07:55.361	0.58792	0.58795			6
2024.12.06	02:07:55.690		0.58796			4
2024.12.06	02:07:56.009	0.58791	0.58795			6
2024.12.06	02:07:56.314		0.58794			4
2024.12.06	02:07:56.633	0.58790				2
2024.12.06	02:07:57.675		0.58793			4
2024.12.06	02:07:57.999		0.58794			4
2024.12.06	02:08:00.100	0.58790	0.58793			6
2024.12.06	02:08:00.871	0.58788	0.58791			6
2024.12.06	02:08:01.492		0.58790			4
2024.12.06	02:08:02.426	0.58791	0.58792			6
2024.12.06	02:08:02.795	0.58787	0.58790			6
2024.12.06	02:08:03.101	0.58785	0.58788			6
2024.12.06	02:08:03.762	0.58783	0.58786			6
2024.12.06	02:08:07.327	0.58782	0.58785			6
2024.12.06	02:08:08.757	0.58783	0.58786			6
2024.12.06	02:08:14.721	0.58785	0.58787			6
2024.12.06	02:08:15.026		0.58788			4
2024.12.06	02:08:15.815	0.58786				2
2024.12.06	02:08:18.422	0.58785				2
2024.12.06	02:08:20.082	0.58787	0.58790			6
2024.12.06	02:08:23.593	0.58783	0.58784			6
2024.12.06	02:08:27.686	0.58781	0.58782			6
2024.12.06	02:08:31.742	0.58782	0.58783			6
2024.12.06	02:08:34.972	0.58783	0.58784			6
2024.12.06	02:08:36.014	0.58785	0.58786			6
2024.12.06	02:08:38.352	0.58781	0.58782			6
2024.12.06	02:08:38.659	0.58780	0.58781			6
2024.12.06	02:08:38.974	0.58779	0.58780			6
2024.12.06	02:08:45.193	0.58783	0.58784			6
2024.12.06	02:08:46.345	0.58780	0.58781			6
2024.12.06	02:08:46.838	0.58779				2
2024.12.06	02:08:47.306	0.58780				2
2024.12.06	02:08:49.448	0.58776	0.58777			6
2024.12.06	02:08:49.786	0.58775				2
2024.12.06	02:08:51.236	0.58776	0.58779			6
2024.12.06	02:08:51.567	0.58778	0.58780			6
2024.12.06	02:08:51.885	0.58779	0.58781			6
2024.12.06	02:08:52.197	0.58776	0.58779			6
2024.12.06	02:08:52.508	0.58775				2
2024.12.06	02:08:52.823		0.58777			4
2024.12.06	02:08:53.909	0.58774				2
2024.12.06	02:09:00.424	0.58774				2
2024.12.06	02:09:01.228	0.58775				2
2024.12.06	02:09:02.564	0.58778	0.58780			6
2024.12.06	02:09:04.655	0.58775	0.58778			6
2024.12.06	02:09:12.329	0.58773	0.58777			6
2024.12.06	02:09:12.644		0.58776			4
2024.12.06	02:09:16.187	0.58774				2
2024.12.06	02:09:17.270		0.58777			4
2024.12.06	02:09:18.352	0.58775				2
2024.12.06	02:09:18.665	0.58776	0.58778			6
2024.12.06	02:09:18.976	0.58780	0.58782			6
2024.12.06	02:09:21.213	0.58783	0.58784			6
2024.12.06	02:09:21.524		0.58786			4
2024.12.06	02:09:22.429	0.58781	0.58784			6
2024.12.06	02:09:25.520	0.58780	0.58783			6
2024.12.06	02:09:26.358	0.58779	0.58782			6
2024.12.06	02:09:26.668		0.58781			4
2024.12.06	02:09:28.375	0.58778				2
2024.12.06	02:09:28.676	0.58777				2
2024.12.06	02:09:29.087	0.58778				2
2024.12.06	02:09:29.713	0.58775	0.58778			6
2024.12.06	02:09:49.678	0.58777	0.58780			6
2024.12.06	02:09:50.158	0.58774	0.58778			6
2024.12.06	02:09:51.044	0.58771	0.58775			6
2024.12.06	02:09:51.366	0.58770	0.58773			6
2024.12.06	02:09:57.444	0.58771				2
2024.12.06	02:09:58.641		0.58774			4
2024.12.06	02:10:00.362	0.58770				2
2024.12.06	02:10:04.124		0.58773			4
2024.12.06	02:10:04.903		0.58774			4
2024.12.06	02:10:05.917		0.58773			4
2024.12.06	02:10:06.228	0.58769	0.58772			6
2024.12.06	02:10:06.582	0.58770				2
2024.12.06	02:10:07.298		0.58773			4
2024.12.06	02:10:08.341	0.58771				2
2024.12.06	02:10:09.301		0.58774			4
2024.12.06	02:10:10.539	0.58770				2
2024.12.06	02:10:10.876	0.58769				2
2024.12.06	02:10:12.726		0.58770			4
2024.12.06	02:10:13.709		0.58772			4
2024.12.06	02:10:14.317		0.58770			4
2024.12.06	02:10:19.647	0.58768	0.58769			6
2024.12.06	02:10:24.441	0.58769	0.58770			6
2024.12.06	02:10:24.951	0.58768	0.58769			6
2024.12.06	02:10:26.219	0.58767	0.58770			6
2024.12.06	02:10:26.526	0.58768	0.58771			6
2024.12.06	02:10:27.851	0.58769				2
2024.12.06	02:10:29.705	0.58768	0.58772			6
2024.12.06	02:10:30.384	0.58765	0.58769			6
2024.12.06	02:10:30.698	0.58766	0.58770			6
2024.12.06	02:10:31.023	0.58764	0.58768			6
2024.12.06	02:10:31.322	0.58762	0.58766			6
2024.12.06	02:10:31.932	0.58760	0.58764			6
2024.12.06	02:10:32.250		0.58763			4
2024.12.06	02:10:33.105	0.58759				2
2024.12.06	02:10:39.883	0.58763	0.58766			6
2024.12.06	02:10:40.205	0.58760	0.58765			6
2024.12.06	02:10:40.592		0.58764			4
2024.12.06	02:10:43.887	0.58761	0.58765			6
2024.12.06	02:10:44.846	0.58760	0.58764			6
2024.12.06	02:10:48.304	0.58761	0.58765			6
2024.12.06	02:10:49.147	0.58764	0.58766			6
2024.12.06	02:10:49.467	0.58763				2
2024.12.06	02:10:50.402	0.58762	0.58765			6
2024.12.06	02:10:52.078	0.58760	0.58764			6
2024.12.06	02:10:53.155	0.58761				2
2024.12.06	02:10:54.348	0.58762				2
2024.12.06	02:10:55.784	0.58761				2
2024.12.06	02:10:56.507	0.58762				2
2024.12.06	02:10:59.117	0.58763	0.58765			6
2024.12.06	02:11:00.216	0.58763	0.58766			6
2024.12.06	02:11:01.270	0.58760	0.58764			6
2024.12.06	02:11:05.160	0.58761	0.58765			6
2024.12.06	02:11:05.908	0.58762	0.58766			6
2024.12.06	02:11:06.248	0.58761	0.58765			6
2024.12.06	02:11:06.900		0.58764			4
2024.12.06	02:11:07.401	0.58760				2
2024.12.06	02:11:09.667	0.58761	0.58765			6
2024.12.06	02:11:21.684	0.58760	0.58764			6
2024.12.06	02:11:23.918	0.58761				2
2024.12.06	02:11:28.236	0.58758	0.58760			6
2024.12.06	02:11:31.088		0.58761			4
2024.12.06	02:11:38.172		0.58762			4
2024.12.06	02:11:39.219	0.58759				2
2024.12.06	02:11:41.378	0.58762	0.58764			6
2024.12.06	02:11:41.679	0.58760				2
2024.12.06	02:11:43.472		0.58763			4
2024.12.06	02:11:43.787	0.58761				2
2024.12.06	02:11:44.671		0.58764			4
2024.12.06	02:11:53.082	0.58764	0.58767			6
2024.12.06	02:11:53.384	0.58765	0.58768			6
2024.12.06	02:11:54.025	0.58764				2
2024.12.06	02:11:54.798	0.58765				2
2024.12.06	02:11:55.100	0.58764	0.58767			6
2024.12.06	02:11:55.710	0.58763				2
2024.12.06	02:11:56.058	0.58762	0.58766			6
2024.12.06	02:12:00.334	0.58761	0.58765			6
2024.12.06	02:12:00.792		0.58764			4
2024.12.06	02:12:05.684	0.58766	0.58770			6
2024.12.06	02:12:06.104	0.58769	0.58772			6
2024.12.06	02:12:08.495	0.58771	0.58774			6
2024.12.06	02:12:11.218		0.58775			4
2024.12.06	02:12:11.878	0.58775	0.58779			6
2024.12.06	02:12:16.302	0.58778	0.58782			6
2024.12.06	02:12:16.616		0.58781			4
2024.12.06	02:12:17.224	0.58777				2
2024.12.06	02:12:17.887	0.58778				2
2024.12.06	02:12:19.725	0.58780	0.58783			6
2024.12.06	02:12:20.044	0.58781				2
2024.12.06	02:12:21.126	0.58780	0.58784			6
2024.12.06	02:12:34.140		0.58783			4
2024.12.06	02:12:37.663	0.58779				2
2024.12.06	02:12:37.964	0.58778	0.58782			6
2024.12.06	02:12:39.679	0.58774	0.58778			6
2024.12.06	02:12:39.987	0.58773	0.58777			6
2024.12.06	02:12:43.813	0.58769	0.58774			6
2024.12.06	02:12:46.397	0.58771	0.58775			6
2024.12.06	02:12:50.265	0.58770				2
2024.12.06	02:12:50.801		0.58774			4
2024.12.06	02:12:55.591	0.58769	0.58773			6
2024.12.06	02:13:00.431	0.58769				2
2024.12.06	02:13:02.310	0.58768	0.58771			6
2024.12.06	02:13:03.426	0.58770	0.58772			6
2024.12.06	02:13:03.806	0.58771	0.58774			6
2024.12.06	02:13:20.316	0.58770	0.58772			6
2024.12.06	02:13:21.379	0.58769	0.58771			6
2024.12.06	02:13:21.725		0.58772			4
2024.12.06	02:13:24.703	0.58765	0.58768			6
2024.12.06	02:13:27.170	0.58763	0.58766			6
2024.12.06	02:13:28.066	0.58765	0.58767			6
2024.12.06	02:13:28.856	0.58763				2
2024.12.06	02:13:30.374	0.58761	0.58765			6
2024.12.06	02:13:30.755		0.58764			4
2024.12.06	02:13:31.069	0.58762	0.58765			6
2024.12.06	02:13:33.330	0.58764	0.58766			6
2024.12.06	02:13:34.131	0.58766	0.58769			6
2024.12.06	02:13:36.280	0.58767	0.58770			6
2024.12.06	02:13:36.586	0.58766	0.58768			6
2024.12.06	02:13:37.807	0.58765				2
2024.12.06	02:13:39.621	0.58766	0.58770			6
2024.12.06	02:13:40.615	0.58768	0.58771			6
2024.12.06	02:13:42.161	0.58767	0.58770			6
2024.12.06	02:13:42.466	0.58766				2
2024.12.06	02:13:43.715		0.58769			4
2024.12.06	02:13:44.362		0.58770			4
2024.12.06	02:13:45.426	0.58767				2
2024.12.06	02:13:46.267	0.58766				2
2024.12.06	02:13:47.720	0.58767				2
2024.12.06	02:13:48.081	0.58766				2
2024.12.06	02:13:50.941		0.58769			4
2024.12.06	02:14:00.092	0.58766				2
2024.12.06	02:14:00.558	0.58765				2
2024.12.06	02:14:04.208	0.58768	0.58772			6
2024.12.06	02:14:04.552	0.58769				2
2024.12.06	02:14:06.095	0.58770	0.58773			6
2024.12.06	02:14:06.750	0.58771	0.58774			6
2024.12.06	02:14:08.012	0.58770				2
2024.12.06	02:14:09.222		0.58773			4
2024.12.06	02:14:09.524		0.58774			4
2024.12.06	02:14:17.261	0.58771	0.58775			6
2024.12.06	02:14:19.304	0.58772				2
2024.12.06	02:14:19.612	0.58775	0.58777			6
2024.12.06	02:14:24.854	0.58774				2
2024.12.06	02:14:25.158	0.58773				2
2024.12.06	02:14:27.376		0.58776			4
2024.12.06	02:14:27.677	0.58769	0.58773			6
2024.12.06	02:14:27.984		0.58772			4
2024.12.06	02:14:30.499	0.58770	0.58773			6
2024.12.06	02:14:31.410		0.58774			4
2024.12.06	02:14:32.300	0.58769				2
2024.12.06	02:14:34.795	0.58770				2
2024.12.06	02:14:44.753	0.58771				2
2024.12.06	02:14:55.388	0.58772	0.58775			6
2024.12.06	02:14:56.626	0.58771	0.58774			6
2024.12.06	02:14:57.231	0.58772	0.58775			6
2024.12.06	02:14:57.623		0.58773			4
2024.12.06	02:14:58.006		0.58774			4
2024.12.06	02:15:00.028	0.58772				2
2024.12.06	02:15:00.367	0.58774	0.58775			6
2024.12.06	02:15:00.672	0.58773				2
2024.12.06	02:15:01.000	0.58774				2
2024.12.06	02:15:01.372	0.58770	0.58773			6
2024.12.06	02:15:02.438		0.58772			4
2024.12.06	02:15:02.746	0.58771	0.58773			6
2024.12.06	02:15:16.323	0.58772				2
2024.12.06	02:15:20.918		0.58774			4
2024.12.06	02:15:21.921		0.58773			4
2024.12.06	02:15:24.162	0.58771				2
2024.12.06	02:15:24.467		0.58772			4
2024.12.06	02:15:47.358	0.58763	0.58765			6
2024.12.06	02:15:47.665		0.58764			4
2024.12.06	02:15:47.965	0.58765	0.58766			6
2024.12.06	02:15:48.271	0.58766	0.58769			6
2024.12.06	02:15:49.864	0.58767	0.58770			6
2024.12.06	02:15:50.872		0.58769			4
2024.12.06	02:15:51.183		0.58770			4
2024.12.06	02:15:52.077	0.58769				2
2024.12.06	02:15:52.403	0.58768				2
2024.12.06	02:15:52.707	0.58769				2
2024.12.06	02:15:53.028	0.58768				2
2024.12.06	02:15:53.350	0.58769				2
2024.12.06	02:15:53.689	0.58768				2
2024.12.06	02:15:54.023	0.58769				2
2024.12.06	02:15:54.661	0.58768				2
2024.12.06	02:15:55.085	0.58769				2
2024.12.06	02:15:55.397	0.58768				2
2024.12.06	02:15:56.021	0.58769				2
2024.12.06	02:15:56.331	0.58768				2
2024.12.06	02:15:56.670	0.58767				2
2024.12.06	02:15:58.439	0.58766	0.58769			6
2024.12.06	02:16:00.184	0.58766				2
2024.12.06	02:16:00.517	0.58765				2
2024.12.06	02:16:01.436	0.58766				2
2024.12.06	02:16:01.781	0.58768	0.58770			6
2024.12.06	02:16:03.564	0.58767				2
2024.12.06	02:16:03.890	0.58766				2
2024.12.06	02:16:04.192	0.58767				2
2024.12.06	02:16:05.941	0.58765	0.58769			6
2024.12.06	02:16:06.244		0.58768			4
2024.12.06	02:16:20.857	0.58763	0.58766			6
2024.12.06	02:16:23.537	0.58765	0.58767			6
2024.12.06	02:16:23.845		0.58768			4
2024.12.06	02:16:29.209	0.58766				2
2024.12.06	02:16:31.020	0.58768	0.58771			6
2024.12.06	02:16:33.677	0.58770	0.58772			6
2024.12.06	02:16:34.085		0.58773			4
2024.12.06	02:16:34.458		0.58772			4
2024.12.06	02:16:35.063		0.58773			4
2024.12.06	02:16:35.369		0.58772			4
2024.12.06	02:16:38.192	0.58767	0.58770			6
2024.12.06	02:16:38.495	0.58765	0.58769			6
2024.12.06	02:16:40.270	0.58768	0.58770			6
2024.12.06	02:16:41.323	0.58769				2
2024.12.06	02:16:41.751	0.58770	0.58772			6
2024.12.06	02:16:42.140	0.58771				2
2024.12.06	02:16:42.893	0.58770				2
2024.12.06	02:16:45.985	0.58771				2
2024.12.06	02:16:51.080	0.58772	0.58774			6
2024.12.06	02:16:51.385		0.58775			4
2024.12.06	02:16:51.710	0.58773				2
2024.12.06	02:16:53.446	0.58774	0.58776			6
2024.12.06	02:16:53.825	0.58773	0.58775			6
2024.12.06	02:16:58.924	0.58772				2
2024.12.06	02:16:59.605	0.58773				2
2024.12.06	02:17:00.435	0.58773				2
2024.12.06	02:17:02.490	0.58772	0.58774			6
2024.12.06	02:17:09.955	0.58771				2
2024.12.06	02:17:12.345	0.58767	0.58768			6
2024.12.06	02:17:12.978	0.58765				2
2024.12.06	02:17:13.281		0.58769			4
2024.12.06	02:17:13.906		0.58768			4
2024.12.06	02:17:20.107	0.58769	0.58770			6
2024.12.06	02:17:21.927	0.58767				2
2024.12.06	02:17:25.074	0.58765	0.58769			6
2024.12.06	02:17:28.898	0.58769	0.58770			6
2024.12.06	02:17:30.733		0.58771			4
2024.12.06	02:17:34.812	0.58774	0.58775			6
2024.12.06	02:17:35.116		0.58776			4
2024.12.06	02:17:38.239	0.58775				2
2024.12.06	02:17:38.543	0.58776	0.58777			6
2024.12.06	02:17:43.542	0.58773	0.58776			6
2024.12.06	02:17:43.844	0.58774				2
2024.12.06	02:17:44.353		0.58775			4
2024.12.06	02:17:44.664	0.58771	0.58774			6
2024.12.06	02:17:50.366		0.58775			4
2024.12.06	02:17:53.424		0.58774			4
2024.12.06	02:18:00.081	0.58771	0.58775			6
2024.12.06	02:18:00.408	0.58770	0.58774			6
2024.12.06	02:18:01.246		0.58773			4
2024.12.06	02:18:01.884	0.58769	0.58772			6
2024.12.06	02:18:02.973	0.58770				2
2024.12.06	02:18:03.291		0.58773			4
2024.12.06	02:18:03.916		0.58772			4
2024.12.06	02:18:04.217		0.58773			4
2024.12.06	02:18:06.160		0.58772			4
2024.12.06	02:18:06.486		0.58773			4
2024.12.06	02:18:07.092		0.58772			4
2024.12.06	02:18:07.699		0.58773			4
2024.12.06	02:18:08.302		0.58772			4
2024.12.06	02:18:14.352	0.58768	0.58771			6
2024.12.06	02:18:14.956	0.58770				2
2024.12.06	02:18:15.261		0.58772			4
2024.12.06	02:18:16.217		0.58771			4
2024.12.06	02:18:16.518		0.58772			4
2024.12.06	02:18:28.674		0.58771			4
2024.12.06	02:18:37.143	0.58771	0.58772			6
2024.12.06	02:18:37.446	0.58772	0.58773			6
2024.12.06	02:18:41.079	0.58771				2
2024.12.06	02:18:44.912	0.58772				2
2024.12.06	02:18:47.028	0.58769	0.58771			6
2024.12.06	02:18:47.334	0.58768	0.58770			6
2024.12.06	02:19:00.088	0.58768				2
2024.12.06	02:19:00.390	0.58770	0.58771			6
2024.12.06	02:19:02.810	0.58769				2
2024.12.06	02:19:09.769	0.58770				2
2024.12.06	02:19:11.887	0.58769	0.58770			6
2024.12.06	02:19:19.805	0.58768	0.58769			6
2024.12.06	02:19:20.409	0.58765	0.58767			6
2024.12.06	02:19:23.183	0.58766	0.58768			6
2024.12.06	02:19:24.092		0.58767			4
2024.12.06	02:19:24.698		0.58768			4
2024.12.06	02:19:25.301		0.58767			4
2024.12.06	02:19:26.212		0.58768			4
2024.12.06	02:19:30.141	0.58767	0.58769			6
2024.12.06	02:19:30.445	0.58768				2
2024.12.06	02:19:35.893	0.58766	0.58768			6
2024.12.06	02:19:36.800	0.58767	0.58769			6
2024.12.06	02:19:48.904	0.58768	0.58770			6
2024.12.06	02:19:49.813	0.58769				2
2024.12.06	02:19:50.114	0.58770	0.58771			6
2024.12.06	02:19:50.423	0.58772	0.58773			6
2024.12.06	02:20:00.296	0.58772				2
2024.12.06	02:20:01.206	0.58774	0.58775			6
2024.12.06	02:20:06.651	0.58772	0.58774			6
2024.12.06	02:20:16.990		0.58773			4
2024.12.06	02:20:40.342	0.58773	0.58774			6
2024.12.06	02:20:40.644		0.58775			4
2024.12.06	02:20:40.947	0.58772	0.58774			6
2024.12.06	02:20:46.491	0.58776	0.58777			6
2024.12.06	02:20:47.099	0.58773	0.58775			6
2024.12.06	02:20:47.402	0.58774				2
2024.12.06	02:20:50.474	0.58775	0.58776			6
2024.12.06	02:20:50.779	0.58776	0.58777			6
2024.12.06	02:20:58.119	0.58774	0.58776			6
2024.12.06	02:20:58.427	0.58773	0.58775			6
2024.12.06	02:21:00.255	0.58773				2
2024.12.06	02:21:02.173	0.58771	0.58773			6
2024.12.06	02:21:04.896	0.58773	0.58775			6
2024.12.06	02:21:09.132	0.58774	0.58776			6
2024.12.06	02:21:13.976	0.58773	0.58775			6
2024.12.06	02:21:19.115	0.58772	0.58774			6
2024.12.06	02:21:23.651	0.58773	0.58775			6
2024.12.06	02:21:29.145	0.58772	0.58774			6
2024.12.06	02:21:29.451	0.58771	0.58773			6
2024.12.06	02:21:41.302	0.58773	0.58775			6
2024.12.06	02:21:52.596	0.58774	0.58776			6
2024.12.06	02:22:00.212	0.58774	0.58775			6
2024.12.06	02:22:00.517	0.58772	0.58774			6
2024.12.06	02:22:02.337	0.58773	0.58775			6
2024.12.06	02:22:14.481	0.58772	0.58774			6
2024.12.06	02:22:21.740	0.58771	0.58773			6
2024.12.06	02:22:22.346	0.58772	0.58774			6
2024.12.06	02:22:23.555	0.58774	0.58776			6
2024.12.06	02:22:25.070	0.58773	0.58775			6
2024.12.06	02:22:25.675	0.58774	0.58776			6
2024.12.06	02:22:26.581	0.58775	0.58777			6
2024.12.06	02:22:28.398	0.58774	0.58776			6
2024.12.06	02:22:28.701	0.58775	0.58777			6
2024.12.06	02:22:31.424	0.58774	0.58776			6
2024.12.06	02:22:31.776	0.58775	0.58777			6
2024.12.06	02:22:38.482	0.58774	0.58776			6
2024.12.06	02:22:39.087	0.58775	0.58777			6
2024.12.06	02:22:43.071	0.58774	0.58776			6
2024.12.06	02:22:43.676	0.58775	0.58777			6
2024.12.06	02:22:49.169	0.58774	0.58776			6
2024.12.06	02:22:49.774	0.58775	0.58777			6
2024.12.06	02:22:53.101	0.58774	0.58776			6
2024.12.06	02:22:53.707	0.58775	0.58777			6
2024.12.06	02:22:56.128	0.58774	0.58776			6
2024.12.06	02:22:56.733	0.58775	0.58777			6
2024.12.06	02:22:59.153	0.58773	0.58775			6
2024.12.06	02:22:59.457	0.58772	0.58774			6
2024.12.06	02:23:00.111	0.58771	0.58773			6
2024.12.06	02:23:00.413	0.58770				2
2024.12.06	02:23:00.715	0.58771	0.58774			6
2024.12.06	02:23:03.136	0.58772				2
2024.12.06	02:23:03.741	0.58771	0.58773			6
2024.12.06	02:23:04.345	0.58772	0.58774			6
2024.12.06	02:23:07.673	0.58771	0.58773			6
2024.12.06	02:23:08.281	0.58772	0.58774			6
2024.12.06	02:23:11.609	0.58771	0.58773			6
2024.12.06	02:23:12.212	0.58772	0.58774			6
2024.12.06	02:23:12.515	0.58771	0.58773			6
2024.12.06	02:23:12.817	0.58772	0.58774			6
2024.12.06	02:23:15.239	0.58771	0.58773			6
2024.12.06	02:23:15.846	0.58772	0.58774			6
2024.12.06	02:23:17.055	0.58773	0.58775			6
2024.12.06	02:23:19.828	0.58774	0.58776			6
2024.12.06	02:23:20.130		0.58777			4
2024.12.06	02:23:23.508	0.58775	0.58778			6
2024.12.06	02:23:34.753	0.58774	0.58777			6
2024.12.06	02:23:35.964	0.58775	0.58778			6
2024.12.06	02:23:38.384	0.58776				2
2024.12.06	02:23:39.595	0.58775	0.58777			6
2024.12.06	02:23:40.203	0.58776	0.58778			6
2024.12.06	02:23:41.511	0.58777	0.58779			6
2024.12.06	02:23:43.022	0.58776	0.58778			6
2024.12.06	02:23:45.442	0.58777	0.58779			6
2024.12.06	02:23:48.165	0.58776	0.58778			6
2024.12.06	02:23:48.768	0.58777	0.58779			6
2024.12.06	02:23:51.798	0.58776	0.58778			6
2024.12.06	02:23:52.401	0.58777	0.58779			6
2024.12.06	02:23:56.033	0.58776	0.58778			6
2024.12.06	02:23:56.640	0.58777	0.58779			6
2024.12.06	02:23:59.362	0.58776	0.58778			6
2024.12.06	02:23:59.966	0.58777	0.58779			6
2024.12.06	02:24:00.268	0.58777				2
2024.12.06	02:24:03.041	0.58776	0.58778			6
2024.12.06	02:24:03.648	0.58777	0.58779			6
2024.12.06	02:24:06.370	0.58776	0.58778			6
2024.12.06	02:24:06.975	0.58777	0.58779			6
2024.12.06	02:24:09.999	0.58776	0.58778			6
2024.12.06	02:24:10.607	0.58777	0.58779			6
2024.12.06	02:24:13.078	0.58779	0.58781			6
2024.12.06	02:24:13.385	0.58782	0.58784			6
2024.12.06	02:24:14.340	0.58781	0.58785			6
2024.12.06	02:24:16.994	0.58783	0.58787			6
2024.12.06	02:24:21.778	0.58784				2
2024.12.06	02:24:22.103	0.58783				2
2024.12.06	02:24:30.831		0.58786			4
2024.12.06	02:24:31.179		0.58787			4
2024.12.06	02:24:33.245	0.58782	0.58786			6
2024.12.06	02:24:33.547		0.58785			4
2024.12.06	02:24:33.864	0.58781				2
2024.12.06	02:24:34.614	0.58782				2
2024.12.06	02:24:39.498	0.58781				2
2024.12.06	02:24:40.405		0.58784			4
2024.12.06	02:24:40.708	0.58782	0.58785			6
2024.12.06	02:24:53.721	0.58781	0.58784			6
2024.12.06	02:24:58.260		0.58783			4
2024.12.06	02:25:00.076	0.58781				2
2024.12.06	02:25:02.546	0.58780				2
2024.12.06	02:25:09.503		0.58782			4
2024.12.06	02:25:09.808		0.58781			4
2024.12.06	02:25:11.671	0.58778				2
2024.12.06	02:25:11.974	0.58779	0.58782			6
2024.12.06	02:25:19.239	0.58778	0.58781			6
2024.12.06	02:25:21.357		0.58779			4
2024.12.06	02:25:21.660		0.58781			4
2024.12.06	02:25:21.961	0.58779	0.58782			6
2024.12.06	02:25:23.477	0.58781	0.58784			6
2024.12.06	02:25:38.400	0.58780	0.58783			6
2024.12.06	02:25:44.148	0.58781				2
2024.12.06	02:25:59.879	0.58780	0.58782			6
2024.12.06	02:26:00.182	0.58780				2
2024.12.06	02:26:00.839	0.58779	0.58781			6
2024.12.06	02:26:01.445	0.58780	0.58782			6
2024.12.06	02:26:04.773	0.58781	0.58783			6
2024.12.06	02:26:05.073	0.58780	0.58782			6
2024.12.06	02:26:05.983	0.58779	0.58781			6
2024.12.06	02:26:14.150	0.58781	0.58783			6
2024.12.06	02:26:14.453	0.58780	0.58782			6
2024.12.06	02:26:15.359	0.58781	0.58783			6
2024.12.06	02:26:21.513	0.58782	0.58784			6
2024.12.06	02:26:51.257	0.58779	0.58781			6
2024.12.06	02:26:53.679	0.58780	0.58782			6
2024.12.06	02:27:00.078	0.58780				2
2024.12.06	02:27:00.382	0.58777	0.58779			6
2024.12.06	02:27:00.686	0.58776	0.58778			6
2024.12.06	02:27:01.288	0.58774				2
2024.12.06	02:27:02.398	0.58775				2
2024.12.06	02:27:09.356	0.58774				2
2024.12.06	02:27:16.373	0.58773	0.58775			6
2024.12.06	02:27:16.714		0.58776			4
2024.12.06	02:27:17.017		0.58775			4
2024.12.06	02:27:17.320	0.58772	0.58776			6
2024.12.06	02:27:17.630	0.58773				2
2024.12.06	02:27:18.581	0.58774	0.58777			6
2024.12.06	02:27:24.152	0.58775	0.58778			6
2024.12.06	02:27:31.726	0.58774				2
2024.12.06	02:27:32.531	0.58775				2
2024.12.06	02:27:34.300		0.58777			4
2024.12.06	02:27:36.779		0.58778			4
2024.12.06	02:27:37.385		0.58779			4
2024.12.06	02:27:38.393		0.58778			4
2024.12.06	02:27:41.720	0.58776	0.58779			6
2024.12.06	02:27:49.385	0.58783	0.58784			6
2024.12.06	02:27:49.691	0.58784	0.58786			6
2024.12.06	02:27:55.608	0.58783				2
2024.12.06	02:27:56.596	0.58781	0.58785			6
2024.12.06	02:27:57.370	0.58780	0.58784			6
2024.12.06	02:28:00.415	0.58780				2
2024.12.06	02:28:02.137	0.58783				2
2024.12.06	02:28:02.483	0.58780				2
2024.12.06	02:28:03.360	0.58783	0.58786			6
2024.12.06	02:28:11.699	0.58781	0.58785			6
2024.12.06	02:28:15.910	0.58782				2
2024.12.06	02:28:36.307	0.58783				2
2024.12.06	02:28:36.861	0.58782				2
2024.12.06	02:28:37.657	0.58783				2
2024.12.06	02:28:40.654	0.58782				2
2024.12.06	02:28:42.231		0.58784			4
2024.12.06	02:28:42.641		0.58785			4
2024.12.06	02:28:43.685	0.58783				2
2024.12.06	02:28:44.119	0.58782				2
2024.12.06	02:28:48.525	0.58786	0.58789			6
2024.12.06	02:28:49.341	0.58785				2
2024.12.06	02:28:49.831	0.58788	0.58791			6
2024.12.06	02:28:51.427	0.58786				2
2024.12.06	02:28:51.955	0.58785				2
2024.12.06	02:28:53.060	0.58787				2
2024.12.06	02:28:54.231	0.58785				2
2024.12.06	02:29:00.105	0.58785	0.58790			6
2024.12.06	02:29:06.875		0.58789			4
2024.12.06	02:29:08.459	0.58784	0.58788			6
2024.12.06	02:29:09.286	0.58783	0.58787			6
2024.12.06	02:29:10.018		0.58786			4
2024.12.06	02:29:11.733	0.58785	0.58788			6
2024.12.06	02:29:16.313	0.58784	0.58787			6
2024.12.06	02:29:16.616	0.58785	0.58788			6
2024.12.06	02:29:23.551		0.58789			4
2024.12.06	02:29:41.462		0.58787			4
2024.12.06	02:29:41.832		0.58788			4
2024.12.06	02:29:42.182		0.58787			4
2024.12.06	02:29:42.503		0.58789			4
2024.12.06	02:29:42.941	0.58786				2
2024.12.06	02:29:46.400		0.58788			4
2024.12.06	02:29:48.215	0.58785				2
2024.12.06	02:30:00.011	0.58784				2
2024.12.06	02:30:00.618	0.58785				2
2024.12.06	02:30:01.221		0.58789			4
2024.12.06	02:30:03.078	0.58790	0.58793			6
2024.12.06	02:30:03.404	0.58791				2
2024.12.06	02:30:03.815	0.58790				2
2024.12.06	02:30:04.137		0.58794			4
2024.12.06	02:30:06.381	0.58788	0.58792			6
2024.12.06	02:30:08.376	0.58787				2
2024.12.06	02:30:08.743		0.58791			4
2024.12.06	02:30:09.059		0.58792			4
2024.12.06	02:30:11.097	0.58788				2
2024.12.06	02:30:12.766	0.58787				2
2024.12.06	02:30:13.244	0.58788				2
2024.12.06	02:30:14.559	0.58790	0.58793			6
2024.12.06	02:30:18.215		0.58794			4
2024.12.06	02:30:20.339	0.58791				2
2024.12.06	02:30:26.844	0.58798	0.58800			6
2024.12.06	02:30:27.146	0.58801	0.58804			6
2024.12.06	02:30:28.453	0.58798	0.58802			6
2024.12.06	02:30:28.802	0.58799				2
2024.12.06	02:30:29.598	0.58798				2
2024.12.06	02:30:30.403	0.58796	0.58800			6
2024.12.06	02:30:32.117		0.58799			4
2024.12.06	02:30:37.499	0.58798				2
2024.12.06	02:30:37.921	0.58796				2
2024.12.06	02:30:38.381		0.58800			4
2024.12.06	02:30:40.978	0.58802	0.58805			6
2024.12.06	02:30:43.423	0.58801				2
2024.12.06	02:30:46.105		0.58804			4
2024.12.06	02:30:49.945		0.58805			4
2024.12.06	02:30:57.401	0.58802				2
2024.12.06	02:30:57.717	0.58801	0.58804			6
2024.12.06	02:31:00.441	0.58801	0.58805			6
2024.12.06	02:31:00.825	0.58803	0.58806			6
2024.12.06	02:31:01.235	0.58804				2
2024.12.06	02:31:02.424	0.58805	0.58808			6
2024.12.06	02:31:02.778	0.58806	0.58809			6
2024.12.06	02:31:04.739	0.58807				2
2024.12.06	02:31:10.153		0.58810			4
2024.12.06	02:31:15.467	0.58806				2
2024.12.06	02:31:17.552		0.58809			4
2024.12.06	02:31:17.872	0.58805	0.58808			6
2024.12.06	02:31:19.854	0.58806	0.58809			6
2024.12.06	02:31:20.896	0.58805	0.58808			6
2024.12.06	02:31:27.554	0.58804				2
2024.12.06	02:31:33.273		0.58807			4
2024.12.06	02:31:33.923		0.58808			4
2024.12.06	02:31:36.034	0.58803	0.58807			6
2024.12.06	02:31:36.344	0.58805	0.58806			6
2024.12.06	02:31:41.593	0.58803				2
2024.12.06	02:31:42.556	0.58805				2
2024.12.06	02:31:43.587	0.58804				2
2024.12.06	02:31:45.129	0.58805				2
2024.12.06	02:31:45.833	0.58803				2
2024.12.06	02:31:50.512	0.58805	0.58807			6
2024.12.06	02:31:50.814	0.58806	0.58808			6
2024.12.06	02:32:00.037	0.58806				2
2024.12.06	02:32:01.403	0.58808	0.58811			6
2024.12.06	02:32:01.727	0.58809				2
2024.12.06	02:32:02.177	0.58810	0.58812			6
2024.12.06	02:32:02.483	0.58811	0.58813			6
2024.12.06	02:32:07.762		0.58814			4
2024.12.06	02:32:10.719	0.58812	0.58815			6
2024.12.06	02:32:11.059	0.58810	0.58814			6
2024.12.06	02:32:14.228	0.58808	0.58812			6
2024.12.06	02:32:24.732		0.58811			4
2024.12.06	02:32:28.181	0.58805	0.58808			6
2024.12.06	02:32:32.850		0.58809			4
2024.12.06	02:32:36.408		0.58808			4
2024.12.06	02:32:40.945		0.58809			4
2024.12.06	02:32:44.442	0.58809	0.58811			6
2024.12.06	02:32:44.780		0.58812			4
2024.12.06	02:32:45.910	0.58808	0.58811			6
2024.12.06	02:32:46.981		0.58812			4
2024.12.06	02:32:47.400		0.58811			4
2024.12.06	02:32:53.749	0.58811	0.58812			6
2024.12.06	02:32:54.054		0.58813			4
2024.12.06	02:32:59.073	0.58812	0.58814			6
2024.12.06	02:33:00.575	0.58814	0.58816			6
2024.12.06	02:33:01.410	0.58812	0.58815			6
2024.12.06	02:33:16.378		0.58814			4
2024.12.06	02:33:17.895	0.58811				2
2024.12.06	02:33:20.066	0.58810	0.58813			6
2024.12.06	02:33:26.857		0.58812			4
2024.12.06	02:33:37.204		0.58811			4
2024.12.06	02:33:59.640	0.58811	0.58812			6
2024.12.06	02:34:00.247	0.58811				2
2024.12.06	02:34:01.457	0.58810	0.58811			6
2024.12.06	02:34:08.415	0.58808	0.58810			6
2024.12.06	02:34:09.978	0.58807	0.58809			6
2024.12.06	02:34:12.699	0.58806	0.58808			6
2024.12.06	02:34:13.910		0.58807			4
2024.12.06	02:34:14.214	0.58802	0.58804			6
2024.12.06	02:34:14.517	0.58799	0.58801			6
2024.12.06	02:34:15.173	0.58798	0.58802			6
2024.12.06	02:34:15.778	0.58799				2
2024.12.06	02:34:22.069		0.58801			4
2024.12.06	02:34:23.027	0.58800				2
2024.12.06	02:34:24.887	0.58799				2
2024.12.06	02:34:29.375	0.58798				2
2024.12.06	02:34:30.412	0.58799				2
2024.12.06	02:34:32.604	0.58798	0.58799			6
2024.12.06	02:34:32.925	0.58794	0.58797			6
2024.12.06	02:34:33.563	0.58793	0.58795			6
2024.12.06	02:34:35.633	0.58795	0.58797			6
2024.12.06	02:34:37.994	0.58796				2
2024.12.06	02:34:38.533	0.58795	0.58796			6
2024.12.06	02:34:39.964	0.58790	0.58793			6
2024.12.06	02:34:40.276	0.58789	0.58792			6
2024.12.06	02:34:41.424	0.58788	0.58790			6
2024.12.06	02:34:41.822	0.58787				2
2024.12.06	02:34:42.295	0.58788				2
2024.12.06	02:34:43.567	0.58789	0.58791			6
2024.12.06	02:34:45.529	0.58788				2
2024.12.06	02:34:48.167	0.58787				2
2024.12.06	02:34:48.946	0.58789				2
2024.12.06	02:34:49.248	0.58790				2
2024.12.06	02:34:50.106	0.58788				2
2024.12.06	02:34:50.433	0.58789				2
2024.12.06	02:34:51.404	0.58788				2
2024.12.06	02:34:57.838	0.58787				2
2024.12.06	02:35:00.399	0.58787				2
2024.12.06	02:35:01.110		0.58790			4
2024.12.06	02:35:01.855		0.58791			4
2024.12.06	02:35:02.817	0.58788				2
2024.12.06	02:35:03.704	0.58787				2
2024.12.06	02:35:05.075	0.58788				2
2024.12.06	02:35:09.576	0.58792	0.58793			6
2024.12.06	02:35:16.294	0.58791				2
2024.12.06	02:35:22.412	0.58793	0.58795			6
2024.12.06	02:35:23.139	0.58792				2
2024.12.06	02:35:23.767	0.58791	0.58794			6
2024.12.06	02:35:32.044	0.58788	0.58791			6
2024.12.06	02:35:33.789	0.58790				2
2024.12.06	02:35:34.106	0.58792	0.58793			6
2024.12.06	02:35:36.388	0.58793	0.58795			6
2024.12.06	02:35:37.930	0.58792				2
2024.12.06	02:35:40.207	0.58791	0.58794			6
2024.12.06	02:35:45.289	0.58790				2
2024.12.06	02:35:48.916	0.58789	0.58793			6
2024.12.06	02:35:51.741	0.58790				2
2024.12.06	02:35:53.854		0.58792			4
2024.12.06	02:36:00.422	0.58790				2
2024.12.06	02:36:05.133	0.58791	0.58793			6
