<DATE>	<TIME>	<BID>	<ASK>	<LAST>	<VOLUME>	<FLAGS>
2024.09.23	00:00:00.440	0.62231	0.62431			6
2024.09.23	00:00:10.956	0.62228	0.62428			6
2024.09.23	00:00:21.340	0.62226	0.62426			6
2024.09.23	00:02:21.927	0.62221	0.62439			6
2024.09.23	00:03:10.585	0.62221				2
2024.09.23	00:03:30.684		0.62439			4
2024.09.23	00:04:02.606	0.62221				2
2024.09.23	00:04:40.694		0.62439			4
2024.09.23	00:05:01.235	0.62221				2
2024.09.23	00:05:21.692		0.62416			4
2024.09.23	00:05:29.822	0.62242	0.62401			6
2024.09.23	00:05:31.133	0.62247				2
2024.09.23	00:05:36.347	0.62265				2
2024.09.23	00:06:00.988	0.62265				2
2024.09.23	00:06:01.596	0.62244				2
2024.09.23	00:06:06.346	0.62245				2
2024.09.23	00:06:11.901	0.62254				2
2024.09.23	00:06:31.243		0.62401			4
2024.09.23	00:06:32.927	0.62249				2
2024.09.23	00:06:36.346	0.62250				2
2024.09.23	00:06:41.217	0.62259				2
2024.09.23	00:06:48.206	0.62270				2
2024.09.23	00:07:00.540	0.62270				2
2024.09.23	00:07:22.122	0.62279				2
2024.09.23	00:07:30.289	0.62282				2
2024.09.23	00:07:33.055	0.62288	0.62401			6
2024.09.23	00:07:43.716	0.62290				2
2024.09.23	00:07:53.953	0.62273				2
2024.09.23	00:07:54.266	0.62276				2
2024.09.23	00:08:00.061	0.62276	0.62398			6
2024.09.23	00:08:04.134	0.62269	0.62397			6
2024.09.23	00:08:08.809		0.62396			4
2024.09.23	00:08:15.977		0.62395			4
2024.09.23	00:08:21.637		0.62394			4
2024.09.23	00:08:27.677		0.62393			4
2024.09.23	00:08:34.881		0.62392			4
2024.09.23	00:08:44.782	0.62280				2
2024.09.23	00:08:54.372		0.62391			4
2024.09.23	00:08:55.136	0.62282				2
2024.09.23	00:09:00.300	0.62282				2
2024.09.23	00:09:03.708		0.62390			4
2024.09.23	00:09:21.726		0.62389			4
2024.09.23	00:09:32.508		0.62388			4
2024.09.23	00:09:36.334	0.62265	0.62386			6
2024.09.23	00:09:42.423	0.62266				2
2024.09.23	00:09:49.560	0.62267	0.62387			6
2024.09.23	00:09:52.884	0.62268	0.62386			6
2024.09.23	00:09:57.245	0.62271				2
2024.09.23	00:10:00.462	0.62271				2
2024.09.23	00:10:02.550	0.62281				2
2024.09.23	00:10:03.449	0.62284	0.62390			6
2024.09.23	00:10:03.850	0.62288				2
2024.09.23	00:10:06.565	0.62285				2
2024.09.23	00:10:10.486	0.62288	0.62391			6
2024.09.23	00:10:12.071		0.62390			4
2024.09.23	00:10:13.925	0.62285	0.62391			6
2024.09.23	00:10:16.782		0.62392			4
2024.09.23	00:10:18.373		0.62391			4
2024.09.23	00:10:22.958	0.62288				2
2024.09.23	00:10:24.307	0.62293				2
2024.09.23	00:10:24.756	0.62290				2
2024.09.23	00:10:25.228	0.62293				2
2024.09.23	00:10:26.707	0.62290				2
2024.09.23	00:10:27.921	0.62291				2
2024.09.23	00:10:30.610	0.62294	0.62390			6
2024.09.23	00:10:32.109	0.62296				2
2024.09.23	00:10:32.663		0.62391			4
2024.09.23	00:10:33.973		0.62390			4
2024.09.23	00:10:35.414	0.62299	0.62391			6
2024.09.23	00:10:36.913	0.62310				2
2024.09.23	00:10:37.572		0.62392			4
2024.09.23	00:10:47.377	0.62315				2
2024.09.23	00:10:48.908	0.62317				2
2024.09.23	00:10:49.241	0.62320	0.62391			6
2024.09.23	00:10:51.982	0.62321	0.62392			6
2024.09.23	00:10:55.210		0.62391			4
2024.09.23	00:10:56.324		0.62400			4
2024.09.23	00:10:56.857	0.62322				2
2024.09.23	00:10:57.393	0.62319				2
2024.09.23	00:10:58.442	0.62318				2
2024.09.23	00:11:00.615	0.62318				2
2024.09.23	00:11:00.980	0.62322				2
2024.09.23	00:11:01.726	0.62317				2
2024.09.23	00:11:02.147	0.62324	0.62399			6
2024.09.23	00:11:02.601	0.62319				2
2024.09.23	00:11:06.334	0.62322				2
2024.09.23	00:11:10.460		0.62398			4
2024.09.23	00:11:11.665		0.62399			4
2024.09.23	00:11:25.571		0.62398			4
2024.09.23	00:11:30.585	0.62323				2
2024.09.23	00:11:39.079		0.62397			4
2024.09.23	00:11:50.112		0.62396			4
2024.09.23	00:12:01.210	0.62323				2
2024.09.23	00:12:03.017		0.62395			4
2024.09.23	00:12:07.582	0.62325	0.62401			6
2024.09.23	00:12:10.552		0.62400			4
2024.09.23	00:12:18.608	0.62321				2
2024.09.23	00:12:29.178		0.62399			4
2024.09.23	00:12:40.675	0.62324				2
2024.09.23	00:12:42.373		0.62398			4
2024.09.23	00:12:49.507	0.62331				2
2024.09.23	00:12:50.962	0.62326				2
2024.09.23	00:12:51.990	0.62325				2
2024.09.23	00:12:55.278		0.62397			4
2024.09.23	00:12:59.657	0.62322				2
2024.09.23	00:13:00.608	0.62322				2
2024.09.23	00:13:17.172		0.62396			4
2024.09.23	00:13:28.511	0.62317				2
2024.09.23	00:13:29.693	0.62322				2
2024.09.23	00:13:36.674		0.62395			4
2024.09.23	00:13:50.696	0.62324				2
2024.09.23	00:13:51.159	0.62325				2
2024.09.23	00:13:54.111	0.62328				2
2024.09.23	00:13:57.378	0.62322				2
2024.09.23	00:13:57.849	0.62328				2
2024.09.23	00:14:00.313	0.62328				2
2024.09.23	00:14:00.910	0.62327				2
2024.09.23	00:14:05.036	0.62334	0.62402			6
2024.09.23	00:14:12.205	0.62337				2
2024.09.23	00:14:14.174		0.62401			4
2024.09.23	00:14:15.261	0.62338				2
2024.09.23	00:14:39.472		0.62408			4
2024.09.23	00:15:00.607	0.62338				2
2024.09.23	00:15:01.273		0.62407			4
2024.09.23	00:15:19.222		0.62406			4
2024.09.23	00:15:44.132		0.62405			4
2024.09.23	00:16:00.038	0.62338				2
2024.09.23	00:16:07.276		0.62402			4
2024.09.23	00:16:09.479		0.62405			4
2024.09.23	00:16:24.310		0.62404			4
2024.09.23	00:16:40.388	0.62339	0.62411			6
2024.09.23	00:16:41.915	0.62340				2
2024.09.23	00:16:44.255	0.62341				2
2024.09.23	00:16:45.317	0.62343	0.62414			6
2024.09.23	00:16:47.914	0.62345	0.62415			6
2024.09.23	00:16:49.679	0.62346	0.62421			6
2024.09.23	00:16:51.014	0.62352				2
2024.09.23	00:16:53.862	0.62347	0.62420			6
2024.09.23	00:16:55.807	0.62350				2
2024.09.23	00:16:59.419		0.62421			4
2024.09.23	00:17:00.532	0.62350				2
2024.09.23	00:17:04.018	0.62349	0.62422			6
2024.09.23	00:17:06.384	0.62351	0.62421			6
2024.09.23	00:17:14.274	0.62349	0.62419			6
2024.09.23	00:17:16.502	0.62346	0.62416			6
2024.09.23	00:17:24.481	0.62340	0.62417			6
2024.09.23	00:17:25.205		0.62416			4
2024.09.23	00:17:25.506	0.62343				2
2024.09.23	00:17:27.037	0.62344	0.62415			6
2024.09.23	00:17:29.497	0.62343	0.62414			6
2024.09.23	00:17:34.678	0.62342	0.62412			6
2024.09.23	00:17:35.135	0.62340	0.62410			6
2024.09.23	00:17:35.640	0.62346	0.62418			6
2024.09.23	00:17:35.948		0.62417			4
2024.09.23	00:17:37.039	0.62344	0.62420			6
2024.09.23	00:17:37.615	0.62345	0.62418			6
2024.09.23	00:17:38.122		0.62420			4
2024.09.23	00:17:39.070	0.62346	0.62419			6
2024.09.23	00:17:40.408	0.62347				2
2024.09.23	00:17:45.731	0.62349	0.62420			6
2024.09.23	00:17:47.245	0.62355				2
2024.09.23	00:17:57.315		0.62419			4
2024.09.23	00:17:58.511	0.62356				2
2024.09.23	00:18:02.363	0.62339	0.62412			6
2024.09.23	00:18:12.774		0.62409			4
2024.09.23	00:18:14.856	0.62336	0.62406			6
2024.09.23	00:18:36.336	0.62337	0.62407			6
2024.09.23	00:19:00.672	0.62337				2
2024.09.23	00:19:14.863	0.62338	0.62408			6
2024.09.23	00:19:50.691	0.62339	0.62409			6
2024.09.23	00:20:00.679	0.62339				2
2024.09.23	00:20:27.504	0.62338				2
2024.09.23	00:20:28.432	0.62339				2
2024.09.23	00:20:39.900	0.62338				2
2024.09.23	00:20:40.889	0.62339				2
2024.09.23	00:20:47.679	0.62338				2
2024.09.23	00:20:48.313	0.62339				2
2024.09.23	00:20:52.508		0.62409			4
2024.09.23	00:21:00.532	0.62339				2
2024.09.23	00:21:01.553		0.62408			4
2024.09.23	00:21:17.534	0.62327	0.62407			6
2024.09.23	00:21:18.645	0.62330				2
2024.09.23	00:21:20.407	0.62331				2
2024.09.23	00:21:23.217		0.62406			4
2024.09.23	00:21:30.205		0.62405			4
2024.09.23	00:21:32.709	0.62332				2
2024.09.23	00:21:36.371	0.62335				2
2024.09.23	00:22:00.913	0.62335				2
2024.09.23	00:22:06.375	0.62334				2
2024.09.23	00:22:09.012	0.62335				2
2024.09.23	00:22:09.338	0.62331				2
2024.09.23	00:22:17.599	0.62332	0.62404			6
2024.09.23	00:22:36.393	0.62333				2
2024.09.23	00:22:39.527	0.62327				2
2024.09.23	00:22:40.207		0.62403			4
2024.09.23	00:22:41.515		0.62402			4
2024.09.23	00:22:47.219		0.62401			4
2024.09.23	00:23:00.675	0.62327				2
2024.09.23	00:23:06.322	0.62329				2
2024.09.23	00:23:48.309		0.62401			4
2024.09.23	00:23:56.716	0.62328				2
2024.09.23	00:23:59.221	0.62330				2
2024.09.23	00:23:59.685	0.62331				2
2024.09.23	00:24:01.809	0.62331				2
2024.09.23	00:24:20.487	0.62330				2
2024.09.23	00:24:21.486	0.62304				2
2024.09.23	00:24:21.790	0.62309				2
2024.09.23	00:24:31.427	0.62313				2
2024.09.23	00:24:36.409	0.62314				2
2024.09.23	00:24:50.419		0.62401			4
2024.09.23	00:25:00.893	0.62314				2
2024.09.23	00:25:05.703	0.62315				2
2024.09.23	00:25:12.682	0.62314				2
2024.09.23	00:25:14.783	0.62315				2
2024.09.23	00:25:18.051	0.62314				2
2024.09.23	00:25:26.593	0.62311				2
2024.09.23	00:25:27.306	0.62312				2
2024.09.23	00:25:42.892	0.62311				2
2024.09.23	00:25:43.981	0.62312				2
2024.09.23	00:25:52.212		0.62401			4
2024.09.23	00:26:03.115	0.62312				2
2024.09.23	00:27:00.536	0.62312	0.62401			6
2024.09.23	00:28:00.072	0.62311				2
2024.09.23	00:28:08.106		0.62401			4
2024.09.23	00:28:36.372	0.62312				2
2024.09.23	00:28:46.271	0.62311				2
2024.09.23	00:29:06.434	0.62311				2
2024.09.23	00:29:08.106		0.62401			4
2024.09.23	00:29:38.321		0.62406			4
2024.09.23	00:30:00.385	0.62316				2
2024.09.23	00:30:07.647	0.62315				2
2024.09.23	00:30:12.068	0.62316				2
2024.09.23	00:30:17.818	0.62318				2
2024.09.23	00:30:18.577	0.62317				2
2024.09.23	00:30:22.601	0.62318				2
2024.09.23	00:30:27.565	0.62322				2
2024.09.23	00:30:39.307		0.62406			4
2024.09.23	00:30:47.595	0.62323	0.62405			6
2024.09.23	00:31:04.211	0.62323				2
2024.09.23	00:31:06.307	0.62328				2
2024.09.23	00:31:08.609	0.62330				2
2024.09.23	00:31:47.708		0.62405			4
2024.09.23	00:32:00.532	0.62330				2
2024.09.23	00:32:48.309		0.62405			4
2024.09.23	00:33:00.607	0.62330				2
2024.09.23	00:33:10.674	0.62329				2
2024.09.23	00:33:54.016		0.62405			4
2024.09.23	00:34:00.537	0.62329				2
2024.09.23	00:34:06.309	0.62330				2
2024.09.23	00:34:32.227		0.62404			4
2024.09.23	00:34:34.120		0.62405			4
2024.09.23	00:34:35.947		0.62404			4
2024.09.23	00:34:39.161		0.62403			4
2024.09.23	00:34:39.715		0.62404			4
2024.09.23	00:34:41.107		0.62405			4
2024.09.23	00:34:42.507	0.62329				2
2024.09.23	00:34:51.327		0.62404			4
2024.09.23	00:34:52.655	0.62330				2
2024.09.23	00:35:01.218	0.62330				2
2024.09.23	00:35:04.258		0.62401			4
2024.09.23	00:35:09.022		0.62402			4
2024.09.23	00:35:17.868		0.62401			4
2024.09.23	00:35:41.732		0.62400			4
2024.09.23	00:36:00.008	0.62330				2
2024.09.23	00:36:29.544	0.62327	0.62398			6
2024.09.23	00:37:00.386	0.62327				2
2024.09.23	00:37:11.170	0.62328				2
2024.09.23	00:37:11.474		0.62400			4
2024.09.23	00:37:13.507		0.62399			4
2024.09.23	00:37:15.291	0.62329	0.62400			6
2024.09.23	00:38:00.536	0.62329				2
2024.09.23	00:38:06.369		0.62401			4
2024.09.23	00:38:15.304	0.62330				2
2024.09.23	00:38:15.613	0.62329				2
2024.09.23	00:38:23.779	0.62330				2
2024.09.23	00:38:27.074	0.62329				2
2024.09.23	00:38:29.412	0.62330				2
2024.09.23	00:39:00.914	0.62330				2
2024.09.23	00:39:07.212		0.62401			4
2024.09.23	00:39:30.008		0.62400			4
2024.09.23	00:39:32.114		0.62401			4
2024.09.23	00:39:46.208		0.62400			4
2024.09.23	00:39:51.608		0.62401			4
2024.09.23	00:40:06.714	0.62330				2
2024.09.23	00:40:27.312		0.62400			4
2024.09.23	00:41:01.719	0.62330				2
2024.09.23	00:41:30.676		0.62400			4
2024.09.23	00:42:03.008	0.62330	0.62401			6
2024.09.23	00:42:06.288	0.62332	0.62400			6
2024.09.23	00:42:55.513		0.62399			4
2024.09.23	00:42:57.199	0.62333	0.62401			6
2024.09.23	00:42:59.862	0.62332				2
2024.09.23	00:43:00.615	0.62332				2
2024.09.23	00:43:04.008	0.62331	0.62402			6
2024.09.23	00:43:07.806	0.62333				2
2024.09.23	00:43:15.313		0.62401			4
2024.09.23	00:44:02.312	0.62333				2
2024.09.23	00:44:17.117		0.62401			4
2024.09.23	00:44:25.065	0.62329	0.62400			6
2024.09.23	00:45:01.360	0.62329				2
2024.09.23	00:45:03.821	0.62328				2
2024.09.23	00:45:06.661	0.62343	0.62391			6
2024.09.23	00:45:23.709	0.62346	0.62392			6
2024.09.23	00:45:24.898	0.62347				2
2024.09.23	00:45:25.924	0.62346				2
2024.09.23	00:45:33.908	0.62345				2
2024.09.23	00:45:41.109	0.62344				2
2024.09.23	00:45:43.608	0.62343				2
2024.09.23	00:45:48.361	0.62342				2
2024.09.23	00:46:01.208	0.62342				2
2024.09.23	00:46:07.808	0.62343				2
2024.09.23	00:46:20.706	0.62344				2
2024.09.23	00:46:24.151	0.62343	0.62392			6
2024.09.23	00:46:35.412	0.62344				2
2024.09.23	00:46:39.910	0.62343				2
2024.09.23	00:47:00.673	0.62343				2
2024.09.23	00:47:02.142	0.62335	0.62393			6
2024.09.23	00:47:04.063	0.62343	0.62392			6
2024.09.23	00:47:20.983	0.62344				2
2024.09.23	00:47:22.811	0.62343				2
2024.09.23	00:47:24.908	0.62344				2
2024.09.23	00:47:29.085	0.62343				2
2024.09.23	00:47:32.272	0.62338	0.62384			6
2024.09.23	00:47:32.614		0.62381			4
2024.09.23	00:47:41.184	0.62343	0.62383			6
2024.09.23	00:47:46.806		0.62382			4
2024.09.23	00:48:00.533	0.62343				2
2024.09.23	00:48:06.019	0.62344				2
2024.09.23	00:48:06.526	0.62343				2
2024.09.23	00:48:49.265		0.62382			4
2024.09.23	00:49:04.208	0.62343				2
2024.09.23	00:49:07.337	0.62344				2
2024.09.23	00:49:29.085		0.62381			4
2024.09.23	00:49:30.310		0.62382			4
2024.09.23	00:50:01.505	0.62344				2
2024.09.23	00:50:15.320		0.62381			4
2024.09.23	00:50:29.927		0.62385			4
2024.09.23	00:50:36.441		0.62384			4
2024.09.23	00:51:00.684	0.62344				2
2024.09.23	00:51:06.409	0.62343				2
2024.09.23	00:51:39.088		0.62384			4
2024.09.23	00:51:57.613		0.62383			4
2024.09.23	00:52:00.410	0.62343				2
2024.09.23	00:52:01.030		0.62382			4
2024.09.23	00:52:12.065		0.62383			4
2024.09.23	00:52:12.381		0.62382			4
2024.09.23	00:52:16.821	0.62344				2
2024.09.23	00:52:17.127		0.62387			4
2024.09.23	00:52:19.368		0.62383			4
2024.09.23	00:52:19.810		0.62381			4
2024.09.23	00:52:23.495		0.62382			4
2024.09.23	00:52:32.862		0.62381			4
2024.09.23	00:52:53.108	0.62343				2
2024.09.23	00:53:01.808	0.62343				2
2024.09.23	00:53:19.379		0.62380			4
2024.09.23	00:53:33.310		0.62381			4
2024.09.23	00:53:47.106		0.62380			4
2024.09.23	00:54:01.812	0.62343				2
2024.09.23	00:54:11.111		0.62379			4
2024.09.23	00:54:55.700	0.62329	0.62386			6
2024.09.23	00:54:57.618	0.62343	0.62379			6
2024.09.23	00:54:59.116	0.62344	0.62378			6
2024.09.23	00:55:00.712	0.62344				2
2024.09.23	00:55:06.398	0.62343				2
2024.09.23	00:55:21.608		0.62379			4
2024.09.23	00:56:02.502	0.62343				2
2024.09.23	00:56:05.411		0.62378			4
2024.09.23	00:56:07.953		0.62377			4
2024.09.23	00:56:09.321		0.62378			4
2024.09.23	00:56:18.310		0.62377			4
2024.09.23	00:56:45.420		0.62378			4
2024.09.23	00:56:50.489		0.62377			4
2024.09.23	00:57:00.009	0.62343				2
2024.09.23	00:57:06.378		0.62379			4
2024.09.23	00:57:06.847	0.62342				2
2024.09.23	00:57:11.083		0.62378			4
2024.09.23	00:57:13.511		0.62377			4
2024.09.23	00:57:14.365		0.62378			4
2024.09.23	00:57:24.553		0.62379			4
2024.09.23	00:57:36.385		0.62377			4
2024.09.23	00:57:36.909		0.62378			4
2024.09.23	00:57:41.089		0.62379			4
2024.09.23	00:57:41.393		0.62381			4
2024.09.23	00:57:43.336		0.62378			4
2024.09.23	00:57:45.490		0.62377			4
2024.09.23	00:57:51.210		0.62378			4
2024.09.23	00:57:55.389		0.62376			4
2024.09.23	00:57:59.519	0.62341	0.62378			6
2024.09.23	00:58:00.084	0.62341	0.62380			6
2024.09.23	00:58:06.698		0.62381			4
2024.09.23	00:58:08.629		0.62380			4
2024.09.23	00:58:10.689	0.62335	0.62375			6
2024.09.23	00:58:11.011	0.62332	0.62374			6
2024.09.23	00:58:11.755	0.62331				2
2024.09.23	00:58:13.318		0.62373			4
2024.09.23	00:58:35.921		0.62374			4
2024.09.23	00:58:38.616		0.62373			4
2024.09.23	00:58:40.680	0.62332	0.62374			6
2024.09.23	00:58:42.600	0.62334				2
2024.09.23	00:58:42.927	0.62332				2
2024.09.23	00:58:43.264	0.62334				2
2024.09.23	00:58:43.622	0.62332				2
2024.09.23	00:58:44.886	0.62334				2
2024.09.23	00:58:45.386	0.62333				2
2024.09.23	00:58:47.678	0.62335	0.62375			6
2024.09.23	00:58:48.705	0.62339	0.62379			6
2024.09.23	00:58:54.807		0.62377			4
2024.09.23	00:58:56.107		0.62378			4
2024.09.23	00:58:56.415		0.62379			4
2024.09.23	00:58:57.798		0.62377			4
2024.09.23	00:59:01.007	0.62340	0.62376			6
2024.09.23	00:59:04.290		0.62375			4
2024.09.23	00:59:04.594	0.62341				2
2024.09.23	00:59:06.382		0.62376			4
2024.09.23	00:59:07.509		0.62377			4
2024.09.23	00:59:10.500	0.62342	0.62376			6
2024.09.23	00:59:12.269		0.62379			4
2024.09.23	00:59:12.680		0.62378			4
2024.09.23	00:59:14.028		0.62374			4
2024.09.23	00:59:18.006		0.62376			4
2024.09.23	00:59:31.736		0.62377			4
2024.09.23	00:59:34.508		0.62376			4
2024.09.23	00:59:36.381		0.62377			4
2024.09.23	01:00:00.130	0.62332	0.62366			6
2024.09.23	01:00:00.432	0.62334	0.62358			6
2024.09.23	01:00:00.757	0.62338				2
2024.09.23	01:00:01.062	0.62337				2
2024.09.23	01:00:01.383	0.62336				2
2024.09.23	01:00:01.686		0.62363			4
2024.09.23	01:00:01.990	0.62338	0.62358			6
2024.09.23	01:00:02.617	0.62337	0.62363			6
2024.09.23	01:00:02.931	0.62336				2
2024.09.23	01:00:03.263	0.62337				2
2024.09.23	01:00:03.571	0.62347				2
2024.09.23	01:00:03.980	0.62348				2
2024.09.23	01:00:04.627		0.62364			4
2024.09.23	01:00:04.934	0.62346				2
2024.09.23	01:00:05.238	0.62347				2
2024.09.23	01:00:05.643	0.62348				2
2024.09.23	01:00:06.063	0.62347				2
2024.09.23	01:00:06.373	0.62346				2
2024.09.23	01:00:11.236	0.62348				2
2024.09.23	01:00:11.623	0.62349	0.62367			6
2024.09.23	01:00:11.938	0.62352				2
2024.09.23	01:00:12.798	0.62351				2
2024.09.23	01:00:14.816	0.62352				2
2024.09.23	01:00:15.147	0.62350	0.62366			6
2024.09.23	01:00:18.493	0.62351				2
2024.09.23	01:00:19.353	0.62353				2
2024.09.23	01:00:20.354	0.62356				2
2024.09.23	01:00:20.674	0.62353				2
2024.09.23	01:00:21.067	0.62352				2
2024.09.23	01:00:21.536	0.62353				2
2024.09.23	01:00:26.904	0.62355				2
2024.09.23	01:00:29.719	0.62357				2
2024.09.23	01:00:30.100	0.62358	0.62382			6
2024.09.23	01:00:31.083	0.62355	0.62383			6
2024.09.23	01:00:31.401		0.62382			4
2024.09.23	01:00:31.818	0.62352				2
2024.09.23	01:00:32.869	0.62350	0.62381			6
2024.09.23	01:00:33.287	0.62347	0.62376			6
2024.09.23	01:00:33.601		0.62373			4
2024.09.23	01:00:33.917		0.62371			4
2024.09.23	01:00:34.219	0.62346	0.62368			6
2024.09.23	01:00:34.548		0.62374			4
2024.09.23	01:00:36.296	0.62347				2
2024.09.23	01:00:37.317		0.62375			4
2024.09.23	01:00:38.691	0.62346	0.62370			6
2024.09.23	01:00:39.055	0.62347				2
2024.09.23	01:00:39.456	0.62345				2
2024.09.23	01:00:39.761	0.62341	0.62369			6
2024.09.23	01:00:40.328	0.62343				2
2024.09.23	01:00:40.713	0.62340				2
2024.09.23	01:00:46.047	0.62341				2
2024.09.23	01:00:49.184		0.62367			4
2024.09.23	01:00:55.207		0.62372			4
2024.09.23	01:00:55.827	0.62339	0.62369			6
2024.09.23	01:00:58.748	0.62340				2
2024.09.23	01:00:59.161		0.62370			4
2024.09.23	01:01:00.128	0.62340	0.62368			6
2024.09.23	01:01:00.496	0.62344	0.62373			6
2024.09.23	01:01:00.812	0.62346	0.62371			6
2024.09.23	01:01:01.242	0.62349				2
2024.09.23	01:01:01.958	0.62350				2
2024.09.23	01:01:03.702	0.62349				2
2024.09.23	01:01:06.001	0.62337	0.62369			6
2024.09.23	01:01:06.303	0.62336				2
2024.09.23	01:01:07.351	0.62339				2
2024.09.23	01:01:08.891	0.62346	0.62370			6
2024.09.23	01:01:12.393		0.62371			4
2024.09.23	01:01:14.658	0.62345	0.62370			6
2024.09.23	01:01:18.947		0.62376			4
2024.09.23	01:01:19.719		0.62375			4
2024.09.23	01:01:26.044	0.62348	0.62376			6
2024.09.23	01:01:28.524	0.62345	0.62375			6
2024.09.23	01:01:38.816		0.62373			4
2024.09.23	01:01:39.799	0.62346				2
2024.09.23	01:01:42.378	0.62344				2
2024.09.23	01:01:43.506		0.62377			4
2024.09.23	01:01:46.935		0.62371			4
2024.09.23	01:01:47.239	0.62340	0.62368			6
2024.09.23	01:01:52.256		0.62367			4
2024.09.23	01:02:00.385	0.62340	0.62363			6
2024.09.23	01:02:00.963	0.62342				2
2024.09.23	01:02:01.868		0.62364			4
2024.09.23	01:02:03.200	0.62341				2
2024.09.23	01:02:03.671	0.62337	0.62367			6
2024.09.23	01:02:06.909	0.62345	0.62370			6
2024.09.23	01:02:07.380		0.62367			4
2024.09.23	01:02:07.684	0.62346	0.62370			6
2024.09.23	01:02:08.387	0.62344	0.62368			6
2024.09.23	01:02:10.364	0.62335				2
2024.09.23	01:02:11.431	0.62345	0.62369			6
2024.09.23	01:02:12.299	0.62346				2
2024.09.23	01:02:15.390	0.62342	0.62366			6
2024.09.23	01:02:16.415	0.62343				2
2024.09.23	01:02:17.175	0.62342				2
2024.09.23	01:02:18.077		0.62365			4
2024.09.23	01:02:23.913	0.62344	0.62366			6
2024.09.23	01:02:24.697		0.62368			4
2024.09.23	01:02:25.039	0.62343				2
2024.09.23	01:02:27.623	0.62344				2
2024.09.23	01:02:28.224		0.62372			4
2024.09.23	01:02:33.060		0.62363			4
2024.09.23	01:02:33.363	0.62343	0.62375			6
2024.09.23	01:02:33.667	0.62339	0.62381			6
2024.09.23	01:02:34.021	0.62346	0.62377			6
2024.09.23	01:02:34.328	0.62345	0.62375			6
2024.09.23	01:02:34.642		0.62377			4
2024.09.23	01:02:38.698		0.62376			4
2024.09.23	01:02:39.700		0.62375			4
2024.09.23	01:02:40.699		0.62373			4
2024.09.23	01:02:41.699	0.62341	0.62371			6
2024.09.23	01:02:42.068	0.62347				2
2024.09.23	01:02:42.699		0.62369			4
2024.09.23	01:02:43.765	0.62348	0.62371			6
2024.09.23	01:02:44.089		0.62368			4
2024.09.23	01:02:49.206		0.62367			4
2024.09.23	01:02:51.121		0.62371			4
2024.09.23	01:02:54.388		0.62374			4
2024.09.23	01:03:00.304	0.62348				2
2024.09.23	01:03:00.919		0.62379			4
2024.09.23	01:03:04.129		0.62378			4
2024.09.23	01:03:05.738	0.62347				2
2024.09.23	01:03:10.741	0.62348				2
2024.09.23	01:03:11.121		0.62379			4
2024.09.23	01:03:12.660	0.62350				2
2024.09.23	01:03:13.509	0.62349				2
2024.09.23	01:03:15.380	0.62351	0.62380			6
2024.09.23	01:03:15.891	0.62352				2
2024.09.23	01:03:16.194	0.62351				2
2024.09.23	01:03:17.736	0.62352				2
2024.09.23	01:03:18.427	0.62351				2
2024.09.23	01:03:19.177		0.62378			4
2024.09.23	01:03:19.882	0.62352				2
2024.09.23	01:03:20.182	0.62353				2
2024.09.23	01:03:21.383	0.62352				2
2024.09.23	01:03:21.701	0.62354				2
2024.09.23	01:03:22.006	0.62353				2
2024.09.23	01:03:25.915	0.62351				2
2024.09.23	01:03:26.221	0.62349	0.62375			6
2024.09.23	01:03:26.882		0.62377			4
2024.09.23	01:03:27.260		0.62373			4
2024.09.23	01:03:27.561	0.62350	0.62377			6
2024.09.23	01:03:29.699		0.62376			4
2024.09.23	01:03:30.699		0.62375			4
2024.09.23	01:03:36.342	0.62351	0.62376			6
2024.09.23	01:03:42.809		0.62378			4
2024.09.23	01:03:48.261	0.62352				2
2024.09.23	01:03:49.340	0.62351	0.62377			6
2024.09.23	01:03:50.002		0.62378			4
2024.09.23	01:03:57.899		0.62377			4
2024.09.23	01:03:58.989	0.62352	0.62378			6
2024.09.23	01:03:59.915	0.62351				2
2024.09.23	01:04:00.404	0.62351				2
2024.09.23	01:04:07.181	0.62352				2
2024.09.23	01:04:16.293	0.62347	0.62374			6
2024.09.23	01:04:18.351	0.62348				2
2024.09.23	01:04:19.520		0.62373			4
2024.09.23	01:04:33.353	0.62347				2
2024.09.23	01:04:38.942	0.62348	0.62372			6
2024.09.23	01:04:39.307	0.62349				2
2024.09.23	01:04:39.956	0.62350	0.62375			6
2024.09.23	01:04:40.472		0.62376			4
2024.09.23	01:04:41.345	0.62351	0.62377			6
2024.09.23	01:04:44.384		0.62378			4
2024.09.23	01:04:44.698	0.62353	0.62377			6
2024.09.23	01:04:45.001		0.62378			4
2024.09.23	01:04:48.315	0.62348	0.62372			6
2024.09.23	01:04:48.858	0.62344	0.62366			6
2024.09.23	01:04:49.511	0.62347	0.62371			6
2024.09.23	01:04:50.867		0.62372			4
2024.09.23	01:04:51.375	0.62350	0.62374			6
2024.09.23	01:04:54.882	0.62351	0.62377			6
2024.09.23	01:05:00.361	0.62351				2
2024.09.23	01:05:04.278	0.62350	0.62376			6
2024.09.23	01:05:06.111	0.62348	0.62373			6
2024.09.23	01:05:06.958	0.62346	0.62372			6
2024.09.23	01:05:08.492	0.62348	0.62373			6
2024.09.23	01:05:09.007	0.62347				2
2024.09.23	01:05:09.316	0.62345	0.62370			6
2024.09.23	01:05:09.621	0.62346	0.62371			6
2024.09.23	01:05:10.265	0.62345				2
2024.09.23	01:05:10.641	0.62346				2
2024.09.23	01:05:11.271		0.62370			4
2024.09.23	01:05:11.611	0.62347	0.62371			6
2024.09.23	01:05:11.945		0.62372			4
2024.09.23	01:05:15.400	0.62348				2
2024.09.23	01:05:16.316	0.62347				2
2024.09.23	01:05:18.009		0.62371			4
2024.09.23	01:05:18.759	0.62354	0.62373			6
2024.09.23	01:05:30.043	0.62353				2
2024.09.23	01:06:00.611	0.62353				2
2024.09.23	01:06:06.147	0.62354				2
2024.09.23	01:06:18.800		0.62372			4
2024.09.23	01:06:24.433	0.62353				2
2024.09.23	01:06:25.647	0.62354				2
2024.09.23	01:07:04.183	0.62361	0.62373			6
2024.09.23	01:07:05.016	0.62359				2
2024.09.23	01:07:06.247	0.62355	0.62371			6
2024.09.23	01:07:09.886	0.62352	0.62370			6
2024.09.23	01:07:10.354	0.62353				2
2024.09.23	01:07:31.226	0.62354	0.62371			6
2024.09.23	01:07:47.184	0.62355				2
2024.09.23	01:07:49.029	0.62354				2
2024.09.23	01:08:00.533	0.62354				2
2024.09.23	01:08:01.006	0.62355				2
2024.09.23	01:08:09.654	0.62354				2
2024.09.23	01:08:30.854	0.62355				2
2024.09.23	01:08:57.627		0.62370			4
2024.09.23	01:09:11.974	0.62354	0.62369			6
2024.09.23	01:09:14.462	0.62355	0.62370			6
2024.09.23	01:09:59.352	0.62353	0.62369			6
2024.09.23	01:10:00.026	0.62353				2
2024.09.23	01:10:11.772	0.62354				2
2024.09.23	01:10:30.837	0.62355	0.62370			6
2024.09.23	01:10:44.393	0.62354				2
2024.09.23	01:10:45.186	0.62360				2
2024.09.23	01:10:45.497		0.62373			4
2024.09.23	01:10:58.807		0.62374			4
2024.09.23	01:10:59.202	0.62371	0.62384			6
2024.09.23	01:11:00.362	0.62371				2
2024.09.23	01:11:00.699	0.62372				2
2024.09.23	01:11:08.170	0.62371	0.62383			6
2024.09.23	01:11:23.295	0.62370				2
2024.09.23	01:11:35.231	0.62373	0.62384			6
2024.09.23	01:11:38.828	0.62371				2
2024.09.23	01:12:00.533	0.62371				2
2024.09.23	01:12:23.547	0.62370				2
2024.09.23	01:12:24.429		0.62383			4
2024.09.23	01:12:36.774		0.62384			4
2024.09.23	01:13:02.712	0.62370				2
2024.09.23	01:13:03.074	0.62373				2
2024.09.23	01:13:06.151	0.62374				2
2024.09.23	01:13:06.603	0.62372				2
2024.09.23	01:13:07.835	0.62370	0.62383			6
2024.09.23	01:14:04.303	0.62375	0.62388			6
2024.09.23	01:14:05.385		0.62389			4
2024.09.23	01:14:06.361	0.62376				2
2024.09.23	01:14:10.706	0.62377				2
2024.09.23	01:14:17.508	0.62381	0.62393			6
2024.09.23	01:14:19.416	0.62380				2
2024.09.23	01:14:24.271	0.62381				2
2024.09.23	01:14:47.237	0.62383	0.62394			6
2024.09.23	01:15:00.908	0.62383				2
2024.09.23	01:15:08.066	0.62376	0.62387			6
2024.09.23	01:15:18.348	0.62380	0.62390			6
2024.09.23	01:15:25.187	0.62378	0.62389			6
2024.09.23	01:15:26.111		0.62388			4
2024.09.23	01:15:27.008		0.62389			4
2024.09.23	01:15:28.388	0.62380	0.62390			6
2024.09.23	01:15:44.109	0.62381				2
2024.09.23	01:16:00.164	0.62382				2
2024.09.23	01:16:00.468	0.62381				2
2024.09.23	01:16:03.810	0.62383				2
2024.09.23	01:16:20.425	0.62378				2
2024.09.23	01:16:23.517		0.62389			4
2024.09.23	01:16:36.844		0.62390			4
2024.09.23	01:16:53.952		0.62388			4
2024.09.23	01:17:00.676	0.62378				2
2024.09.23	01:17:07.120	0.62377				2
2024.09.23	01:17:08.067	0.62378	0.62389			6
2024.09.23	01:17:08.833	0.62379				2
2024.09.23	01:17:10.623		0.62390			4
2024.09.23	01:17:28.902	0.62378				2
2024.09.23	01:17:36.440		0.62389			4
2024.09.23	01:17:39.129		0.62390			4
2024.09.23	01:17:41.211		0.62389			4
2024.09.23	01:17:43.040		0.62390			4
2024.09.23	01:17:45.132		0.62389			4
2024.09.23	01:17:45.616		0.62388			4
2024.09.23	01:18:01.561	0.62378				2
2024.09.23	01:18:11.260		0.62387			4
2024.09.23	01:18:13.967	0.62381	0.62390			6
2024.09.23	01:18:14.341	0.62390	0.62400			6
2024.09.23	01:18:20.535		0.62399			4
2024.09.23	01:18:21.014	0.62387	0.62395			6
2024.09.23	01:18:24.875	0.62386	0.62394			6
2024.09.23	01:18:26.735		0.62395			4
2024.09.23	01:18:29.285	0.62387	0.62397			6
2024.09.23	01:18:35.763	0.62388	0.62398			6
2024.09.23	01:18:36.611	0.62393	0.62403			6
2024.09.23	01:18:39.726		0.62402			4
2024.09.23	01:18:52.079	0.62392				2
2024.09.23	01:18:57.268	0.62393	0.62403			6
2024.09.23	01:19:14.942	0.62397	0.62406			6
2024.09.23	01:19:15.267	0.62394	0.62405			6
2024.09.23	01:19:15.585	0.62393	0.62404			6
2024.09.23	01:19:16.920		0.62403			4
2024.09.23	01:19:19.046		0.62404			4
2024.09.23	01:19:28.525	0.62396	0.62405			6
2024.09.23	01:19:31.975	0.62397	0.62406			6
2024.09.23	01:19:32.548	0.62396	0.62405			6
2024.09.23	01:19:36.201	0.62397	0.62406			6
2024.09.23	01:19:37.263	0.62396	0.62405			6
2024.09.23	01:19:42.127	0.62397	0.62406			6
2024.09.23	01:19:46.383		0.62405			4
2024.09.23	01:19:46.993	0.62389	0.62399			6
2024.09.23	01:19:49.345		0.62400			4
2024.09.23	01:19:52.338		0.62399			4
2024.09.23	01:19:53.425		0.62400			4
2024.09.23	01:19:58.015		0.62399			4
2024.09.23	01:20:00.314	0.62389				2
2024.09.23	01:20:01.010		0.62400			4
2024.09.23	01:20:03.399		0.62399			4
2024.09.23	01:20:06.025		0.62398			4
2024.09.23	01:20:12.152		0.62399			4
2024.09.23	01:20:21.250	0.62393	0.62400			6
2024.09.23	01:20:21.727		0.62401			4
2024.09.23	01:20:31.519	0.62397	0.62404			6
2024.09.23	01:20:41.864	0.62394	0.62403			6
2024.09.23	01:21:04.208	0.62394				2
2024.09.23	01:21:33.489		0.62404			4
2024.09.23	01:21:36.124	0.62395				2
2024.09.23	01:21:37.266	0.62396				2
2024.09.23	01:21:38.269	0.62397	0.62405			6
2024.09.23	01:21:50.708	0.62399	0.62408			6
2024.09.23	01:21:56.169		0.62409			4
2024.09.23	01:22:01.603	0.62399				2
2024.09.23	01:22:02.346	0.62401				2
2024.09.23	01:22:02.663	0.62402				2
2024.09.23	01:22:03.012	0.62396	0.62403			6
2024.09.23	01:22:03.340	0.62394	0.62405			6
2024.09.23	01:22:04.055	0.62395				2
2024.09.23	01:22:09.627	0.62398	0.62406			6
2024.09.23	01:22:10.890	0.62397	0.62405			6
2024.09.23	01:22:13.202	0.62395				2
2024.09.23	01:22:19.190	0.62394	0.62403			6
2024.09.23	01:22:24.410	0.62395	0.62404			6
2024.09.23	01:22:25.837	0.62394	0.62403			6
2024.09.23	01:22:26.998	0.62393				2
2024.09.23	01:22:31.597	0.62394	0.62404			6
2024.09.23	01:22:51.974	0.62393				2
2024.09.23	01:22:53.523		0.62403			4
2024.09.23	01:22:56.169	0.62394	0.62404			6
2024.09.23	01:22:58.809	0.62393				2
2024.09.23	01:22:59.924		0.62403			4
2024.09.23	01:23:00.533	0.62393				2
2024.09.23	01:23:00.959		0.62404			4
2024.09.23	01:23:02.033		0.62403			4
2024.09.23	01:23:04.788		0.62404			4
2024.09.23	01:23:12.319		0.62399			4
2024.09.23	01:23:14.941		0.62398			4
2024.09.23	01:23:17.873	0.62392	0.62402			6
2024.09.23	01:23:19.821		0.62403			4
2024.09.23	01:23:22.678		0.62402			4
2024.09.23	01:23:34.446		0.62399			4
2024.09.23	01:23:36.349		0.62398			4
2024.09.23	01:23:46.669	0.62388	0.62395			6
2024.09.23	01:23:46.980		0.62397			4
2024.09.23	01:23:58.843	0.62387	0.62394			6
2024.09.23	01:24:00.359	0.62387				2
2024.09.23	01:24:09.307	0.62383	0.62390			6
2024.09.23	01:24:10.312	0.62379	0.62388			6
2024.09.23	01:24:10.685	0.62378				2
2024.09.23	01:24:25.951	0.62379				2
2024.09.23	01:24:26.502	0.62378				2
2024.09.23	01:24:36.791	0.62382	0.62389			6
2024.09.23	01:24:43.266		0.62390			4
2024.09.23	01:24:45.822		0.62389			4
2024.09.23	01:24:50.802	0.62383	0.62390			6
2024.09.23	01:24:53.243	0.62388	0.62394			6
2024.09.23	01:24:55.783	0.62379	0.62388			6
2024.09.23	01:25:00.718	0.62379	0.62387			6
2024.09.23	01:25:05.828	0.62381	0.62388			6
2024.09.23	01:25:10.789	0.62379				2
2024.09.23	01:25:37.216	0.62378				2
2024.09.23	01:25:53.439	0.62379				2
2024.09.23	01:25:53.762	0.62378				2
2024.09.23	01:25:57.474	0.62380				2
2024.09.23	01:25:57.961		0.62387			4
2024.09.23	01:25:58.621		0.62388			4
2024.09.23	01:25:59.301		0.62387			4
2024.09.23	01:25:59.692		0.62388			4
2024.09.23	01:26:00.304	0.62379	0.62387			6
2024.09.23	01:26:00.608	0.62380				2
2024.09.23	01:26:09.481	0.62379				2
2024.09.23	01:26:10.255		0.62388			4
2024.09.23	01:26:10.568	0.62380				2
2024.09.23	01:26:31.933	0.62385	0.62392			6
2024.09.23	01:26:32.245		0.62393			4
2024.09.23	01:26:40.483		0.62392			4
2024.09.23	01:26:43.945	0.62382	0.62389			6
2024.09.23	01:26:53.421	0.62380				2
2024.09.23	01:26:54.294		0.62387			4
2024.09.23	01:26:55.567	0.62381				2
2024.09.23	01:26:55.897		0.62388			4
2024.09.23	01:27:06.822	0.62380				2
2024.09.23	01:27:07.158	0.62381				2
2024.09.23	01:27:18.857	0.62380				2
2024.09.23	01:27:26.713		0.62387			4
2024.09.23	01:27:48.078	0.62381	0.62388			6
2024.09.23	01:27:49.174	0.62380	0.62387			6
2024.09.23	01:27:50.613		0.62388			4
2024.09.23	01:27:51.818	0.62381				2
2024.09.23	01:28:00.525	0.62381				2
2024.09.23	01:28:13.548		0.62387			4
2024.09.23	01:28:42.803	0.62385	0.62391			6
2024.09.23	01:28:43.426		0.62393			4
2024.09.23	01:28:43.949		0.62392			4
2024.09.23	01:28:47.533		0.62391			4
2024.09.23	01:28:56.461		0.62393			4
2024.09.23	01:29:01.344	0.62385				2
2024.09.23	01:29:01.663	0.62386				2
2024.09.23	01:29:03.659		0.62392			4
2024.09.23	01:29:05.652	0.62385	0.62393			6
2024.09.23	01:29:08.209		0.62392			4
2024.09.23	01:29:15.509		0.62391			4
2024.09.23	01:29:16.647	0.62386	0.62393			6
2024.09.23	01:29:21.859	0.62385				2
2024.09.23	01:29:22.852	0.62386				2
2024.09.23	01:29:25.956		0.62392			4
2024.09.23	01:29:28.033		0.62393			4
2024.09.23	01:29:28.685	0.62385	0.62392			6
2024.09.23	01:29:40.498	0.62386	0.62393			6
2024.09.23	01:29:41.361	0.62385	0.62392			6
2024.09.23	01:29:41.818		0.62393			4
2024.09.23	01:29:42.934	0.62386	0.62392			6
2024.09.23	01:29:44.821		0.62393			4
2024.09.23	01:29:49.589		0.62392			4
2024.09.23	01:29:50.753		0.62393			4
2024.09.23	01:29:55.789	0.62385	0.62391			6
2024.09.23	01:29:56.533		0.62392			4
2024.09.23	01:29:58.304	0.62384				2
2024.09.23	01:30:00.121	0.62384	0.62391			6
2024.09.23	01:30:02.158	0.62385				2
2024.09.23	01:30:04.468	0.62386				2
2024.09.23	01:30:09.338	0.62384	0.62389			6
2024.09.23	01:30:31.469	0.62387	0.62391			6
2024.09.23	01:30:38.323		0.62393			4
2024.09.23	01:30:40.321	0.62388	0.62394			6
2024.09.23	01:30:46.558	0.62389				2
2024.09.23	01:30:47.800	0.62388				2
2024.09.23	01:30:55.448	0.62387	0.62393			6
2024.09.23	01:31:00.481	0.62388	0.62394			6
2024.09.23	01:31:02.558		0.62395			4
2024.09.23	01:31:07.725	0.62389				2
2024.09.23	01:31:20.375	0.62388	0.62394			6
2024.09.23	01:31:23.106		0.62395			4
2024.09.23	01:31:25.643	0.62390	0.62396			6
2024.09.23	01:31:34.460	0.62389				2
2024.09.23	01:31:34.867	0.62390				2
2024.09.23	01:31:46.148	0.62391	0.62397			6
2024.09.23	01:31:47.071	0.62390				2
2024.09.23	01:31:49.325		0.62396			4
2024.09.23	01:32:02.437	0.62392				2
2024.09.23	01:32:08.463	0.62391				2
2024.09.23	01:32:09.611	0.62392				2
2024.09.23	01:32:11.585	0.62389	0.62395			6
2024.09.23	01:32:14.822		0.62394			4
2024.09.23	01:32:25.145	0.62390	0.62395			6
2024.09.23	01:32:32.449	0.62389				2
2024.09.23	01:32:36.011	0.62388	0.62393			6
2024.09.23	01:32:36.398		0.62392			4
2024.09.23	01:32:36.886	0.62385	0.62390			6
2024.09.23	01:32:39.287	0.62384				2
2024.09.23	01:32:40.805		0.62389			4
2024.09.23	01:32:44.771	0.62385				2
2024.09.23	01:32:47.142		0.62390			4
2024.09.23	01:32:53.690	0.62384				2
2024.09.23	01:32:54.569	0.62382	0.62385			6
2024.09.23	01:32:54.944	0.62381				2
2024.09.23	01:33:00.270	0.62382	0.62387			6
2024.09.23	01:33:02.819		0.62386			4
2024.09.23	01:33:04.709	0.62381				2
2024.09.23	01:33:05.859	0.62382				2
2024.09.23	01:33:07.188		0.62387			4
2024.09.23	01:33:10.464		0.62385			4
2024.09.23	01:33:19.642		0.62386			4
2024.09.23	01:33:20.606	0.62383				2
2024.09.23	01:33:21.613	0.62382				2
2024.09.23	01:33:21.920	0.62383				2
2024.09.23	01:33:23.984	0.62382				2
2024.09.23	01:33:25.210	0.62379	0.62383			6
2024.09.23	01:34:55.782	0.62378	0.62383			6
2024.09.23	01:35:00.009	0.62378				2
2024.09.23	01:35:03.859	0.62379	0.62384			6
2024.09.23	01:35:06.836	0.62380	0.62385			6
2024.09.23	01:35:07.841	0.62381	0.62386			6
2024.09.23	01:35:08.180	0.62382				2
2024.09.23	01:35:08.480		0.62387			4
2024.09.23	01:35:18.149		0.62386			4
2024.09.23	01:35:18.708		0.62387			4
2024.09.23	01:35:20.402		0.62386			4
2024.09.23	01:35:21.437		0.62387			4
2024.09.23	01:35:22.536		0.62386			4
2024.09.23	01:35:22.871		0.62387			4
2024.09.23	01:35:27.165		0.62386			4
2024.09.23	01:35:28.336		0.62387			4
2024.09.23	01:36:00.969	0.62382				2
2024.09.23	01:36:05.398		0.62386			4
2024.09.23	01:36:08.930	0.62380	0.62384			6
2024.09.23	01:36:09.469	0.62379				2
2024.09.23	01:36:22.481	0.62377	0.62383			6
2024.09.23	01:36:23.118	0.62378				2
2024.09.23	01:36:25.061	0.62379				2
2024.09.23	01:36:26.219	0.62378	0.62382			6
2024.09.23	01:36:27.638		0.62383			4
2024.09.23	01:36:30.378	0.62379	0.62384			6
2024.09.23	01:36:30.683	0.62380				2
2024.09.23	01:36:31.671	0.62379	0.62383			6
2024.09.23	01:36:38.004	0.62378				2
2024.09.23	01:36:39.050	0.62379				2
2024.09.23	01:36:41.037	0.62378				2
2024.09.23	01:36:51.856	0.62379				2
2024.09.23	01:37:00.361	0.62379				2
2024.09.23	01:37:00.979	0.62374	0.62379			6
2024.09.23	01:37:02.051	0.62375				2
2024.09.23	01:37:12.499	0.62374				2
2024.09.23	01:37:13.604	0.62375				2
2024.09.23	01:37:17.460	0.62374				2
2024.09.23	01:37:19.679	0.62375				2
2024.09.23	01:37:20.686	0.62374				2
2024.09.23	01:37:21.704	0.62375				2
2024.09.23	01:37:22.063	0.62374				2
2024.09.23	01:37:22.417	0.62375				2
2024.09.23	01:37:27.482	0.62374				2
2024.09.23	01:37:29.708	0.62375				2
2024.09.23	01:37:32.502	0.62374				2
2024.09.23	01:37:33.110	0.62375				2
2024.09.23	01:37:36.407	0.62377	0.62381			6
2024.09.23	01:37:38.081	0.62378	0.62383			6
2024.09.23	01:37:38.639	0.62380	0.62384			6
2024.09.23	01:37:40.976	0.62382	0.62385			6
2024.09.23	01:37:45.495	0.62381				2
2024.09.23	01:37:46.002	0.62382	0.62386			6
2024.09.23	01:37:52.382	0.62383	0.62387			6
2024.09.23	01:37:54.515	0.62382	0.62386			6
2024.09.23	01:38:27.052	0.62383	0.62387			6
2024.09.23	01:38:29.442	0.62382				2
2024.09.23	01:38:41.535		0.62386			4
2024.09.23	01:38:43.236	0.62383	0.62387			6
2024.09.23	01:38:50.798	0.62382				2
2024.09.23	01:38:56.354		0.62386			4
2024.09.23	01:39:01.019	0.62382	0.62385			6
2024.09.23	01:39:21.277	0.62383	0.62387			6
2024.09.23	01:39:26.598	0.62382	0.62386			6
2024.09.23	01:39:35.659		0.62387			4
2024.09.23	01:39:35.978	0.62383				2
2024.09.23	01:39:49.401	0.62382				2
2024.09.23	01:39:51.656		0.62386			4
2024.09.23	01:39:55.767	0.62379	0.62385			6
2024.09.23	01:40:00.077	0.62379				2
2024.09.23	01:40:01.834		0.62384			4
2024.09.23	01:40:03.846	0.62380	0.62385			6
2024.09.23	01:40:07.925		0.62386			4
2024.09.23	01:40:08.861		0.62385			4
2024.09.23	01:40:10.203		0.62386			4
2024.09.23	01:40:10.870	0.62378	0.62384			6
2024.09.23	01:40:14.215		0.62383			4
2024.09.23	01:40:17.282		0.62384			4
2024.09.23	01:40:28.272		0.62383			4
2024.09.23	01:40:30.075		0.62384			4
2024.09.23	01:40:30.656		0.62383			4
2024.09.23	01:40:31.823		0.62382			4
2024.09.23	01:40:34.077		0.62383			4
2024.09.23	01:40:35.163		0.62382			4
2024.09.23	01:40:49.416		0.62383			4
2024.09.23	01:40:56.163	0.62379	0.62385			6
2024.09.23	01:41:00.325	0.62379				2
2024.09.23	01:41:12.644	0.62380				2
2024.09.23	01:41:13.276	0.62379	0.62384			6
2024.09.23	01:41:14.741		0.62385			4
2024.09.23	01:41:16.637	0.62377	0.62381			6
2024.09.23	01:41:16.941	0.62378	0.62382			6
2024.09.23	01:41:18.593		0.62383			4
2024.09.23	01:41:19.341		0.62382			4
2024.09.23	01:41:21.632		0.62383			4
2024.09.23	01:41:24.974		0.62382			4
2024.09.23	01:41:26.139		0.62383			4
2024.09.23	01:41:27.102	0.62377				2
2024.09.23	01:41:27.416	0.62378				2
2024.09.23	01:41:33.991		0.62382			4
2024.09.23	01:41:38.450		0.62383			4
2024.09.23	01:41:40.534	0.62377				2
2024.09.23	01:41:40.858	0.62378				2
2024.09.23	01:41:43.911	0.62377	0.62382			6
2024.09.23	01:41:44.246	0.62378				2
2024.09.23	01:41:49.449		0.62383			4
2024.09.23	01:41:49.755	0.62379	0.62384			6
2024.09.23	01:41:53.246		0.62383			4
2024.09.23	01:41:54.984	0.62378				2
2024.09.23	01:41:56.026	0.62377	0.62382			6
2024.09.23	01:41:56.329	0.62378				2
2024.09.23	01:41:57.996		0.62383			4
2024.09.23	01:41:59.049		0.62382			4
2024.09.23	01:42:00.281	0.62378				2
2024.09.23	01:42:00.961	0.62377	0.62381			6
2024.09.23	01:42:01.483	0.62378				2
2024.09.23	01:42:02.552		0.62382			4
2024.09.23	01:42:03.635	0.62377				2
2024.09.23	01:42:04.753	0.62378	0.62381			6
2024.09.23	01:42:05.095	0.62377				2
2024.09.23	01:42:05.405		0.62383			4
2024.09.23	01:42:05.878	0.62378				2
2024.09.23	01:42:09.007	0.62377	0.62382			6
2024.09.23	01:42:09.381	0.62378				2
2024.09.23	01:42:13.121		0.62383			4
2024.09.23	01:42:16.024		0.62382			4
2024.09.23	01:42:16.346	0.62377	0.62381			6
2024.09.23	01:42:17.260	0.62376				2
2024.09.23	01:42:17.564	0.62377				2
2024.09.23	01:42:18.677	0.62376	0.62382			6
2024.09.23	01:42:19.743	0.62377				2
2024.09.23	01:42:23.067	0.62378				2
2024.09.23	01:42:34.442		0.62383			4
2024.09.23	01:42:35.381	0.62377				2
2024.09.23	01:42:35.710	0.62378				2
2024.09.23	01:42:39.128		0.62382			4
2024.09.23	01:42:40.111		0.62383			4
2024.09.23	01:42:41.168		0.62382			4
2024.09.23	01:42:42.402		0.62383			4
2024.09.23	01:42:44.643	0.62377	0.62382			6
2024.09.23	01:42:45.885	0.62378				2
2024.09.23	01:42:46.959		0.62383			4
2024.09.23	01:42:50.277		0.62382			4
2024.09.23	01:42:51.470		0.62383			4
2024.09.23	01:42:54.788		0.62382			4
2024.09.23	01:42:55.976		0.62383			4
2024.09.23	01:42:59.358	0.62377	0.62382			6
2024.09.23	01:43:00.543	0.62377				2
2024.09.23	01:43:02.923		0.62383			4
2024.09.23	01:43:03.800	0.62378				2
2024.09.23	01:43:06.076		0.62382			4
2024.09.23	01:43:11.741	0.62375	0.62379			6
2024.09.23	01:43:13.061		0.62380			4
2024.09.23	01:43:13.848	0.62374	0.62378			6
2024.09.23	01:43:17.145	0.62373				2
2024.09.23	01:43:17.465	0.62374				2
2024.09.23	01:43:19.446	0.62373				2
2024.09.23	01:43:19.748	0.62374				2
2024.09.23	01:43:21.639	0.62373				2
2024.09.23	01:43:21.942	0.62374				2
2024.09.23	01:43:22.889		0.62377			4
2024.09.23	01:43:23.831		0.62378			4
2024.09.23	01:43:28.422	0.62373				2
2024.09.23	01:43:28.725	0.62374				2
2024.09.23	01:43:32.912	0.62373				2
2024.09.23	01:43:33.222	0.62374				2
2024.09.23	01:43:36.357	0.62373				2
2024.09.23	01:43:36.668	0.62374				2
2024.09.23	01:43:43.054	0.62373				2
2024.09.23	01:43:43.362	0.62374				2
2024.09.23	01:43:46.485	0.62373				2
2024.09.23	01:43:46.792	0.62374				2
2024.09.23	01:43:48.676	0.62373				2
2024.09.23	01:43:48.985	0.62374				2
2024.09.23	01:43:55.462	0.62373				2
2024.09.23	01:43:55.764	0.62374				2
2024.09.23	01:44:00.055	0.62374				2
2024.09.23	01:44:03.524		0.62379			4
2024.09.23	01:44:06.377		0.62378			4
2024.09.23	01:44:08.705	0.62372	0.62377			6
2024.09.23	01:44:09.408		0.62378			4
2024.09.23	01:44:10.320		0.62379			4
2024.09.23	01:44:12.861	0.62371	0.62377			6
2024.09.23	01:44:13.941		0.62378			4
2024.09.23	01:44:15.238		0.62377			4
2024.09.23	01:44:18.722		0.62378			4
2024.09.23	01:44:20.382		0.62376			4
2024.09.23	01:44:28.032	0.62369	0.62377			6
2024.09.23	01:44:29.778		0.62378			4
2024.09.23	01:44:30.921		0.62380			4
2024.09.23	01:44:34.559		0.62379			4
2024.09.23	01:44:36.023	0.62370				2
2024.09.23	01:44:45.382		0.62380			4
2024.09.23	01:44:51.017	0.62369				2
2024.09.23	01:45:00.046	0.62369				2
2024.09.23	01:45:13.661		0.62378			4
2024.09.23	01:45:13.987		0.62380			4
2024.09.23	01:45:15.381		0.62378			4
2024.09.23	01:45:21.297	0.62371				2
2024.09.23	01:45:29.004	0.62370				2
2024.09.23	01:45:36.936		0.62377			4
2024.09.23	01:45:37.813	0.62369				2
2024.09.23	01:46:00.385	0.62373	0.62379			6
2024.09.23	01:46:36.248	0.62375	0.62381			6
2024.09.23	01:46:46.284		0.62380			4
2024.09.23	01:46:47.845	0.62374	0.62381			6
2024.09.23	01:46:48.730	0.62375	0.62380			6
2024.09.23	01:46:51.176	0.62374	0.62381			6
2024.09.23	01:46:52.271	0.62375				2
2024.09.23	01:46:53.372	0.62374				2
2024.09.23	01:46:54.367	0.62375				2
2024.09.23	01:46:56.398	0.62374	0.62382			6
2024.09.23	01:46:57.410	0.62375	0.62381			6
2024.09.23	01:46:57.714	0.62374	0.62382			6
2024.09.23	01:46:58.649	0.62375	0.62381			6
2024.09.23	01:46:58.988	0.62374				2
2024.09.23	01:46:59.776	0.62375				2
2024.09.23	01:47:00.474	0.62374				2
2024.09.23	01:47:01.476	0.62375				2
2024.09.23	01:47:02.508	0.62374				2
2024.09.23	01:47:03.182	0.62375				2
2024.09.23	01:47:04.398	0.62374				2
2024.09.23	01:47:04.911	0.62375				2
2024.09.23	01:47:05.522	0.62374	0.62382			6
2024.09.23	01:47:06.199	0.62375	0.62381			6
2024.09.23	01:47:06.501	0.62373				2
2024.09.23	01:47:07.549	0.62375	0.62380			6
2024.09.23	01:47:07.977	0.62373				2
2024.09.23	01:47:08.793	0.62375				2
2024.09.23	01:47:09.198	0.62373	0.62381			6
2024.09.23	01:47:10.256	0.62375	0.62380			6
2024.09.23	01:47:12.178	0.62373	0.62381			6
2024.09.23	01:47:13.295	0.62375	0.62380			6
2024.09.23	01:47:13.639	0.62373	0.62381			6
2024.09.23	01:47:14.768	0.62375	0.62380			6
2024.09.23	01:47:15.897	0.62373	0.62382			6
2024.09.23	01:47:17.014	0.62375	0.62380			6
2024.09.23	01:47:17.520	0.62373	0.62381			6
2024.09.23	01:47:18.148	0.62374	0.62383			6
2024.09.23	01:47:18.594		0.62382			4
2024.09.23	01:47:19.281		0.62381			4
2024.09.23	01:47:19.946	0.62375				2
2024.09.23	01:47:22.658	0.62374	0.62382			6
2024.09.23	01:47:23.781	0.62375	0.62381			6
2024.09.23	01:47:24.894	0.62374				2
2024.09.23	01:47:26.043	0.62375				2
2024.09.23	01:47:30.340		0.62380			4
2024.09.23	01:47:33.927	0.62374	0.62381			6
2024.09.23	01:47:35.054	0.62375	0.62380			6
2024.09.23	01:47:35.521	0.62374	0.62381			6
2024.09.23	01:47:36.622	0.62375	0.62380			6
2024.09.23	01:47:36.983	0.62374	0.62382			6
2024.09.23	01:47:37.317		0.62381			4
2024.09.23	01:47:38.092	0.62375	0.62380			6
2024.09.23	01:47:38.435		0.62381			4
2024.09.23	01:47:38.812	0.62373	0.62382			6
2024.09.23	01:47:39.561	0.62374				2
2024.09.23	01:47:40.003	0.62375	0.62380			6
2024.09.23	01:47:40.381	0.62374	0.62382			6
2024.09.23	01:47:40.688		0.62381			4
2024.09.23	01:47:41.217		0.62382			4
2024.09.23	01:47:41.585	0.62375	0.62380			6
2024.09.23	01:47:43.064	0.62374	0.62382			6
2024.09.23	01:47:44.073	0.62375	0.62380			6
2024.09.23	01:47:46.648	0.62373	0.62381			6
2024.09.23	01:47:47.227	0.62375	0.62380			6
2024.09.23	01:47:47.706	0.62374	0.62382			6
2024.09.23	01:47:48.053	0.62376	0.62381			6
2024.09.23	01:47:49.935	0.62374	0.62382			6
2024.09.23	01:47:51.054	0.62376	0.62381			6
2024.09.23	01:47:51.484	0.62374	0.62382			6
2024.09.23	01:47:52.153	0.62373	0.62381			6
2024.09.23	01:47:52.517	0.62375	0.62380			6
2024.09.23	01:47:55.563	0.62374	0.62381			6
2024.09.23	01:47:56.697	0.62375	0.62380			6
2024.09.23	01:47:57.147	0.62373	0.62381			6
2024.09.23	01:47:58.152	0.62374				2
2024.09.23	01:47:59.395	0.62375	0.62380			6
2024.09.23	01:48:00.523	0.62373	0.62379			6
2024.09.23	01:48:01.808	0.62374				2
2024.09.23	01:48:02.889	0.62373	0.62381			6
2024.09.23	01:48:04.015	0.62375				2
2024.09.23	01:48:04.322	0.62374	0.62382			6
2024.09.23	01:48:05.011	0.62375	0.62380			6
2024.09.23	01:48:10.390	0.62374	0.62382			6
2024.09.23	01:48:12.566	0.62375	0.62381			6
2024.09.23	01:48:13.961	0.62374	0.62382			6
2024.09.23	01:48:14.952	0.62376				2
2024.09.23	01:48:18.041		0.62381			4
2024.09.23	01:48:20.635	0.62378	0.62383			6
2024.09.23	01:48:21.733	0.62377				2
2024.09.23	01:48:22.361		0.62382			4
2024.09.23	01:48:24.723	0.62376				2
2024.09.23	01:49:00.536	0.62376				2
2024.09.23	01:49:22.458		0.62382			4
2024.09.23	01:49:40.311	0.62377	0.62383			6
2024.09.23	01:50:00.049	0.62377				2
2024.09.23	01:50:03.137		0.62382			4
2024.09.23	01:51:00.273	0.62377				2
2024.09.23	01:51:03.330		0.62382			4
2024.09.23	01:52:00.737	0.62377				2
2024.09.23	01:52:03.335		0.62382			4
2024.09.23	01:52:05.592	0.62376				2
2024.09.23	01:52:40.336	0.62378	0.62384			6
2024.09.23	01:53:00.672	0.62378				2
2024.09.23	01:53:05.430	0.62381	0.62387			6
2024.09.23	01:53:09.338		0.62386			4
2024.09.23	01:53:46.023	0.62379	0.62384			6
2024.09.23	01:54:01.530	0.62380	0.62385			6
2024.09.23	01:54:43.478	0.62379				2
2024.09.23	01:54:50.441		0.62384			4
2024.09.23	01:54:55.724	0.62376	0.62381			6
2024.09.23	01:54:58.941	0.62377	0.62382			6
2024.09.23	01:55:00.269	0.62377				2
2024.09.23	01:55:05.786	0.62379	0.62384			6
2024.09.23	01:55:12.991	0.62380	0.62385			6
2024.09.23	01:56:00.599	0.62380				2
2024.09.23	01:56:13.550		0.62385			4
2024.09.23	01:56:56.478	0.62379	0.62384			6
2024.09.23	01:56:56.780	0.62378				2
2024.09.23	01:57:00.366	0.62378				2
2024.09.23	01:57:02.192	0.62377	0.62382			6
2024.09.23	01:57:09.260	0.62378	0.62383			6
2024.09.23	01:58:01.361	0.62378				2
2024.09.23	01:58:10.533		0.62383			4
2024.09.23	01:59:00.038	0.62378				2
2024.09.23	01:59:07.998	0.62376	0.62381			6
2024.09.23	01:59:20.719	0.62374	0.62379			6
2024.09.23	01:59:22.176	0.62375	0.62380			6
2024.09.23	01:59:24.469		0.62379			4
2024.09.23	01:59:28.025		0.62381			4
2024.09.23	01:59:28.352	0.62376	0.62382			6
2024.09.23	01:59:43.209	0.62375				2
2024.09.23	01:59:50.834		0.62383			4
2024.09.23	02:00:00.265	0.62375				2
2024.09.23	02:00:00.659	0.62377	0.62385			6
2024.09.23	02:00:03.215		0.62384			4
2024.09.23	02:00:15.364	0.62376	0.62382			6
2024.09.23	02:00:16.026	0.62375	0.62380			6
2024.09.23	02:00:16.328	0.62374	0.62379			6
2024.09.23	02:00:21.287	0.62372	0.62377			6
2024.09.23	02:00:30.392	0.62371	0.62376			6
2024.09.23	02:00:46.998	0.62370				2
2024.09.23	02:01:00.134	0.62371				2
2024.09.23	02:01:00.443	0.62374	0.62379			6
2024.09.23	02:01:16.072	0.62376	0.62381			6
2024.09.23	02:01:18.803	0.62374	0.62379			6
2024.09.23	02:01:24.646	0.62373	0.62377			6
2024.09.23	02:01:24.966		0.62378			4
2024.09.23	02:01:27.028		0.62377			4
2024.09.23	02:01:40.899		0.62378			4
2024.09.23	02:01:42.913		0.62377			4
2024.09.23	02:01:44.828		0.62378			4
2024.09.23	02:01:45.234		0.62377			4
2024.09.23	02:01:45.539	0.62370	0.62374			6
2024.09.23	02:01:45.949		0.62375			4
2024.09.23	02:01:48.948	0.62369				2
2024.09.23	02:01:49.255		0.62374			4
2024.09.23	02:01:51.606		0.62375			4
2024.09.23	02:01:53.322		0.62374			4
2024.09.23	02:01:57.195	0.62370				2
2024.09.23	02:01:58.304		0.62375			4
2024.09.23	02:02:00.250	0.62370				2
2024.09.23	02:02:11.176	0.62368	0.62373			6
2024.09.23	02:02:21.117	0.62367	0.62371			6
2024.09.23	02:02:23.535	0.62364	0.62369			6
2024.09.23	02:02:23.911	0.62365	0.62370			6
2024.09.23	02:02:25.808		0.62369			4
2024.09.23	02:02:26.734	0.62364				2
2024.09.23	02:02:28.654		0.62368			4
2024.09.23	02:02:31.651		0.62369			4
2024.09.23	02:02:43.237		0.62368			4
2024.09.23	02:02:49.321	0.62360	0.62364			6
2024.09.23	02:02:49.625		0.62365			4
2024.09.23	02:02:51.143	0.62359	0.62364			6
2024.09.23	02:02:59.942		0.62363			4
2024.09.23	02:03:00.586	0.62359				2
2024.09.23	02:03:01.186		0.62364			4
2024.09.23	02:03:16.612	0.62353	0.62359			6
2024.09.23	02:03:20.866		0.62358			4
2024.09.23	02:03:21.188		0.62359			4
2024.09.23	02:03:55.361	0.62351	0.62356			6
2024.09.23	02:03:55.662	0.62350	0.62355			6
2024.09.23	02:04:00.023	0.62350				2
2024.09.23	02:04:00.668	0.62349	0.62354			6
2024.09.23	02:04:16.189	0.62353	0.62358			6
2024.09.23	02:04:20.774	0.62352	0.62356			6
2024.09.23	02:04:23.105	0.62351				2
2024.09.23	02:04:28.673	0.62350	0.62355			6
2024.09.23	02:04:29.483		0.62354			4
2024.09.23	02:04:30.416	0.62349	0.62353			6
2024.09.23	02:04:30.725	0.62348				2
2024.09.23	02:04:47.679	0.62349				2
2024.09.23	02:04:48.433	0.62348				2
2024.09.23	02:04:50.422	0.62349				2
2024.09.23	02:04:55.691	0.62345	0.62351			6
2024.09.23	02:04:57.691		0.62350			4
2024.09.23	02:05:00.089	0.62345				2
2024.09.23	02:05:00.794	0.62344	0.62349			6
2024.09.23	02:06:02.074	0.62344	0.62349			6
2024.09.23	02:06:17.083		0.62348			4
2024.09.23	02:06:35.200	0.62340	0.62345			6
2024.09.23	02:06:47.290	0.62341	0.62346			6
2024.09.23	02:06:48.095	0.62343	0.62349			6
2024.09.23	02:06:59.202		0.62348			4
2024.09.23	02:07:00.287	0.62343				2
2024.09.23	02:07:01.751		0.62349			4
2024.09.23	02:07:09.221	0.62345	0.62351			6
2024.09.23	02:07:14.259	0.62346				2
2024.09.23	02:07:24.412		0.62352			4
2024.09.23	02:07:25.635	0.62349	0.62354			6
2024.09.23	02:08:00.153	0.62349	0.62355			6
2024.09.23	02:08:02.781	0.62350				2
2024.09.23	02:08:03.117	0.62351				2
2024.09.23	02:08:04.083	0.62352	0.62357			6
2024.09.23	02:08:08.218		0.62356			4
2024.09.23	02:08:08.527		0.62357			4
2024.09.23	02:08:10.665	0.62351	0.62356			6
2024.09.23	02:08:32.001	0.62350	0.62355			6
2024.09.23	02:08:47.308		0.62354			4
2024.09.23	02:08:53.367	0.62349				2
2024.09.23	02:08:56.471	0.62346	0.62351			6
2024.09.23	02:08:57.083		0.62350			4
2024.09.23	02:08:57.403		0.62351			4
2024.09.23	02:09:00.263	0.62347	0.62352			6
2024.09.23	02:09:53.394		0.62353			4
2024.09.23	02:10:01.922	0.62350	0.62356			6
2024.09.23	02:10:03.163	0.62351				2
2024.09.23	02:10:05.404	0.62349	0.62355			6
2024.09.23	02:10:07.539	0.62351	0.62356			6
2024.09.23	02:10:19.279	0.62350				2
2024.09.23	02:10:38.268	0.62347	0.62352			6
2024.09.23	02:10:50.097	0.62349	0.62355			6
2024.09.23	02:10:58.819		0.62354			4
2024.09.23	02:11:01.694	0.62349	0.62355			6
2024.09.23	02:11:04.993		0.62354			4
2024.09.23	02:11:11.261	0.62348	0.62352			6
2024.09.23	02:11:12.964	0.62347				2
2024.09.23	02:11:19.877	0.62346	0.62351			6
2024.09.23	02:11:20.199	0.62347	0.62353			6
2024.09.23	02:12:00.004	0.62347				2
2024.09.23	02:12:00.544	0.62355	0.62359			6
2024.09.23	02:12:03.684	0.62359	0.62362			6
2024.09.23	02:12:04.005	0.62360	0.62365			6
2024.09.23	02:12:08.998	0.62355	0.62360			6
2024.09.23	02:12:09.303	0.62356				2
2024.09.23	02:12:09.610	0.62357	0.62362			6
2024.09.23	02:12:19.762	0.62356	0.62360			6
2024.09.23	02:12:20.083	0.62355				2
2024.09.23	02:12:24.516	0.62356	0.62361			6
2024.09.23	02:12:29.988	0.62357				2
2024.09.23	02:12:30.305	0.62360	0.62364			6
2024.09.23	02:12:31.031		0.62365			4
2024.09.23	02:12:31.642	0.62362	0.62366			6
2024.09.23	02:12:34.887	0.62361				2
2024.09.23	02:12:52.371		0.62365			4
2024.09.23	02:12:53.529		0.62366			4
2024.09.23	02:12:54.445	0.62364	0.62369			6
2024.09.23	02:12:54.767		0.62370			4
2024.09.23	02:13:00.355	0.62364				2
2024.09.23	02:13:18.523	0.62365				2
2024.09.23	02:13:21.659	0.62364				2
2024.09.23	02:13:21.969		0.62369			4
2024.09.23	02:13:31.563		0.62370			4
2024.09.23	02:14:00.816	0.62364				2
2024.09.23	02:14:11.941	0.62369	0.62374			6
2024.09.23	02:14:14.505		0.62375			4
2024.09.23	02:14:17.898		0.62374			4
2024.09.23	02:14:20.749		0.62372			4
2024.09.23	02:14:21.067	0.62367	0.62371			6
2024.09.23	02:14:26.279	0.62368	0.62372			6
2024.09.23	02:14:30.025		0.62373			4
2024.09.23	02:14:33.764	0.62367	0.62372			6
2024.09.23	02:14:42.846		0.62371			4
2024.09.23	02:14:52.982		0.62372			4
2024.09.23	02:15:00.071	0.62367				2
2024.09.23	02:15:01.993	0.62372	0.62376			6
2024.09.23	02:15:02.633	0.62374	0.62379			6
2024.09.23	02:15:05.194	0.62369	0.62375			6
2024.09.23	02:15:05.839	0.62371	0.62377			6
2024.09.23	02:15:14.844	0.62370	0.62376			6
2024.09.23	02:15:18.629	0.62371				2
2024.09.23	02:15:20.594	0.62369	0.62374			6
2024.09.23	02:15:31.302	0.62368	0.62373			6
2024.09.23	02:15:31.903	0.62366	0.62371			6
2024.09.23	02:15:34.025	0.62369	0.62374			6
2024.09.23	02:15:51.868		0.62375			4
2024.09.23	02:16:00.444	0.62369				2
2024.09.23	02:16:09.862	0.62370				2
2024.09.23	02:16:10.171		0.62376			4
2024.09.23	02:16:11.325	0.62368	0.62372			6
2024.09.23	02:16:30.998		0.62373			4
2024.09.23	02:16:35.929	0.62372	0.62377			6
2024.09.23	02:16:36.265	0.62373	0.62378			6
2024.09.23	02:16:36.636	0.62376	0.62381			6
2024.09.23	02:16:37.800	0.62377	0.62382			6
2024.09.23	02:16:38.923	0.62376				2
2024.09.23	02:16:40.048	0.62377				2
2024.09.23	02:16:41.181	0.62376				2
2024.09.23	02:16:43.807		0.62381			4
2024.09.23	02:16:44.341	0.62374	0.62380			6
2024.09.23	02:16:46.595		0.62379			4
2024.09.23	02:16:54.981		0.62380			4
2024.09.23	02:17:00.189	0.62374				2
2024.09.23	02:17:07.971	0.62376	0.62381			6
2024.09.23	02:17:23.948	0.62379	0.62385			6
2024.09.23	02:17:25.456	0.62380				2
2024.09.23	02:17:33.197	0.62377	0.62382			6
2024.09.23	02:17:34.368		0.62381			4
2024.09.23	02:17:43.213		0.62382			4
2024.09.23	02:17:45.769	0.62379	0.62384			6
2024.09.23	02:17:52.750		0.62383			4
2024.09.23	02:17:57.160	0.62378	0.62382			6
2024.09.23	02:18:03.189	0.62378				2
2024.09.23	02:18:06.689	0.62380	0.62385			6
2024.09.23	02:18:11.437	0.62383	0.62386			6
2024.09.23	02:18:11.742		0.62387			4
2024.09.23	02:18:12.679	0.62385	0.62388			6
2024.09.23	02:18:17.243	0.62384				2
2024.09.23	02:18:42.365	0.62383	0.62387			6
2024.09.23	02:18:50.283		0.62386			4
2024.09.23	02:18:57.077	0.62381	0.62385			6
2024.09.23	02:19:00.452	0.62381				2
2024.09.23	02:19:06.735	0.62383				2
2024.09.23	02:19:07.125	0.62381				2
2024.09.23	02:19:10.158	0.62384	0.62389			6
2024.09.23	02:19:43.148	0.62382	0.62385			6
2024.09.23	02:19:44.919	0.62381				2
2024.09.23	02:19:57.412		0.62386			4
2024.09.23	02:20:00.009	0.62381				2
2024.09.23	02:20:09.684		0.62385			4
2024.09.23	02:20:18.580		0.62386			4
2024.09.23	02:20:32.402	0.62380	0.62385			6
2024.09.23	02:20:33.810	0.62381	0.62386			6
2024.09.23	02:21:00.533	0.62381				2
2024.09.23	02:21:07.357		0.62385			4
2024.09.23	02:21:42.942	0.62377	0.62381			6
2024.09.23	02:21:58.702		0.62380			4
2024.09.23	02:22:00.098	0.62377				2
2024.09.23	02:22:08.677	0.62369	0.62374			6
2024.09.23	02:22:13.887	0.62370				2
2024.09.23	02:22:14.652	0.62371				2
2024.09.23	02:22:18.893		0.62376			4
2024.09.23	02:22:25.806	0.62368	0.62372			6
2024.09.23	02:22:43.269		0.62371			4
2024.09.23	02:23:00.534	0.62368				2
2024.09.23	02:23:19.529	0.62367				2
2024.09.23	02:23:36.621	0.62362	0.62367			6
2024.09.23	02:23:37.306	0.62363				2
2024.09.23	02:23:40.603	0.62365	0.62369			6
2024.09.23	02:23:55.222	0.62366	0.62370			6
2024.09.23	02:23:59.213	0.62367				2
2024.09.23	02:24:05.209	0.62366				2
2024.09.23	02:24:05.559	0.62367				2
2024.09.23	02:24:11.040		0.62371			4
2024.09.23	02:24:18.101	0.62369	0.62374			6
2024.09.23	02:24:18.402	0.62368	0.62373			6
2024.09.23	02:24:24.009	0.62369				2
2024.09.23	02:24:26.145	0.62368				2
2024.09.23	02:24:27.450	0.62369				2
2024.09.23	02:24:29.596	0.62368				2
2024.09.23	02:24:32.127	0.62371	0.62375			6
2024.09.23	02:24:35.376	0.62368	0.62372			6
2024.09.23	02:24:37.477	0.62369				2
2024.09.23	02:24:37.928	0.62368				2
2024.09.23	02:24:53.419	0.62363	0.62367			6
2024.09.23	02:24:53.731	0.62364				2
2024.09.23	02:24:54.996	0.62363				2
2024.09.23	02:24:57.483	0.62364				2
2024.09.23	02:25:00.774	0.62363				2
2024.09.23	02:25:01.154	0.62364				2
2024.09.23	02:25:01.836		0.62368			4
2024.09.23	02:25:03.131	0.62366	0.62369			6
2024.09.23	02:25:13.059	0.62365				2
2024.09.23	02:25:17.217	0.62366				2
2024.09.23	02:25:19.198	0.62365				2
2024.09.23	02:25:24.055	0.62369	0.62372			6
2024.09.23	02:25:24.370		0.62373			4
2024.09.23	02:25:25.591	0.62370				2
2024.09.23	02:25:25.899	0.62369				2
2024.09.23	02:25:29.483	0.62371	0.62374			6
2024.09.23	02:25:30.985	0.62369				2
2024.09.23	02:25:32.435	0.62370				2
2024.09.23	02:25:34.976	0.62369	0.62373			6
2024.09.23	02:25:51.272	0.62371	0.62374			6
2024.09.23	02:25:51.607	0.62372	0.62375			6
2024.09.23	02:26:01.189	0.62370	0.62374			6
2024.09.23	02:26:05.651	0.62369	0.62373			6
2024.09.23	02:26:10.537		0.62371			4
2024.09.23	02:26:10.843	0.62368	0.62373			6
2024.09.23	02:26:11.147	0.62369				2
2024.09.23	02:26:25.763		0.62374			4
2024.09.23	02:26:27.108	0.62370				2
2024.09.23	02:26:34.615		0.62375			4
2024.09.23	02:26:51.026	0.62371				2
2024.09.23	02:26:51.342	0.62370				2
2024.09.23	02:26:53.909	0.62371				2
2024.09.23	02:26:54.427	0.62370				2
2024.09.23	02:27:00.039	0.62370				2
2024.09.23	02:27:01.186	0.62369				2
2024.09.23	02:27:08.703	0.62370	0.62374			6
2024.09.23	02:27:09.022	0.62369	0.62373			6
2024.09.23	02:27:10.269	0.62368	0.62372			6
2024.09.23	02:27:10.582		0.62371			4
2024.09.23	02:27:18.797	0.62369	0.62373			6
2024.09.23	02:27:21.871		0.62374			4
2024.09.23	02:27:57.561	0.62368				2
2024.09.23	02:28:01.019	0.62368				2
2024.09.23	02:28:08.576		0.62373			4
2024.09.23	02:28:18.796	0.62370	0.62374			6
2024.09.23	02:28:27.690	0.62371	0.62375			6
2024.09.23	02:28:28.243	0.62375	0.62379			6
2024.09.23	02:28:31.253	0.62377	0.62380			6
2024.09.23	02:28:32.136	0.62375				2
2024.09.23	02:28:44.240	0.62374	0.62379			6
2024.09.23	02:28:56.304	0.62378	0.62380			6
2024.09.23	02:29:00.693	0.62376				2
2024.09.23	02:29:02.978	0.62378				2
2024.09.23	02:29:06.189	0.62379	0.62383			6
2024.09.23	02:29:06.825	0.62378				2
2024.09.23	02:29:17.051	0.62375	0.62380			6
2024.09.23	02:29:54.324		0.62379			4
2024.09.23	02:29:55.703	0.62373	0.62377			6
2024.09.23	02:30:00.273	0.62373				2
2024.09.23	02:30:05.922	0.62374				2
2024.09.23	02:30:06.344		0.62378			4
2024.09.23	02:30:07.490	0.62373				2
2024.09.23	02:30:08.911	0.62379	0.62383			6
2024.09.23	02:30:09.874	0.62378	0.62382			6
2024.09.23	02:30:10.184		0.62381			4
2024.09.23	02:30:10.523	0.62383	0.62388			6
2024.09.23	02:30:10.844	0.62384	0.62387			6
2024.09.23	02:30:11.996	0.62383				2
2024.09.23	02:30:13.190	0.62382				2
2024.09.23	02:30:14.253	0.62384				2
2024.09.23	02:30:14.558	0.62383				2
2024.09.23	02:30:19.780		0.62388			4
2024.09.23	02:30:20.382		0.62389			4
2024.09.23	02:30:24.389	0.62385	0.62390			6
2024.09.23	02:30:24.690	0.62383	0.62389			6
2024.09.23	02:30:26.080	0.62384				2
2024.09.23	02:30:27.824	0.62382	0.62388			6
2024.09.23	02:30:30.139	0.62383				2
2024.09.23	02:30:32.396	0.62382				2
2024.09.23	02:30:34.449	0.62383				2
2024.09.23	02:30:34.753		0.62389			4
2024.09.23	02:30:51.966	0.62384				2
2024.09.23	02:30:52.680	0.62385	0.62390			6
2024.09.23	02:30:53.002	0.62386				2
2024.09.23	02:30:55.372	0.62385				2
2024.09.23	02:31:00.331	0.62385				2
2024.09.23	02:31:08.698	0.62386				2
2024.09.23	02:31:15.217	0.62385				2
2024.09.23	02:31:27.857	0.62384				2
2024.09.23	02:31:45.331	0.62382	0.62387			6
2024.09.23	02:31:52.593		0.62386			4
2024.09.23	02:31:52.900	0.62383	0.62388			6
2024.09.23	02:31:53.948	0.62382				2
2024.09.23	02:31:56.131	0.62381				2
2024.09.23	02:31:56.454	0.62382				2
2024.09.23	02:31:56.995	0.62383				2
2024.09.23	02:31:57.310	0.62382				2
2024.09.23	02:31:57.622	0.62383				2
2024.09.23	02:32:00.816	0.62383				2
2024.09.23	02:32:14.925	0.62385	0.62390			6
2024.09.23	02:32:26.138	0.62386				2
2024.09.23	02:32:52.909	0.62385				2
2024.09.23	02:33:00.169	0.62385				2
2024.09.23	02:33:15.603		0.62390			4
2024.09.23	02:33:17.559	0.62384	0.62389			6
2024.09.23	02:33:23.157	0.62385	0.62390			6
2024.09.23	02:33:28.760	0.62384				2
2024.09.23	02:33:42.733		0.62389			4
2024.09.23	02:33:49.569	0.62382	0.62387			6
2024.09.23	02:33:52.369		0.62388			4
2024.09.23	02:33:54.226		0.62387			4
2024.09.23	02:33:55.814	0.62380	0.62384			6
2024.09.23	02:33:57.194		0.62385			4
2024.09.23	02:34:00.012	0.62380				2
2024.09.23	02:34:05.086	0.62382	0.62387			6
2024.09.23	02:34:08.978		0.62388			4
2024.09.23	02:34:09.384	0.62383	0.62389			6
2024.09.23	02:34:11.718		0.62387			4
2024.09.23	02:34:12.038		0.62388			4
2024.09.23	02:34:16.366		0.62389			4
2024.09.23	02:34:20.933		0.62388			4
2024.09.23	02:34:22.658		0.62389			4
2024.09.23	02:34:22.966	0.62384	0.62390			6
2024.09.23	02:34:32.956	0.62382	0.62389			6
2024.09.23	02:34:33.283	0.62383				2
2024.09.23	02:34:35.117	0.62382	0.62387			6
2024.09.23	02:34:35.468	0.62383	0.62389			6
2024.09.23	02:34:38.474		0.62387			4
2024.09.23	02:34:38.809		0.62389			4
2024.09.23	02:34:40.988		0.62388			4
2024.09.23	02:34:43.245		0.62389			4
2024.09.23	02:34:44.962	0.62385	0.62390			6
2024.09.23	02:34:49.904	0.62386				2
2024.09.23	02:34:55.248	0.62385	0.62389			6
2024.09.23	02:34:55.689	0.62383	0.62388			6
2024.09.23	02:34:58.014	0.62384				2
2024.09.23	02:34:58.913	0.62383	0.62387			6
2024.09.23	02:34:59.242	0.62384	0.62388			6
2024.09.23	02:35:00.010	0.62383	0.62387			6
2024.09.23	02:35:00.372	0.62385	0.62389			6
2024.09.23	02:35:02.200	0.62384				2
2024.09.23	02:35:04.171	0.62385				2
2024.09.23	02:35:05.237	0.62384				2
2024.09.23	02:35:07.864	0.62385				2
2024.09.23	02:35:09.678		0.62388			4
2024.09.23	02:35:19.196	0.62384	0.62389			6
2024.09.23	02:35:20.405	0.62383	0.62387			6
2024.09.23	02:35:23.888	0.62386	0.62390			6
2024.09.23	02:35:24.944	0.62385				2
2024.09.23	02:35:33.289		0.62389			4
2024.09.23	02:35:41.651		0.62390			4
2024.09.23	02:35:47.906		0.62389			4
2024.09.23	02:36:00.471	0.62385				2
2024.09.23	02:36:05.595	0.62386				2
2024.09.23	02:36:21.385		0.62390			4
2024.09.23	02:36:24.281	0.62390	0.62395			6
2024.09.23	02:36:31.884	0.62389				2
2024.09.23	02:36:41.882	0.62390				2
2024.09.23	02:36:45.676		0.62394			4
2024.09.23	02:36:47.037	0.62387	0.62392			6
2024.09.23	02:36:49.195	0.62389	0.62393			6
2024.09.23	02:36:55.264		0.62394			4
2024.09.23	02:36:57.583	0.62391	0.62395			6
2024.09.23	02:36:57.920	0.62390				2
2024.09.23	02:36:58.404	0.62393	0.62397			6
2024.09.23	02:37:02.817	0.62392				2
2024.09.23	02:37:22.630	0.62396	0.62400			6
2024.09.23	02:37:27.543	0.62399	0.62404			6
2024.09.23	02:37:31.537	0.62401	0.62405			6
2024.09.23	02:37:40.632	0.62402	0.62406			6
2024.09.23	02:37:57.307		0.62405			4
2024.09.23	02:37:57.643		0.62406			4
2024.09.23	02:38:00.563	0.62403	0.62407			6
2024.09.23	02:38:00.867	0.62404	0.62408			6
2024.09.23	02:38:01.178	0.62403				2
2024.09.23	02:38:07.556		0.62407			4
2024.09.23	02:38:26.327	0.62404	0.62408			6
2024.09.23	02:38:29.164		0.62407			4
2024.09.23	02:38:29.871	0.62402				2
2024.09.23	02:38:36.401	0.62408	0.62409			6
2024.09.23	02:38:47.949	0.62403	0.62406			6
2024.09.23	02:39:00.171	0.62403				2
2024.09.23	02:39:05.880		0.62407			4
2024.09.23	02:39:06.575		0.62406			4
2024.09.23	02:39:18.423		0.62407			4
2024.09.23	02:39:25.648	0.62405	0.62409			6
2024.09.23	02:39:27.164	0.62406				2
2024.09.23	02:39:27.528	0.62405				2
2024.09.23	02:39:28.564		0.62408			4
2024.09.23	02:39:28.865		0.62409			4
2024.09.23	02:39:41.202	0.62404	0.62408			6
2024.09.23	02:39:53.582	0.62405	0.62409			6
2024.09.23	02:39:55.606	0.62403	0.62407			6
2024.09.23	02:39:55.923	0.62404	0.62408			6
2024.09.23	02:40:00.491	0.62404				2
2024.09.23	02:40:25.574	0.62405				2
2024.09.23	02:40:39.459	0.62401	0.62405			6
2024.09.23	02:40:44.348	0.62403				2
2024.09.23	02:40:57.567	0.62402				2
2024.09.23	02:41:01.431	0.62402				2
2024.09.23	02:41:39.665		0.62405			4
2024.09.23	02:41:49.594	0.62397	0.62402			6
2024.09.23	02:41:51.641	0.62395	0.62400			6
2024.09.23	02:42:00.203	0.62395				2
2024.09.23	02:42:04.157	0.62398	0.62402			6
2024.09.23	02:42:05.701	0.62397				2
2024.09.23	02:42:27.376		0.62400			4
2024.09.23	02:42:31.969	0.62396				2
2024.09.23	02:42:33.668	0.62397	0.62402			6
2024.09.23	02:42:35.464		0.62401			4
2024.09.23	02:42:38.542	0.62400	0.62405			6
2024.09.23	02:42:42.305	0.62399	0.62403			6
2024.09.23	02:42:53.576	0.62398				2
2024.09.23	02:42:55.287	0.62399				2
2024.09.23	02:43:00.314	0.62399				2
2024.09.23	02:43:04.942	0.62401	0.62406			6
2024.09.23	02:43:05.245		0.62405			4
2024.09.23	02:43:09.536		0.62406			4
2024.09.23	02:43:13.781	0.62400	0.62405			6
2024.09.23	02:43:14.085	0.62399	0.62403			6
2024.09.23	02:43:15.704	0.62400				2
2024.09.23	02:43:27.111	0.62399				2
2024.09.23	02:43:33.761	0.62397	0.62402			6
2024.09.23	02:43:35.812		0.62401			4
2024.09.23	02:43:36.117	0.62396				2
2024.09.23	02:43:48.581	0.62397	0.62402			6
2024.09.23	02:43:49.360		0.62403			4
2024.09.23	02:43:50.396	0.62396	0.62400			6
2024.09.23	02:43:54.978	0.62403	0.62408			6
2024.09.23	02:43:55.283	0.62405				2
2024.09.23	02:43:55.603	0.62404				2
2024.09.23	02:43:55.934	0.62405				2
2024.09.23	02:43:59.709	0.62404				2
2024.09.23	02:44:00.360	0.62404				2
2024.09.23	02:44:01.441	0.62406				2
2024.09.23	02:44:02.423		0.62409			4
2024.09.23	02:44:04.342	0.62405				2
2024.09.23	02:44:52.603	0.62404				2
2024.09.23	02:44:52.932		0.62408			4
2024.09.23	02:44:55.749	0.62403				2
2024.09.23	02:45:00.193	0.62403				2
2024.09.23	02:45:21.351		0.62407			4
2024.09.23	02:45:22.304	0.62404	0.62408			6
2024.09.23	02:45:25.300	0.62397	0.62402			6
2024.09.23	02:45:25.604		0.62401			4
2024.09.23	02:45:26.344	0.62396				2
2024.09.23	02:45:40.096	0.62394	0.62399			6
2024.09.23	02:45:50.419	0.62395				2
2024.09.23	02:46:00.588	0.62394				2
2024.09.23	02:46:10.655		0.62398			4
2024.09.23	02:46:11.514	0.62393				2
2024.09.23	02:46:13.577	0.62392	0.62396			6
2024.09.23	02:46:18.326	0.62389	0.62393			6
2024.09.23	02:46:21.282	0.62391	0.62396			6
2024.09.23	02:46:23.979	0.62394	0.62397			6
2024.09.23	02:46:34.542	0.62393				2
2024.09.23	02:46:34.866	0.62391	0.62396			6
2024.09.23	02:46:46.380	0.62392	0.62397			6
2024.09.23	02:46:46.706	0.62393				2
2024.09.23	02:46:56.145	0.62395	0.62399			6
2024.09.23	02:47:00.076	0.62395				2
2024.09.23	02:47:07.824	0.62396				2
2024.09.23	02:47:08.472	0.62395				2
2024.09.23	02:47:18.137	0.62394				2
2024.09.23	02:47:18.444	0.62393	0.62397			6
2024.09.23	02:47:18.833	0.62392				2
2024.09.23	02:47:24.267	0.62393	0.62398			6
2024.09.23	02:47:26.721	0.62392	0.62397			6
2024.09.23	02:47:30.218	0.62393	0.62398			6
2024.09.23	02:47:35.124		0.62397			4
2024.09.23	02:47:36.277		0.62398			4
2024.09.23	02:48:00.185	0.62393				2
2024.09.23	02:48:01.774		0.62397			4
2024.09.23	02:48:03.206	0.62394				2
2024.09.23	02:48:10.008		0.62398			4
2024.09.23	02:48:14.281	0.62395	0.62400			6
2024.09.23	02:48:20.249	0.62394	0.62398			6
2024.09.23	02:48:24.408	0.62393	0.62397			6
2024.09.23	02:48:48.247	0.62391	0.62396			6
2024.09.23	02:48:48.570	0.62393	0.62397			6
2024.09.23	02:49:00.733	0.62393				2
2024.09.23	02:49:04.937	0.62391	0.62396			6
2024.09.23	02:49:18.649	0.62392				2
2024.09.23	02:49:19.977		0.62397			4
2024.09.23	02:49:28.727	0.62393				2
2024.09.23	02:49:34.130	0.62391	0.62396			6
2024.09.23	02:50:00.435	0.62391				2
2024.09.23	02:50:10.098	0.62390	0.62393			6
2024.09.23	02:50:17.898	0.62392	0.62396			6
2024.09.23	02:50:19.956	0.62390	0.62393			6
2024.09.23	02:50:32.922		0.62392			4
2024.09.23	02:50:33.536	0.62392	0.62395			6
2024.09.23	02:50:34.809		0.62396			4
2024.09.23	02:50:42.817		0.62394			4
2024.09.23	02:50:43.123	0.62389	0.62393			6
2024.09.23	02:50:51.762	0.62387	0.62390			6
2024.09.23	02:51:00.467	0.62387	0.62391			6
2024.09.23	02:51:09.146	0.62388	0.62392			6
2024.09.23	02:51:28.278	0.62387				2
2024.09.23	02:51:29.433		0.62391			4
2024.09.23	02:51:41.457	0.62390	0.62392			6
2024.09.23	02:51:41.763	0.62391	0.62393			6
2024.09.23	02:51:42.883	0.62392	0.62394			6
2024.09.23	02:51:43.182		0.62395			4
2024.09.23	02:51:46.373		0.62396			4
2024.09.23	02:51:49.115	0.62393				2
2024.09.23	02:51:50.043	0.62392				2
2024.09.23	02:51:54.606	0.62391				2
2024.09.23	02:52:00.240	0.62391				2
2024.09.23	02:52:02.501	0.62394	0.62397			6
2024.09.23	02:52:05.059	0.62396	0.62400			6
2024.09.23	02:52:12.120		0.62401			4
2024.09.23	02:52:15.362	0.62397				2
2024.09.23	02:52:16.477	0.62396				2
2024.09.23	02:52:21.508	0.62397	0.62402			6
2024.09.23	02:52:31.966		0.62401			4
2024.09.23	02:52:32.269		0.62402			4
2024.09.23	02:52:35.021		0.62401			4
2024.09.23	02:52:42.095	0.62396				2
2024.09.23	02:52:49.562	0.62397				2
2024.09.23	02:52:50.962		0.62400			4
2024.09.23	02:52:55.581		0.62401			4
2024.09.23	02:53:00.273	0.62397				2
2024.09.23	02:53:06.781	0.62396				2
2024.09.23	02:53:08.472		0.62400			4
2024.09.23	02:53:09.920	0.62393	0.62397			6
2024.09.23	02:53:10.608	0.62394				2
2024.09.23	02:53:11.545	0.62393				2
2024.09.23	02:53:11.849	0.62394				2
2024.09.23	02:53:12.680	0.62393				2
2024.09.23	02:53:14.050	0.62394				2
2024.09.23	02:53:15.029	0.62393				2
2024.09.23	02:53:16.069	0.62395	0.62398			6
2024.09.23	02:53:24.617	0.62393				2
2024.09.23	02:53:30.703	0.62389	0.62393			6
2024.09.23	02:53:35.514	0.62391	0.62394			6
2024.09.23	02:53:40.728	0.62389	0.62392			6
2024.09.23	02:53:42.618	0.62388				2
2024.09.23	02:53:50.392	0.62389				2
2024.09.23	02:53:54.249	0.62391	0.62395			6
2024.09.23	02:54:00.256	0.62391				2
2024.09.23	02:54:20.543	0.62389	0.62393			6
2024.09.23	02:54:20.848	0.62387	0.62391			6
2024.09.23	02:54:29.916	0.62386				2
2024.09.23	02:54:35.675	0.62382	0.62387			6
2024.09.23	02:54:36.654	0.62383				2
2024.09.23	02:54:40.738	0.62381	0.62386			6
2024.09.23	02:54:55.787	0.62378	0.62383			6
2024.09.23	02:55:00.710	0.62376	0.62381			6
2024.09.23	02:55:08.067	0.62375				2
2024.09.23	02:55:08.384	0.62376				2
2024.09.23	02:55:10.593	0.62377	0.62382			6
2024.09.23	02:55:15.759	0.62376	0.62381			6
2024.09.23	02:55:16.712		0.62382			4
2024.09.23	02:55:17.052		0.62381			4
2024.09.23	02:55:17.383		0.62382			4
2024.09.23	02:55:30.733	0.62375	0.62379			6
2024.09.23	02:55:31.367	0.62374				2
2024.09.23	02:55:45.697	0.62376	0.62381			6
2024.09.23	02:55:49.393	0.62374	0.62378			6
2024.09.23	02:55:50.633	0.62373				2
2024.09.23	02:55:51.000	0.62374				2
2024.09.23	02:56:00.128	0.62374				2
2024.09.23	02:56:00.901	0.62373				2
2024.09.23	02:56:10.532	0.62372	0.62376			6
2024.09.23	02:56:15.146	0.62369	0.62374			6
2024.09.23	02:56:20.739	0.62368	0.62372			6
2024.09.23	02:56:22.864		0.62371			4
2024.09.23	02:56:30.540		0.62372			4
2024.09.23	02:56:49.740	0.62369				2
2024.09.23	02:56:52.640	0.62368				2
2024.09.23	02:56:53.838	0.62371	0.62374			6
2024.09.23	02:56:58.333	0.62369	0.62373			6
2024.09.23	02:57:00.008	0.62369				2
2024.09.23	02:57:00.723	0.62368	0.62371			6
2024.09.23	02:57:01.182	0.62365	0.62369			6
2024.09.23	02:57:01.504		0.62368			4
2024.09.23	02:57:02.007		0.62367			4
2024.09.23	02:57:04.208	0.62362				2
2024.09.23	02:57:04.842	0.62363				2
2024.09.23	02:57:05.807	0.62361	0.62366			6
2024.09.23	02:57:08.995	0.62358	0.62363			6
2024.09.23	02:57:10.469	0.62356	0.62360			6
2024.09.23	02:57:11.120	0.62351	0.62356			6
2024.09.23	02:57:11.733	0.62353				2
2024.09.23	02:57:12.167		0.62357			4
2024.09.23	02:57:14.336	0.62352				2
2024.09.23	02:57:25.554	0.62351	0.62356			6
2024.09.23	02:57:26.606	0.62350	0.62354			6
2024.09.23	02:57:39.408	0.62351	0.62355			6
2024.09.23	02:57:39.801	0.62352	0.62357			6
2024.09.23	02:57:40.461	0.62353				2
2024.09.23	02:57:42.262	0.62355				2
2024.09.23	02:57:45.457		0.62358			4
2024.09.23	02:57:50.611	0.62354				2
2024.09.23	02:57:57.763	0.62355				2
2024.09.23	02:58:00.428	0.62355				2
2024.09.23	02:58:08.359	0.62354				2
2024.09.23	02:58:08.870	0.62350	0.62354			6
2024.09.23	02:58:09.454	0.62349	0.62353			6
2024.09.23	02:58:14.244	0.62350	0.62354			6
2024.09.23	02:58:28.943	0.62349				2
2024.09.23	02:58:30.393	0.62354	0.62359			6
2024.09.23	02:58:42.402	0.62356				2
2024.09.23	02:58:42.741	0.62357	0.62362			6
2024.09.23	02:58:44.248	0.62354	0.62359			6
2024.09.23	02:58:52.758		0.62358			4
2024.09.23	02:58:54.412		0.62359			4
2024.09.23	02:59:00.593	0.62354				2
2024.09.23	02:59:09.261	0.62356	0.62360			6
2024.09.23	02:59:09.588	0.62357	0.62361			6
2024.09.23	02:59:12.426		0.62362			4
2024.09.23	02:59:15.406	0.62359	0.62363			6
2024.09.23	02:59:17.296	0.62355	0.62360			6
2024.09.23	02:59:18.331	0.62357	0.62362			6
2024.09.23	02:59:18.657	0.62358				2
2024.09.23	02:59:21.401	0.62357	0.62361			6
2024.09.23	02:59:24.143	0.62358	0.62362			6
2024.09.23	02:59:24.608	0.62359	0.62363			6
2024.09.23	02:59:33.401	0.62360				2
2024.09.23	02:59:35.615		0.62365			4
2024.09.23	02:59:35.916	0.62362	0.62367			6
2024.09.23	02:59:39.370		0.62366			4
2024.09.23	02:59:39.691		0.62367			4
2024.09.23	02:59:40.819	0.62361	0.62365			6
2024.09.23	02:59:42.107		0.62364			4
2024.09.23	02:59:42.414	0.62360	0.62365			6
2024.09.23	02:59:43.088		0.62364			4
2024.09.23	02:59:43.805		0.62365			4
2024.09.23	02:59:45.087		0.62364			4
2024.09.23	02:59:49.876	0.62359	0.62363			6
2024.09.23	02:59:50.768		0.62362			4
2024.09.23	02:59:51.125		0.62363			4
2024.09.23	02:59:54.268		0.62362			4
2024.09.23	02:59:55.746	0.62354	0.62359			6
2024.09.23	02:59:56.051		0.62358			4
2024.09.23	02:59:59.110	0.62353				2
2024.09.23	02:59:59.979		0.62357			4
2024.09.23	03:00:00.317	0.62352	0.62354			6
2024.09.23	03:00:00.626	0.62346	0.62349			6
2024.09.23	03:00:00.944	0.62347	0.62351			6
2024.09.23	03:00:01.284	0.62348	0.62350			6
2024.09.23	03:00:01.635	0.62347				2
2024.09.23	03:00:02.977		0.62351			4
2024.09.23	03:00:03.359	0.62348	0.62352			6
2024.09.23	03:00:03.850	0.62349	0.62353			6
2024.09.23	03:00:05.107	0.62346	0.62349			6
2024.09.23	03:00:05.456	0.62345				2
2024.09.23	03:00:09.111	0.62346				2
2024.09.23	03:00:10.203	0.62345				2
2024.09.23	03:00:11.567	0.62346				2
2024.09.23	03:00:12.362	0.62351	0.62357			6
2024.09.23	03:00:12.663	0.62352				2
2024.09.23	03:00:13.315		0.62356			4
2024.09.23	03:00:13.651		0.62355			4
2024.09.23	03:00:13.956		0.62356			4
2024.09.23	03:00:14.691	0.62349	0.62354			6
2024.09.23	03:00:15.082		0.62353			4
2024.09.23	03:00:16.264		0.62354			4
2024.09.23	03:00:16.580		0.62352			4
2024.09.23	03:00:17.671		0.62353			4
2024.09.23	03:00:20.482	0.62348	0.62352			6
2024.09.23	03:00:20.799	0.62347				2
2024.09.23	03:00:21.128	0.62349	0.62354			6
2024.09.23	03:00:26.023	0.62350				2
2024.09.23	03:00:27.237	0.62349	0.62353			6
2024.09.23	03:00:30.091	0.62351				2
2024.09.23	03:00:30.409	0.62352	0.62355			6
2024.09.23	03:00:30.722		0.62357			4
2024.09.23	03:00:32.774		0.62356			4
2024.09.23	03:00:33.092		0.62357			4
2024.09.23	03:00:33.498	0.62356	0.62359			6
2024.09.23	03:00:36.095	0.62359	0.62363			6
2024.09.23	03:00:40.764	0.62357	0.62361			6
2024.09.23	03:00:42.538	0.62358	0.62363			6
2024.09.23	03:00:45.106	0.62359	0.62362			6
2024.09.23	03:00:48.509	0.62357	0.62361			6
2024.09.23	03:00:51.128		0.62362			4
2024.09.23	03:00:51.438	0.62358				2
2024.09.23	03:00:51.822	0.62357				2
2024.09.23	03:00:52.199		0.62361			4
2024.09.23	03:00:52.812	0.62358				2
2024.09.23	03:00:53.141	0.62357				2
2024.09.23	03:00:57.137	0.62358				2
2024.09.23	03:00:57.448	0.62357				2
2024.09.23	03:00:58.281	0.62358				2
2024.09.23	03:00:58.977	0.62357				2
2024.09.23	03:00:59.926		0.62360			4
2024.09.23	03:01:00.238	0.62357				2
2024.09.23	03:01:00.544		0.62361			4
2024.09.23	03:01:01.078	0.62354	0.62357			6
2024.09.23	03:01:02.221		0.62358			4
2024.09.23	03:01:03.103	0.62355				2
2024.09.23	03:01:09.322		0.62359			4
2024.09.23	03:01:09.626		0.62360			4
2024.09.23	03:01:10.354		0.62359			4
2024.09.23	03:01:12.013		0.62360			4
2024.09.23	03:01:14.901	0.62356	0.62361			6
2024.09.23	03:01:15.902		0.62360			4
2024.09.23	03:01:16.575	0.62357	0.62361			6
2024.09.23	03:01:18.112		0.62362			4
2024.09.23	03:01:18.423	0.62359	0.62363			6
2024.09.23	03:01:19.170	0.62358				2
2024.09.23	03:01:20.234	0.62359				2
2024.09.23	03:01:21.164	0.62358	0.62362			6
2024.09.23	03:01:21.607	0.62359	0.62364			6
2024.09.23	03:01:24.100		0.62363			4
2024.09.23	03:01:33.945	0.62360				2
2024.09.23	03:01:39.113	0.62367	0.62372			6
2024.09.23	03:01:39.742	0.62368	0.62373			6
2024.09.23	03:01:40.745	0.62364	0.62369			6
2024.09.23	03:01:41.062	0.62363	0.62368			6
2024.09.23	03:01:41.471		0.62367			4
2024.09.23	03:01:41.783	0.62362				2
2024.09.23	03:01:42.104	0.62363	0.62368			6
2024.09.23	03:01:43.898		0.62367			4
2024.09.23	03:01:44.615	0.62361				2
2024.09.23	03:01:45.834		0.62366			4
2024.09.23	03:01:48.944	0.62359	0.62363			6
2024.09.23	03:01:50.742	0.62357	0.62361			6
2024.09.23	03:01:56.463	0.62358				2
2024.09.23	03:01:56.784	0.62357				2
2024.09.23	03:02:00.392	0.62357				2
2024.09.23	03:02:02.403	0.62358				2
2024.09.23	03:02:04.454	0.62357				2
2024.09.23	03:02:04.843	0.62358				2
2024.09.23	03:02:05.147	0.62357				2
2024.09.23	03:02:05.501	0.62358				2
2024.09.23	03:02:05.804	0.62357				2
2024.09.23	03:02:07.278	0.62355	0.62359			6
2024.09.23	03:02:07.816	0.62354				2
2024.09.23	03:02:14.770	0.62356	0.62361			6
2024.09.23	03:02:16.535	0.62355				2
2024.09.23	03:02:16.901	0.62356				2
2024.09.23	03:02:17.206	0.62355				2
2024.09.23	03:02:17.558	0.62357	0.62362			6
2024.09.23	03:02:20.691	0.62358	0.62363			6
2024.09.23	03:02:23.398		0.62362			4
2024.09.23	03:02:25.472	0.62357				2
2024.09.23	03:02:26.806	0.62358	0.62363			6
2024.09.23	03:02:29.658	0.62360				2
2024.09.23	03:02:32.528	0.62359				2
2024.09.23	03:02:39.610	0.62361				2
2024.09.23	03:02:39.911	0.62359				2
2024.09.23	03:02:40.272	0.62361	0.62365			6
2024.09.23	03:02:42.113	0.62362				2
2024.09.23	03:02:42.821	0.62364	0.62368			6
2024.09.23	03:02:47.878	0.62365				2
2024.09.23	03:02:51.420	0.62366	0.62370			6
2024.09.23	03:02:52.124	0.62364	0.62369			6
2024.09.23	03:02:57.622		0.62368			4
2024.09.23	03:02:59.070	0.62365				2
2024.09.23	03:03:01.600	0.62364				2
2024.09.23	03:03:02.656	0.62366	0.62370			6
2024.09.23	03:03:05.188	0.62365	0.62369			6
2024.09.23	03:03:06.515	0.62364				2
2024.09.23	03:03:07.578		0.62368			4
2024.09.23	03:03:09.114	0.62363				2
2024.09.23	03:03:10.118	0.62364				2
2024.09.23	03:03:18.664	0.62366	0.62370			6
2024.09.23	03:03:21.963	0.62367				2
2024.09.23	03:03:26.454		0.62371			4
2024.09.23	03:03:26.783	0.62368				2
2024.09.23	03:03:27.826	0.62367				2
2024.09.23	03:03:28.188	0.62368				2
2024.09.23	03:03:28.575	0.62367				2
2024.09.23	03:03:29.748	0.62368				2
2024.09.23	03:03:30.145	0.62369				2
2024.09.23	03:03:30.876	0.62367				2
2024.09.23	03:03:35.637	0.62369	0.62372			6
2024.09.23	03:03:37.808	0.62368				2
2024.09.23	03:03:39.158	0.62367	0.62371			6
2024.09.23	03:03:42.719	0.62368	0.62372			6
2024.09.23	03:03:43.022	0.62367				2
2024.09.23	03:03:43.325	0.62368				2
2024.09.23	03:03:46.036	0.62367				2
2024.09.23	03:03:47.945	0.62368				2
2024.09.23	03:03:48.979	0.62367				2
2024.09.23	03:03:49.573	0.62368				2
2024.09.23	03:03:49.883	0.62371	0.62375			6
2024.09.23	03:03:50.522	0.62372				2
2024.09.23	03:03:50.844	0.62373	0.62377			6
2024.09.23	03:03:51.163		0.62376			4
2024.09.23	03:03:51.474	0.62372				2
2024.09.23	03:03:53.461		0.62375			4
2024.09.23	03:03:53.847	0.62370	0.62374			6
2024.09.23	03:03:54.165	0.62368	0.62373			6
2024.09.23	03:03:54.512	0.62369				2
2024.09.23	03:03:55.293	0.62367	0.62372			6
2024.09.23	03:03:58.301	0.62369	0.62373			6
2024.09.23	03:03:58.634	0.62368				2
2024.09.23	03:03:58.945		0.62372			4
2024.09.23	03:04:00.351	0.62368				2
2024.09.23	03:04:00.736	0.62367				2
2024.09.23	03:04:01.921	0.62365	0.62368			6
2024.09.23	03:04:02.223	0.62363	0.62367			6
2024.09.23	03:04:02.532	0.62362	0.62366			6
2024.09.23	03:04:04.437	0.62364	0.62367			6
2024.09.23	03:04:05.122	0.62363				2
2024.09.23	03:04:08.526	0.62364				2
2024.09.23	03:04:08.959	0.62363				2
2024.09.23	03:04:14.990	0.62364	0.62368			6
2024.09.23	03:04:15.923	0.62365				2
2024.09.23	03:04:17.182		0.62369			4
2024.09.23	03:04:17.788	0.62368	0.62371			6
2024.09.23	03:04:19.275	0.62367				2
2024.09.23	03:04:30.298	0.62368				2
2024.09.23	03:04:31.400	0.62367				2
2024.09.23	03:04:32.093	0.62368				2
2024.09.23	03:04:32.865		0.62372			4
2024.09.23	03:04:33.190	0.62369				2
2024.09.23	03:04:33.504	0.62368				2
2024.09.23	03:04:34.280		0.62371			4
2024.09.23	03:04:41.079		0.62372			4
2024.09.23	03:04:41.383		0.62371			4
2024.09.23	03:04:43.162	0.62367				2
2024.09.23	03:04:43.528	0.62362	0.62367			6
2024.09.23	03:04:43.841	0.62359	0.62362			6
2024.09.23	03:04:44.142		0.62363			4
2024.09.23	03:04:44.761		0.62362			4
2024.09.23	03:04:46.094	0.62357	0.62361			6
2024.09.23	03:04:47.378		0.62359			4
2024.09.23	03:04:47.827		0.62361			4
2024.09.23	03:04:49.436		0.62359			4
2024.09.23	03:04:49.749		0.62361			4
2024.09.23	03:04:50.050		0.62360			4
2024.09.23	03:04:50.757		0.62361			4
2024.09.23	03:04:51.153		0.62362			4
2024.09.23	03:04:51.522		0.62361			4
2024.09.23	03:04:54.346		0.62362			4
2024.09.23	03:04:54.668	0.62358				2
2024.09.23	03:04:54.975	0.62357				2
2024.09.23	03:04:55.432		0.62361			4
2024.09.23	03:04:55.904	0.62358	0.62362			6
2024.09.23	03:04:56.252		0.62361			4
2024.09.23	03:04:56.597		0.62362			4
2024.09.23	03:04:56.904		0.62361			4
2024.09.23	03:04:57.866	0.62357	0.62363			6
2024.09.23	03:04:58.177		0.62362			4
2024.09.23	03:05:00.405	0.62358	0.62363			6
2024.09.23	03:05:00.729	0.62357	0.62362			6
2024.09.23	03:05:01.676		0.62361			4
2024.09.23	03:05:01.978		0.62362			4
2024.09.23	03:05:03.721	0.62355	0.62359			6
2024.09.23	03:05:04.770	0.62354	0.62358			6
2024.09.23	03:05:05.084	0.62353	0.62357			6
2024.09.23	03:05:05.387		0.62358			4
2024.09.23	03:05:12.772	0.62349	0.62353			6
2024.09.23	03:05:13.899		0.62354			4
2024.09.23	03:05:14.343	0.62350				2
2024.09.23	03:05:16.156	0.62349	0.62353			6
2024.09.23	03:05:17.649	0.62350				2
2024.09.23	03:05:18.059		0.62354			4
2024.09.23	03:05:20.729		0.62353			4
2024.09.23	03:05:21.823		0.62354			4
2024.09.23	03:05:22.123		0.62353			4
2024.09.23	03:05:22.783	0.62349	0.62352			6
2024.09.23	03:05:23.099	0.62348				2
2024.09.23	03:05:23.440	0.62349				2
2024.09.23	03:05:25.787		0.62353			4
2024.09.23	03:05:26.149	0.62348				2
2024.09.23	03:05:29.633		0.62352			4
2024.09.23	03:05:30.695	0.62344	0.62348			6
2024.09.23	03:05:31.997	0.62343	0.62347			6
2024.09.23	03:05:32.510		0.62348			4
2024.09.23	03:05:33.825	0.62342	0.62347			6
2024.09.23	03:05:34.173		0.62346			4
2024.09.23	03:05:35.908		0.62347			4
2024.09.23	03:05:36.750		0.62346			4
2024.09.23	03:05:37.081		0.62347			4
2024.09.23	03:05:38.208		0.62348			4
2024.09.23	03:05:38.514		0.62347			4
2024.09.23	03:05:39.332		0.62348			4
2024.09.23	03:05:39.657		0.62347			4
2024.09.23	03:05:39.974	0.62344	0.62348			6
2024.09.23	03:05:40.295	0.62343	0.62347			6
2024.09.23	03:05:40.674		0.62348			4
2024.09.23	03:05:41.140	0.62342	0.62347			6
2024.09.23	03:05:41.800	0.62343	0.62348			6
2024.09.23	03:05:42.150	0.62342	0.62347			6
2024.09.23	03:05:43.728	0.62343	0.62348			6
2024.09.23	03:05:44.042	0.62344				2
2024.09.23	03:05:47.599	0.62343	0.62347			6
2024.09.23	03:05:48.013		0.62348			4
2024.09.23	03:05:48.368		0.62347			4
2024.09.23	03:05:48.797	0.62344	0.62348			6
2024.09.23	03:05:49.376		0.62347			4
2024.09.23	03:05:50.227		0.62348			4
2024.09.23	03:05:50.530	0.62343	0.62347			6
2024.09.23	03:05:53.491	0.62342	0.62346			6
2024.09.23	03:05:53.949		0.62347			4
2024.09.23	03:05:54.936		0.62346			4
2024.09.23	03:05:55.655		0.62347			4
2024.09.23	03:05:56.802		0.62346			4
2024.09.23	03:05:58.163	0.62343				2
2024.09.23	03:05:58.714	0.62342				2
2024.09.23	03:05:59.512	0.62343				2
2024.09.23	03:06:00.495	0.62342				2
2024.09.23	03:06:01.796		0.62347			4
2024.09.23	03:06:03.134	0.62341	0.62346			6
2024.09.23	03:06:03.475	0.62342				2
2024.09.23	03:06:11.848	0.62341				2
2024.09.23	03:06:16.656	0.62342				2
2024.09.23	03:06:18.658	0.62339	0.62344			6
2024.09.23	03:06:20.912		0.62343			4
2024.09.23	03:06:21.224		0.62344			4
2024.09.23	03:06:21.630		0.62343			4
2024.09.23	03:06:23.555		0.62344			4
2024.09.23	03:06:25.305		0.62343			4
2024.09.23	03:06:28.699		0.62344			4
2024.09.23	03:06:30.127		0.62343			4
2024.09.23	03:06:34.358	0.62344	0.62348			6
2024.09.23	03:06:35.454	0.62343	0.62347			6
2024.09.23	03:06:35.769		0.62348			4
2024.09.23	03:06:36.532	0.62347	0.62350			6
2024.09.23	03:06:43.225	0.62348				2
2024.09.23	03:06:43.537		0.62351			4
2024.09.23	03:06:43.987		0.62352			4
2024.09.23	03:06:46.669		0.62351			4
2024.09.23	03:06:47.147	0.62347				2
2024.09.23	03:06:49.886	0.62344	0.62349			6
2024.09.23	03:06:50.190		0.62348			4
2024.09.23	03:06:51.154	0.62345	0.62349			6
2024.09.23	03:06:57.560	0.62344	0.62348			6
2024.09.23	03:06:58.940		0.62349			4
2024.09.23	03:06:59.939	0.62345				2
2024.09.23	03:07:00.243	0.62344	0.62348			6
2024.09.23	03:07:01.033	0.62343	0.62347			6
2024.09.23	03:07:01.357	0.62344	0.62348			6
2024.09.23	03:07:02.113	0.62343	0.62347			6
2024.09.23	03:07:04.083		0.62348			4
2024.09.23	03:07:06.108		0.62347			4
2024.09.23	03:07:06.440		0.62348			4
2024.09.23	03:07:07.475		0.62347			4
2024.09.23	03:07:08.517		0.62346			4
2024.09.23	03:07:08.939		0.62348			4
2024.09.23	03:07:09.310		0.62346			4
2024.09.23	03:07:09.628		0.62348			4
2024.09.23	03:07:10.643		0.62346			4
2024.09.23	03:07:12.320	0.62342				2
2024.09.23	03:07:12.638		0.62348			4
2024.09.23	03:07:14.707		0.62346			4
2024.09.23	03:07:19.392		0.62347			4
2024.09.23	03:07:20.835		0.62345			4
2024.09.23	03:07:23.096		0.62347			4
2024.09.23	03:07:25.871		0.62346			4
2024.09.23	03:07:26.288		0.62347			4
2024.09.23	03:07:27.409		0.62346			4
2024.09.23	03:07:28.374	0.62344	0.62348			6
2024.09.23	03:07:28.677	0.62343				2
2024.09.23	03:07:28.984		0.62349			4
2024.09.23	03:07:29.392		0.62348			4
2024.09.23	03:07:30.228		0.62349			4
2024.09.23	03:07:30.613		0.62348			4
2024.09.23	03:07:31.394	0.62345	0.62350			6
2024.09.23	03:07:31.794		0.62349			4
2024.09.23	03:07:32.343		0.62350			4
2024.09.23	03:07:32.655	0.62346	0.62349			6
2024.09.23	03:07:33.812		0.62350			4
2024.09.23	03:07:34.342		0.62349			4
2024.09.23	03:07:35.233		0.62350			4
2024.09.23	03:07:36.776	0.62347				2
2024.09.23	03:07:45.439		0.62351			4
2024.09.23	03:07:49.144	0.62346	0.62350			6
2024.09.23	03:07:55.980		0.62349			4
2024.09.23	03:07:56.316		0.62350			4
2024.09.23	03:08:00.542	0.62346				2
2024.09.23	03:08:01.333	0.62342	0.62346			6
2024.09.23	03:08:04.374		0.62347			4
2024.09.23	03:08:05.419	0.62343				2
2024.09.23	03:08:07.635	0.62347	0.62350			6
2024.09.23	03:08:07.990	0.62346				2
2024.09.23	03:08:08.575	0.62342	0.62346			6
2024.09.23	03:08:10.658	0.62343	0.62347			6
2024.09.23	03:08:11.499	0.62346	0.62348			6
2024.09.23	03:08:11.812	0.62347	0.62349			6
2024.09.23	03:08:12.114		0.62350			4
2024.09.23	03:08:13.706	0.62348				2
2024.09.23	03:08:14.101		0.62351			4
2024.09.23	03:08:14.404		0.62350			4
2024.09.23	03:08:14.705		0.62351			4
2024.09.23	03:08:15.367		0.62349			4
2024.09.23	03:08:15.694	0.62347	0.62350			6
2024.09.23	03:08:18.311	0.62348				2
2024.09.23	03:08:18.769		0.62351			4
2024.09.23	03:08:21.314	0.62346				2
2024.09.23	03:08:27.304		0.62350			4
2024.09.23	03:08:27.962		0.62351			4
2024.09.23	03:08:30.265		0.62350			4
2024.09.23	03:08:30.603		0.62351			4
2024.09.23	03:08:32.728		0.62350			4
2024.09.23	03:08:33.035		0.62351			4
2024.09.23	03:08:34.596	0.62344	0.62349			6
2024.09.23	03:08:34.955	0.62343				2
2024.09.23	03:08:35.697		0.62348			4
2024.09.23	03:08:38.196	0.62345	0.62349			6
2024.09.23	03:08:39.351		0.62348			4
2024.09.23	03:08:39.854	0.62343	0.62346			6
2024.09.23	03:08:40.847		0.62348			4
2024.09.23	03:08:41.791		0.62344			4
2024.09.23	03:08:42.136		0.62345			4
2024.09.23	03:08:42.906		0.62346			4
2024.09.23	03:08:43.208		0.62345			4
2024.09.23	03:08:43.992	0.62341				2
2024.09.23	03:08:44.924	0.62342				2
2024.09.23	03:08:49.358		0.62347			4
2024.09.23	03:08:53.131	0.62343	0.62348			6
2024.09.23	03:08:53.443		0.62347			4
2024.09.23	03:08:54.345		0.62348			4
2024.09.23	03:08:55.254		0.62347			4
2024.09.23	03:08:55.593		0.62348			4
2024.09.23	03:08:56.041		0.62347			4
2024.09.23	03:08:57.369	0.62342				2
2024.09.23	03:08:57.686		0.62348			4
2024.09.23	03:08:58.001	0.62343	0.62347			6
2024.09.23	03:08:58.344	0.62342	0.62348			6
2024.09.23	03:09:00.311	0.62342				2
2024.09.23	03:09:02.390	0.62343				2
2024.09.23	03:09:04.051	0.62342				2
2024.09.23	03:09:04.938		0.62347			4
2024.09.23	03:09:05.790		0.62348			4
2024.09.23	03:09:07.903		0.62347			4
2024.09.23	03:09:08.206		0.62348			4
2024.09.23	03:09:08.508		0.62347			4
2024.09.23	03:09:08.914		0.62348			4
2024.09.23	03:09:09.214		0.62347			4
2024.09.23	03:09:09.518		0.62348			4
2024.09.23	03:09:10.045		0.62347			4
2024.09.23	03:09:10.347		0.62348			4
2024.09.23	03:09:12.972	0.62343				2
2024.09.23	03:09:18.217	0.62342	0.62346			6
2024.09.23	03:09:22.252		0.62348			4
2024.09.23	03:09:22.600		0.62347			4
2024.09.23	03:09:25.153		0.62348			4
2024.09.23	03:09:25.519		0.62347			4
2024.09.23	03:09:32.842		0.62346			4
2024.09.23	03:09:33.144		0.62347			4
2024.09.23	03:09:34.859		0.62346			4
2024.09.23	03:09:35.461	0.62343	0.62347			6
2024.09.23	03:09:35.787	0.62342	0.62346			6
2024.09.23	03:09:36.105		0.62345			4
2024.09.23	03:09:37.901	0.62339	0.62343			6
2024.09.23	03:09:40.011	0.62340				2
2024.09.23	03:09:45.180		0.62344			4
2024.09.23	03:09:45.489	0.62342	0.62346			6
2024.09.23	03:09:49.783		0.62343			4
2024.09.23	03:09:50.083		0.62347			4
2024.09.23	03:09:53.830	0.62343				2
2024.09.23	03:09:55.768	0.62342	0.62346			6
2024.09.23	03:09:58.164		0.62345			4
2024.09.23	03:09:58.625		0.62346			4
2024.09.23	03:09:59.172		0.62345			4
2024.09.23	03:10:01.185	0.62342	0.62346			6
2024.09.23	03:10:01.579	0.62339	0.62342			6
2024.09.23	03:10:02.328	0.62338				2
2024.09.23	03:10:05.800		0.62341			4
2024.09.23	03:10:10.610	0.62340	0.62343			6
2024.09.23	03:10:10.916	0.62342	0.62345			6
2024.09.23	03:10:11.225	0.62343	0.62346			6
2024.09.23	03:10:11.553		0.62345			4
2024.09.23	03:10:12.171		0.62346			4
2024.09.23	03:10:12.824		0.62345			4
2024.09.23	03:10:13.396		0.62346			4
2024.09.23	03:10:14.351	0.62344				2
2024.09.23	03:10:15.508	0.62343				2
2024.09.23	03:10:16.494	0.62340	0.62343			6
2024.09.23	03:10:19.256		0.62342			4
2024.09.23	03:10:19.688	0.62339				2
2024.09.23	03:10:20.004		0.62341			4
2024.09.23	03:10:21.185		0.62342			4
2024.09.23	03:10:27.443		0.62341			4
2024.09.23	03:10:40.477	0.62328	0.62333			6
2024.09.23	03:10:40.783	0.62327	0.62332			6
2024.09.23	03:10:41.422		0.62331			4
2024.09.23	03:10:42.374		0.62332			4
2024.09.23	03:10:43.270		0.62331			4
2024.09.23	03:10:43.694	0.62326	0.62330			6
2024.09.23	03:10:44.737	0.62327	0.62331			6
2024.09.23	03:10:46.446		0.62330			4
2024.09.23	03:10:49.009	0.62329	0.62332			6
2024.09.23	03:10:49.381	0.62328	0.62331			6
2024.09.23	03:10:49.735		0.62332			4
2024.09.23	03:10:54.375	0.62329	0.62333			6
2024.09.23	03:10:57.940	0.62328				2
2024.09.23	03:10:58.322	0.62329				2
2024.09.23	03:11:00.306	0.62330				2
2024.09.23	03:11:00.617	0.62333	0.62334			6
2024.09.23	03:11:01.709	0.62332	0.62336			6
2024.09.23	03:11:02.012	0.62333				2
2024.09.23	03:11:02.317	0.62334				2
2024.09.23	03:11:02.646	0.62333				2
2024.09.23	03:11:03.750		0.62337			4
2024.09.23	03:11:04.652		0.62335			4
2024.09.23	03:11:05.656		0.62337			4
2024.09.23	03:11:07.143		0.62335			4
2024.09.23	03:11:07.488	0.62336	0.62337			6
2024.09.23	03:11:07.802	0.62337	0.62338			6
2024.09.23	03:11:08.457	0.62338	0.62340			6
2024.09.23	03:11:08.863		0.62339			4
2024.09.23	03:11:09.173		0.62340			4
2024.09.23	03:11:09.738	0.62339	0.62342			6
2024.09.23	03:11:10.445		0.62341			4
2024.09.23	03:11:11.703		0.62342			4
2024.09.23	03:11:12.627		0.62341			4
2024.09.23	03:11:12.975		0.62342			4
2024.09.23	03:11:13.316		0.62341			4
2024.09.23	03:11:13.671		0.62342			4
2024.09.23	03:11:18.605		0.62340			4
2024.09.23	03:11:19.571	0.62338	0.62341			6
2024.09.23	03:11:19.873		0.62340			4
2024.09.23	03:11:20.232		0.62341			4
2024.09.23	03:11:20.589		0.62340			4
2024.09.23	03:11:21.148		0.62341			4
2024.09.23	03:11:21.526		0.62340			4
2024.09.23	03:11:22.012		0.62341			4
2024.09.23	03:11:23.431		0.62342			4
2024.09.23	03:11:23.875		0.62341			4
2024.09.23	03:11:24.447		0.62342			4
2024.09.23	03:11:24.747	0.62339	0.62341			6
2024.09.23	03:11:25.056		0.62342			4
2024.09.23	03:11:26.622	0.62340				2
2024.09.23	03:11:26.952		0.62343			4
2024.09.23	03:11:27.711		0.62342			4
2024.09.23	03:11:28.096		0.62343			4
2024.09.23	03:11:30.371	0.62341				2
2024.09.23	03:11:30.721	0.62340				2
2024.09.23	03:11:32.764	0.62341				2
2024.09.23	03:11:37.916	0.62340	0.62342			6
2024.09.23	03:11:38.311		0.62343			4
2024.09.23	03:11:39.082	0.62339	0.62342			6
2024.09.23	03:11:39.412		0.62341			4
2024.09.23	03:11:39.713		0.62342			4
2024.09.23	03:11:44.519		0.62343			4
2024.09.23	03:11:44.996		0.62342			4
2024.09.23	03:11:45.301		0.62343			4
2024.09.23	03:11:45.606		0.62342			4
2024.09.23	03:11:46.019		0.62343			4
2024.09.23	03:11:46.366		0.62342			4
2024.09.23	03:11:46.721		0.62343			4
2024.09.23	03:11:48.607	0.62341				2
2024.09.23	03:11:55.442	0.62342	0.62344			6
2024.09.23	03:11:56.159		0.62343			4
2024.09.23	03:11:56.963		0.62344			4
2024.09.23	03:11:57.900	0.62341				2
2024.09.23	03:11:58.225	0.62340	0.62343			6
2024.09.23	03:12:00.460	0.62339	0.62340			6
2024.09.23	03:12:00.766	0.62338	0.62339			6
2024.09.23	03:12:12.702	0.62340	0.62341			6
2024.09.23	03:12:16.463	0.62341	0.62342			6
2024.09.23	03:12:17.216	0.62340	0.62341			6
2024.09.23	03:12:18.197	0.62343	0.62344			6
2024.09.23	03:12:18.509	0.62345	0.62346			6
2024.09.23	03:12:18.809	0.62347	0.62348			6
2024.09.23	03:12:19.125	0.62345	0.62346			6
2024.09.23	03:12:19.467	0.62346	0.62347			6
2024.09.23	03:12:19.769	0.62345	0.62346			6
2024.09.23	03:12:20.133	0.62343	0.62345			6
2024.09.23	03:12:20.761		0.62344			4
2024.09.23	03:12:21.156	0.62340	0.62342			6
2024.09.23	03:12:21.465		0.62341			4
2024.09.23	03:12:22.974	0.62342	0.62343			6
2024.09.23	03:12:23.276	0.62341	0.62342			6
2024.09.23	03:12:23.583	0.62340	0.62341			6
2024.09.23	03:12:23.893	0.62339				2
2024.09.23	03:12:24.195	0.62341	0.62342			6
2024.09.23	03:12:25.208		0.62343			4
2024.09.23	03:12:25.853	0.62339	0.62341			6
2024.09.23	03:12:32.243	0.62340				2
2024.09.23	03:12:34.539		0.62342			4
2024.09.23	03:12:36.328	0.62339	0.62341			6
2024.09.23	03:12:36.721	0.62340	0.62342			6
2024.09.23	03:12:37.437	0.62339	0.62341			6
2024.09.23	03:12:39.228	0.62338	0.62340			6
2024.09.23	03:12:39.566	0.62337	0.62339			6
2024.09.23	03:12:40.196	0.62338				2
2024.09.23	03:12:43.039	0.62335	0.62336			6
2024.09.23	03:12:45.176	0.62332	0.62335			6
2024.09.23	03:12:45.706		0.62336			4
2024.09.23	03:12:46.013	0.62334				2
2024.09.23	03:12:46.324	0.62333				2
2024.09.23	03:12:49.960		0.62335			4
2024.09.23	03:12:50.274		0.62336			4
2024.09.23	03:12:52.011		0.62335			4
2024.09.23	03:12:56.925	0.62334				2
2024.09.23	03:12:57.330	0.62333	0.62336			6
2024.09.23	03:12:57.635	0.62334				2
2024.09.23	03:13:00.793	0.62334				2
2024.09.23	03:13:01.189	0.62333	0.62335			6
2024.09.23	03:13:01.601	0.62334	0.62336			6
2024.09.23	03:13:02.572	0.62336	0.62337			6
2024.09.23	03:13:02.957	0.62335	0.62336			6
2024.09.23	03:13:04.097	0.62336	0.62337			6
2024.09.23	03:13:11.828	0.62335				2
2024.09.23	03:13:12.175	0.62336				2
2024.09.23	03:13:13.164	0.62335	0.62336			6
2024.09.23	03:13:14.291	0.62336	0.62337			6
2024.09.23	03:13:21.720	0.62337	0.62338			6
2024.09.23	03:13:25.494	0.62336	0.62337			6
2024.09.23	03:13:29.612	0.62337	0.62338			6
2024.09.23	03:13:32.734	0.62338	0.62339			6
2024.09.23	03:13:33.043	0.62342	0.62343			6
2024.09.23	03:13:35.808	0.62343	0.62344			6
2024.09.23	03:13:36.124	0.62344	0.62345			6
2024.09.23	03:13:37.338	0.62343				2
2024.09.23	03:13:39.219	0.62342	0.62344			6
2024.09.23	03:13:43.621	0.62343	0.62345			6
2024.09.23	03:13:44.134		0.62344			4
2024.09.23	03:13:44.700	0.62342				2
2024.09.23	03:13:45.355	0.62343				2
2024.09.23	03:13:45.679	0.62346	0.62347			6
2024.09.23	03:13:47.612	0.62347	0.62348			6
2024.09.23	03:13:47.933	0.62346				2
2024.09.23	03:13:48.659	0.62347	0.62349			6
2024.09.23	03:13:51.568	0.62346				2
2024.09.23	03:14:00.411	0.62346				2
2024.09.23	03:14:02.429	0.62348				2
2024.09.23	03:14:04.319	0.62350	0.62351			6
2024.09.23	03:14:05.508	0.62348	0.62349			6
2024.09.23	03:14:05.810	0.62346	0.62348			6
2024.09.23	03:14:06.126		0.62349			4
2024.09.23	03:14:07.099	0.62344	0.62346			6
2024.09.23	03:14:12.421	0.62343				2
