<DATE>	<TIME>	<BID>	<ASK>	<LAST>	<VOLUME>	<FLAGS>
2024.08.13	00:00:00.318	0.60115	0.60291			6
2024.08.13	00:00:30.097	0.60120				2
2024.08.13	00:00:30.822	0.60123				2
2024.08.13	00:00:40.709	0.60124	0.60279			6
2024.08.13	00:00:47.659		0.60251			4
2024.08.13	00:01:00.405	0.60124	0.60249			6
2024.08.13	00:01:05.684	0.60129	0.60246			6
2024.08.13	00:01:06.123		0.60241			4
2024.08.13	00:01:09.014	0.60126				2
2024.08.13	00:01:17.416	0.60125				2
2024.08.13	00:01:18.985	0.60129				2
2024.08.13	00:01:21.093	0.60125				2
2024.08.13	00:02:06.216	0.60125	0.60241			6
2024.08.13	00:03:06.221	0.60125	0.60241			6
2024.08.13	00:04:01.172	0.60125				2
2024.08.13	00:04:16.217		0.60241			4
2024.08.13	00:05:00.612	0.60125				2
2024.08.13	00:05:01.368	0.60145				2
2024.08.13	00:05:03.652	0.60138				2
2024.08.13	00:05:05.104	0.60143				2
2024.08.13	00:05:07.098	0.60144				2
2024.08.13	00:05:13.099	0.60146				2
2024.08.13	00:05:15.099	0.60149				2
2024.08.13	00:05:17.098	0.60150	0.60241			6
2024.08.13	00:05:59.101	0.60151				2
2024.08.13	00:06:00.047	0.60151	0.60234			6
2024.08.13	00:06:01.934		0.60233			4
2024.08.13	00:07:22.660	0.60151	0.60233			6
2024.08.13	00:08:30.465	0.60151	0.60232			6
2024.08.13	00:08:30.934	0.60148				2
2024.08.13	00:08:33.645		0.60231			4
2024.08.13	00:08:47.588	0.60161				2
2024.08.13	00:09:02.831	0.60154				2
2024.08.13	00:09:06.046		0.60232			4
2024.08.13	00:09:43.031	0.60164				2
2024.08.13	00:09:54.629	0.60163	0.60231			6
2024.08.13	00:10:00.110	0.60162	0.60232			6
2024.08.13	00:10:02.577		0.60231			4
2024.08.13	00:10:06.110		0.60232			4
2024.08.13	00:10:09.164		0.60231			4
2024.08.13	00:10:10.915	0.60152	0.60232			6
2024.08.13	00:10:13.548	0.60153				2
2024.08.13	00:10:17.066	0.60154	0.60233			6
2024.08.13	00:10:27.650	0.60155				2
2024.08.13	00:10:40.522	0.60150				2
2024.08.13	00:10:41.082	0.60151				2
2024.08.13	00:10:41.600	0.60159				2
2024.08.13	00:10:57.264		0.60232			4
2024.08.13	00:11:00.492	0.60159				2
2024.08.13	00:11:03.029		0.60233			4
2024.08.13	00:11:11.122	0.60163				2
2024.08.13	00:11:15.382	0.60153				2
2024.08.13	00:11:41.527	0.60155				2
2024.08.13	00:11:50.602	0.60159	0.60234			6
2024.08.13	00:12:00.532	0.60159				2
2024.08.13	00:12:03.276		0.60233			4
2024.08.13	00:12:06.346	0.60162				2
2024.08.13	00:12:10.983	0.60157	0.60232			6
2024.08.13	00:12:13.248		0.60233			4
2024.08.13	00:12:25.384	0.60153				2
2024.08.13	00:12:27.528	0.60155				2
2024.08.13	00:12:37.670	0.60159	0.60232			6
2024.08.13	00:12:39.398	0.60161				2
2024.08.13	00:12:49.219	0.60151				2
2024.08.13	00:12:49.611	0.60150	0.60233			6
2024.08.13	00:12:50.416	0.60155				2
2024.08.13	00:12:52.084	0.60152				2
2024.08.13	00:13:00.344	0.60152				2
2024.08.13	00:13:00.866	0.60159	0.60232			6
2024.08.13	00:13:11.067	0.60162				2
2024.08.13	00:13:12.922	0.60153				2
2024.08.13	00:13:22.668	0.60154				2
2024.08.13	00:13:31.801		0.60234			4
2024.08.13	00:14:00.859	0.60164				2
2024.08.13	00:14:09.364	0.60161				2
2024.08.13	00:14:34.350		0.60234			4
2024.08.13	00:14:53.485	0.60156	0.60236			6
2024.08.13	00:14:53.912	0.60162				2
2024.08.13	00:14:57.150		0.60234			4
2024.08.13	00:15:00.442	0.60157				2
2024.08.13	00:15:00.743		0.60236			4
2024.08.13	00:15:02.287	0.60161	0.60237			6
2024.08.13	00:15:03.273		0.60236			4
2024.08.13	00:15:08.125	0.60164				2
2024.08.13	00:15:10.548		0.60235			4
2024.08.13	00:15:39.218	0.60158				2
2024.08.13	00:15:43.356	0.60160	0.60236			6
2024.08.13	00:15:43.711	0.60158				2
2024.08.13	00:15:44.500		0.60237			4
2024.08.13	00:15:46.362	0.60167				2
2024.08.13	00:15:53.161	0.60163	0.60235			6
2024.08.13	00:15:53.509		0.60236			4
2024.08.13	00:15:54.338	0.60159				2
2024.08.13	00:15:55.518	0.60155				2
2024.08.13	00:16:00.422	0.60163				2
2024.08.13	00:16:02.395		0.60237			4
2024.08.13	00:16:03.946	0.60160	0.60236			6
2024.08.13	00:16:04.711		0.60235			4
2024.08.13	00:16:07.663	0.60165	0.60237			6
2024.08.13	00:16:11.153	0.60163	0.60235			6
2024.08.13	00:16:21.109	0.60162				2
2024.08.13	00:16:37.105		0.60236			4
2024.08.13	00:16:43.841		0.60234			4
2024.08.13	00:16:50.519	0.60158				2
2024.08.13	00:16:54.384	0.60162				2
2024.08.13	00:17:01.569	0.60162				2
2024.08.13	00:17:40.503		0.60235			4
2024.08.13	00:17:52.416	0.60158				2
2024.08.13	00:17:52.873	0.60164	0.60234			6
2024.08.13	00:17:59.156		0.60235			4
2024.08.13	00:18:00.671	0.60164				2
2024.08.13	00:18:19.685	0.60166				2
2024.08.13	00:18:54.513	0.60165				2
2024.08.13	00:19:00.947	0.60165	0.60234			6
2024.08.13	00:19:07.801	0.60156	0.60225			6
2024.08.13	00:19:09.299	0.60157				2
2024.08.13	00:19:12.476	0.60156				2
2024.08.13	00:19:41.146	0.60155				2
2024.08.13	00:20:01.576	0.60155				2
2024.08.13	00:20:04.979	0.60156				2
2024.08.13	00:20:09.295		0.60225			4
2024.08.13	00:20:09.863	0.60155				2
2024.08.13	00:20:18.072	0.60165	0.60230			6
2024.08.13	00:20:21.152	0.60163				2
2024.08.13	00:20:33.824	0.60164	0.60225			6
2024.08.13	00:20:34.202	0.60174	0.60232			6
2024.08.13	00:20:35.198		0.60233			4
2024.08.13	00:20:49.483	0.60163	0.60227			6
2024.08.13	00:20:49.901	0.60179	0.60232			6
2024.08.13	00:20:52.496	0.60177				2
2024.08.13	00:21:00.367	0.60177				2
2024.08.13	00:21:03.956	0.60168	0.60230			6
2024.08.13	00:21:04.300	0.60167				2
2024.08.13	00:21:07.626		0.60229			4
2024.08.13	00:21:09.390	0.60165				2
2024.08.13	00:21:35.162		0.60228			4
2024.08.13	00:21:39.727	0.60161	0.60227			6
2024.08.13	00:21:40.821		0.60228			4
2024.08.13	00:22:00.657	0.60161				2
2024.08.13	00:22:20.148		0.60227			4
2024.08.13	00:22:39.880	0.60160	0.60228			6
2024.08.13	00:23:01.644	0.60160				2
2024.08.13	00:23:39.885	0.60159	0.60228			6
2024.08.13	00:23:59.674	0.60160	0.60229			6
2024.08.13	00:24:01.721	0.60160				2
2024.08.13	00:24:18.999	0.60159	0.60227			6
2024.08.13	00:24:19.376	0.60158	0.60225			6
2024.08.13	00:24:22.080		0.60226			4
2024.08.13	00:24:24.480	0.60159				2
2024.08.13	00:24:24.794	0.60160	0.60225			6
2024.08.13	00:24:25.614		0.60226			4
2024.08.13	00:24:29.154		0.60227			4
2024.08.13	00:24:33.334		0.60226			4
2024.08.13	00:24:43.550		0.60227			4
2024.08.13	00:24:46.274	0.60161				2
2024.08.13	00:24:54.092	0.60160	0.60226			6
2024.08.13	00:25:01.039	0.60160				2
2024.08.13	00:25:03.288	0.60162	0.60227			6
2024.08.13	00:25:07.098		0.60228			4
2024.08.13	00:25:19.545	0.60161				2
2024.08.13	00:25:24.977	0.60160	0.60227			6
2024.08.13	00:25:25.654	0.60161	0.60228			6
2024.08.13	00:25:33.304		0.60227			4
2024.08.13	00:25:34.581	0.60160	0.60226			6
2024.08.13	00:25:44.444	0.60161	0.60227			6
2024.08.13	00:25:55.520		0.60226			4
2024.08.13	00:26:01.756	0.60161				2
2024.08.13	00:26:56.221		0.60227			4
2024.08.13	00:27:00.887	0.60161				2
2024.08.13	00:27:11.451		0.60228			4
2024.08.13	00:27:21.262	0.60160	0.60227			6
2024.08.13	00:27:36.355		0.60228			4
2024.08.13	00:28:01.151	0.60160				2
2024.08.13	00:28:45.283		0.60228			4
2024.08.13	00:29:00.861	0.60160				2
2024.08.13	00:29:04.296	0.60159				2
2024.08.13	00:29:05.682	0.60160				2
2024.08.13	00:29:27.652		0.60229			4
2024.08.13	00:29:39.519		0.60228			4
2024.08.13	00:30:00.381	0.60164	0.60229			6
2024.08.13	00:30:00.941	0.60165				2
2024.08.13	00:30:11.278	0.60159	0.60226			6
2024.08.13	00:30:11.662	0.60160				2
2024.08.13	00:30:13.190	0.60164	0.60227			6
2024.08.13	00:30:13.561	0.60160	0.60226			6
2024.08.13	00:30:15.576	0.60164	0.60227			6
2024.08.13	00:30:16.845		0.60228			4
2024.08.13	00:30:17.218		0.60229			4
2024.08.13	00:30:19.594	0.60167				2
2024.08.13	00:30:20.669	0.60162				2
2024.08.13	00:30:20.977	0.60161				2
2024.08.13	00:30:21.282	0.60163	0.60230			6
2024.08.13	00:30:21.744	0.60168				2
2024.08.13	00:30:25.008		0.60231			4
2024.08.13	00:30:28.596	0.60166	0.60229			6
2024.08.13	00:30:29.101	0.60168	0.60230			6
2024.08.13	00:30:35.565	0.60171				2
2024.08.13	00:30:36.624	0.60170	0.60231			6
2024.08.13	00:30:37.343	0.60172				2
2024.08.13	00:30:38.134	0.60173	0.60230			6
2024.08.13	00:30:38.457	0.60169	0.60231			6
2024.08.13	00:30:38.772	0.60171				2
2024.08.13	00:30:39.136		0.60230			4
2024.08.13	00:30:39.634		0.60231			4
2024.08.13	00:30:40.026	0.60172	0.60230			6
2024.08.13	00:30:40.405		0.60231			4
2024.08.13	00:30:41.077	0.60171	0.60230			6
2024.08.13	00:30:41.385	0.60173				2
2024.08.13	00:30:43.507		0.60231			4
2024.08.13	00:30:44.114	0.60171				2
2024.08.13	00:30:44.507	0.60173	0.60232			6
2024.08.13	00:30:45.115		0.60231			4
2024.08.13	00:30:45.580	0.60172	0.60230			6
2024.08.13	00:30:45.927	0.60173	0.60231			6
2024.08.13	00:30:48.833	0.60176				2
2024.08.13	00:30:49.177	0.60174				2
2024.08.13	00:30:49.831	0.60173				2
2024.08.13	00:30:50.218		0.60230			4
2024.08.13	00:30:50.523	0.60172				2
2024.08.13	00:30:50.960	0.60173	0.60231			6
2024.08.13	00:30:51.302		0.60230			4
2024.08.13	00:30:52.101		0.60231			4
2024.08.13	00:30:52.490	0.60172	0.60229			6
2024.08.13	00:30:52.843	0.60175				2
2024.08.13	00:31:00.722	0.60173	0.60233			6
2024.08.13	00:31:01.301	0.60169	0.60231			6
2024.08.13	00:31:01.650	0.60172	0.60230			6
2024.08.13	00:31:02.080	0.60176	0.60231			6
2024.08.13	00:31:03.750	0.60174				2
2024.08.13	00:31:04.276		0.60232			4
2024.08.13	00:31:04.908	0.60173				2
2024.08.13	00:31:05.335	0.60174	0.60231			6
2024.08.13	00:31:05.635	0.60175	0.60232			6
2024.08.13	00:31:06.337	0.60173	0.60231			6
2024.08.13	00:31:11.384	0.60175				2
2024.08.13	00:31:14.909		0.60229			4
2024.08.13	00:31:15.214	0.60172				2
2024.08.13	00:31:15.523	0.60175	0.60230			6
2024.08.13	00:31:16.259	0.60174	0.60231			6
2024.08.13	00:31:22.793		0.60230			4
2024.08.13	00:31:26.828		0.60231			4
2024.08.13	00:31:27.140	0.60175	0.60230			6
2024.08.13	00:31:32.928		0.60231			4
2024.08.13	00:31:38.014		0.60230			4
2024.08.13	00:31:41.215		0.60229			4
2024.08.13	00:31:44.240	0.60174	0.60230			6
2024.08.13	00:31:51.839	0.60175	0.60229			6
2024.08.13	00:32:00.890	0.60175				2
2024.08.13	00:32:01.964		0.60228			4
2024.08.13	00:32:07.213		0.60229			4
2024.08.13	00:32:08.631		0.60228			4
2024.08.13	00:32:11.019		0.60229			4
2024.08.13	00:32:18.056		0.60228			4
2024.08.13	00:32:22.288	0.60176	0.60230			6
2024.08.13	00:32:32.149		0.60229			4
2024.08.13	00:32:32.631		0.60228			4
2024.08.13	00:32:33.367	0.60177				2
2024.08.13	00:32:34.591	0.60176				2
2024.08.13	00:32:38.139	0.60177				2
2024.08.13	00:32:38.597		0.60229			4
2024.08.13	00:32:39.074		0.60228			4
2024.08.13	00:32:56.141	0.60176	0.60227			6
2024.08.13	00:32:56.522	0.60174				2
2024.08.13	00:32:56.824	0.60177	0.60228			6
2024.08.13	00:33:01.207	0.60177				2
2024.08.13	00:33:04.448	0.60176				2
2024.08.13	00:33:04.842		0.60227			4
2024.08.13	00:33:05.308		0.60228			4
2024.08.13	00:33:10.134		0.60227			4
2024.08.13	00:33:15.208		0.60226			4
2024.08.13	00:33:21.967	0.60173	0.60225			6
2024.08.13	00:33:22.282		0.60226			4
2024.08.13	00:33:26.540	0.60175				2
2024.08.13	00:33:29.633		0.60227			4
2024.08.13	00:33:42.370	0.60176	0.60226			6
2024.08.13	00:33:42.768	0.60175	0.60227			6
2024.08.13	00:33:43.943	0.60176				2
2024.08.13	00:33:44.281	0.60177				2
2024.08.13	00:34:01.846	0.60174				2
2024.08.13	00:34:02.431	0.60177				2
2024.08.13	00:34:12.110	0.60176				2
2024.08.13	00:34:12.749	0.60177				2
2024.08.13	00:34:13.171	0.60175	0.60226			6
2024.08.13	00:34:13.679	0.60176				2
2024.08.13	00:34:14.494		0.60227			4
2024.08.13	00:34:15.515	0.60177	0.60228			6
2024.08.13	00:34:21.017	0.60178				2
2024.08.13	00:34:21.598	0.60177	0.60227			6
2024.08.13	00:34:21.918		0.60228			4
2024.08.13	00:34:23.371	0.60176				2
2024.08.13	00:34:24.222	0.60178	0.60229			6
2024.08.13	00:34:24.625		0.60228			4
2024.08.13	00:34:25.446		0.60227			4
2024.08.13	00:34:25.753	0.60176	0.60228			6
2024.08.13	00:34:26.061	0.60179	0.60229			6
2024.08.13	00:34:26.444	0.60178				2
2024.08.13	00:34:26.815		0.60228			4
2024.08.13	00:34:30.806	0.60176				2
2024.08.13	00:35:02.032	0.60176				2
2024.08.13	00:35:12.027	0.60177	0.60229			6
2024.08.13	00:35:12.423	0.60176	0.60228			6
2024.08.13	00:35:12.807		0.60229			4
2024.08.13	00:35:15.697		0.60230			4
2024.08.13	00:35:29.110		0.60229			4
2024.08.13	00:35:43.339		0.60230			4
2024.08.13	00:36:00.361	0.60176				2
2024.08.13	00:36:16.877	0.60177				2
2024.08.13	00:36:17.384	0.60176				2
2024.08.13	00:36:29.149	0.60177	0.60229			6
2024.08.13	00:36:29.485	0.60175				2
2024.08.13	00:36:30.384	0.60174	0.60228			6
2024.08.13	00:36:30.725	0.60173	0.60226			6
2024.08.13	00:36:31.112	0.60175	0.60227			6
2024.08.13	00:36:35.151		0.60228			4
2024.08.13	00:36:35.483	0.60176				2
2024.08.13	00:36:37.137		0.60229			4
2024.08.13	00:36:44.909		0.60228			4
2024.08.13	00:36:50.146		0.60229			4
2024.08.13	00:36:51.073	0.60175	0.60228			6
2024.08.13	00:36:56.286	0.60176	0.60229			6
2024.08.13	00:37:02.061	0.60176				2
2024.08.13	00:37:06.855	0.60175				2
2024.08.13	00:37:09.273		0.60227			4
2024.08.13	00:37:11.337	0.60174				2
2024.08.13	00:37:16.150		0.60229			4
2024.08.13	00:37:24.976		0.60228			4
2024.08.13	00:37:28.320		0.60229			4
2024.08.13	00:37:36.237		0.60228			4
2024.08.13	00:37:58.340	0.60173	0.60227			6
2024.08.13	00:38:00.362	0.60173				2
2024.08.13	00:38:10.745		0.60228			4
2024.08.13	00:38:16.486	0.60174				2
2024.08.13	00:38:19.248		0.60229			4
2024.08.13	00:38:37.421	0.60173				2
2024.08.13	00:38:49.367		0.60230			4
2024.08.13	00:39:00.226	0.60173				2
2024.08.13	00:39:01.972		0.60229			4
2024.08.13	00:39:13.247		0.60228			4
2024.08.13	00:39:16.172		0.60229			4
2024.08.13	00:39:36.307	0.60172	0.60227			6
2024.08.13	00:39:36.807		0.60228			4
2024.08.13	00:39:37.189		0.60227			4
2024.08.13	00:39:37.551		0.60228			4
2024.08.13	00:39:37.881	0.60171				2
2024.08.13	00:39:38.267		0.60227			4
2024.08.13	00:39:52.309		0.60226			4
2024.08.13	00:39:52.653	0.60170				2
2024.08.13	00:39:53.265		0.60227			4
2024.08.13	00:39:53.907		0.60226			4
2024.08.13	00:40:01.195	0.60170				2
2024.08.13	00:40:06.504	0.60171	0.60227			6
2024.08.13	00:40:07.018	0.60169	0.60226			6
2024.08.13	00:40:08.437	0.60170	0.60227			6
2024.08.13	00:40:20.607		0.60226			4
2024.08.13	00:40:21.751	0.60169				2
2024.08.13	00:40:27.637	0.60168	0.60225			6
2024.08.13	00:40:28.906	0.60169				2
2024.08.13	00:40:35.155		0.60226			4
2024.08.13	00:40:41.170	0.60167	0.60224			6
2024.08.13	00:40:41.706		0.60223			4
2024.08.13	00:40:43.680		0.60224			4
2024.08.13	00:40:56.145	0.60168	0.60221			6
2024.08.13	00:40:58.386	0.60167	0.60222			6
2024.08.13	00:40:58.772		0.60224			4
2024.08.13	00:41:01.170	0.60167				2
2024.08.13	00:41:05.648	0.60166	0.60223			6
2024.08.13	00:41:07.378	0.60165	0.60221			6
2024.08.13	00:41:08.308		0.60222			4
2024.08.13	00:41:10.883		0.60219			4
2024.08.13	00:41:11.341		0.60221			4
2024.08.13	00:41:14.438		0.60220			4
2024.08.13	00:41:20.999	0.60164	0.60219			6
2024.08.13	00:41:22.512		0.60218			4
2024.08.13	00:41:26.150	0.60165				2
2024.08.13	00:41:27.962		0.60217			4
2024.08.13	00:41:29.075	0.60164				2
2024.08.13	00:41:31.936		0.60216			4
2024.08.13	00:41:34.366		0.60217			4
2024.08.13	00:41:38.411	0.60163				2
2024.08.13	00:41:44.221		0.60215			4
2024.08.13	00:41:45.732	0.60162	0.60216			6
2024.08.13	00:41:46.186	0.60163				2
2024.08.13	00:41:52.609	0.60162				2
2024.08.13	00:41:56.958	0.60160	0.60212			6
2024.08.13	00:41:57.611		0.60213			4
2024.08.13	00:42:01.126	0.60158				2
2024.08.13	00:42:02.237	0.60157	0.60210			6
2024.08.13	00:42:06.093		0.60211			4
2024.08.13	00:42:16.882	0.60158	0.60212			6
2024.08.13	00:42:17.925	0.60159				2
2024.08.13	00:42:22.480	0.60158	0.60213			6
2024.08.13	00:42:23.087		0.60212			4
2024.08.13	00:42:26.749	0.60159				2
2024.08.13	00:42:27.337		0.60213			4
2024.08.13	00:42:29.062		0.60212			4
2024.08.13	00:42:34.616	0.60158				2
2024.08.13	00:42:47.509		0.60211			4
2024.08.13	00:42:49.384	0.60155	0.60204			6
2024.08.13	00:42:49.684	0.60157	0.60208			6
2024.08.13	00:42:50.755	0.60156				2
2024.08.13	00:42:55.583		0.60207			4
2024.08.13	00:42:55.898		0.60208			4
2024.08.13	00:42:56.397		0.60209			4
2024.08.13	00:42:59.308	0.60157	0.60207			6
2024.08.13	00:43:00.314	0.60157	0.60209			6
2024.08.13	00:43:00.744	0.60156				2
2024.08.13	00:43:02.694	0.60155	0.60208			6
2024.08.13	00:43:07.641	0.60156				2
2024.08.13	00:43:18.737		0.60209			4
2024.08.13	00:43:19.044	0.60154	0.60207			6
2024.08.13	00:43:19.577	0.60155				2
2024.08.13	00:43:36.887		0.60206			4
2024.08.13	00:43:52.375	0.60154				2
2024.08.13	00:43:54.031		0.60205			4
2024.08.13	00:44:00.386	0.60153				2
2024.08.13	00:44:07.867		0.60204			4
2024.08.13	00:44:08.279	0.60154				2
2024.08.13	00:44:13.023		0.60206			4
2024.08.13	00:44:13.484		0.60205			4
2024.08.13	00:44:14.478	0.60155	0.60206			6
2024.08.13	00:44:15.222	0.60154				2
2024.08.13	00:44:19.167	0.60155				2
2024.08.13	00:44:26.672		0.60207			4
2024.08.13	00:44:30.222		0.60206			4
2024.08.13	00:44:37.702		0.60207			4
2024.08.13	00:44:40.614	0.60151	0.60191			6
2024.08.13	00:44:53.336	0.60152				2
2024.08.13	00:44:54.960	0.60151				2
2024.08.13	00:45:00.716	0.60150				2
2024.08.13	00:45:06.581	0.60161	0.60178			6
2024.08.13	00:45:09.008	0.60164				2
2024.08.13	00:45:10.274	0.60165				2
2024.08.13	00:45:13.800	0.60166	0.60193			6
2024.08.13	00:45:18.017	0.60167				2
2024.08.13	00:45:21.265	0.60166	0.60192			6
2024.08.13	00:45:24.582		0.60193			4
2024.08.13	00:45:28.350		0.60192			4
2024.08.13	00:45:35.884	0.60167	0.60191			6
2024.08.13	00:45:37.491	0.60166				2
2024.08.13	00:45:42.076	0.60167	0.60192			6
2024.08.13	00:45:42.436	0.60168				2
2024.08.13	00:45:42.910		0.60193			4
2024.08.13	00:45:43.214	0.60169				2
2024.08.13	00:45:44.266	0.60168				2
2024.08.13	00:45:46.058	0.60169	0.60194			6
2024.08.13	00:45:49.050		0.60193			4
2024.08.13	00:45:49.456		0.60194			4
2024.08.13	00:45:50.815	0.60170				2
2024.08.13	00:46:00.351	0.60169				2
2024.08.13	00:46:04.284	0.60170				2
2024.08.13	00:46:04.807		0.60193			4
2024.08.13	00:46:06.032	0.60168	0.60192			6
2024.08.13	00:46:06.601		0.60191			4
2024.08.13	00:46:07.576	0.60167				2
2024.08.13	00:46:09.987	0.60166				2
2024.08.13	00:46:13.482	0.60167	0.60190			6
2024.08.13	00:46:14.954	0.60166				2
2024.08.13	00:46:16.482	0.60167				2
2024.08.13	00:46:17.909		0.60191			4
2024.08.13	00:46:19.319	0.60166	0.60190			6
2024.08.13	00:46:19.793		0.60191			4
2024.08.13	00:46:23.114		0.60190			4
2024.08.13	00:46:26.709	0.60167	0.60191			6
2024.08.13	00:46:27.342	0.60168				2
2024.08.13	00:46:27.653	0.60167				2
2024.08.13	00:46:30.281		0.60192			4
2024.08.13	00:46:32.084	0.60168				2
2024.08.13	00:46:35.499	0.60167	0.60190			6
2024.08.13	00:46:35.821	0.60168	0.60184			6
2024.08.13	00:46:37.648	0.60166				2
2024.08.13	00:46:38.703	0.60167				2
2024.08.13	00:46:39.087	0.60166				2
2024.08.13	00:46:42.282	0.60167				2
2024.08.13	00:46:42.628	0.60166				2
2024.08.13	00:46:43.549	0.60165				2
2024.08.13	00:46:46.357	0.60166				2
2024.08.13	00:46:47.519	0.60165				2
2024.08.13	00:46:49.514	0.60166				2
2024.08.13	00:46:49.826	0.60167				2
2024.08.13	00:46:51.333	0.60166				2
2024.08.13	00:46:52.421		0.60190			4
2024.08.13	00:46:53.510	0.60165	0.60188			6
2024.08.13	00:47:01.224	0.60165	0.60193			6
2024.08.13	00:47:02.681		0.60188			4
2024.08.13	00:47:07.183		0.60187			4
2024.08.13	00:47:07.605	0.60164	0.60188			6
2024.08.13	00:47:09.748	0.60165				2
2024.08.13	00:47:12.616		0.60187			4
2024.08.13	00:47:13.016		0.60188			4
2024.08.13	00:47:16.745	0.60164				2
2024.08.13	00:47:22.183		0.60187			4
2024.08.13	00:47:25.275	0.60163	0.60188			6
2024.08.13	00:47:29.996	0.60164	0.60186			6
2024.08.13	00:47:32.149		0.60187			4
2024.08.13	00:47:41.378	0.60165				2
2024.08.13	00:47:44.018	0.60164				2
2024.08.13	00:47:45.260	0.60163	0.60186			6
2024.08.13	00:47:48.812		0.60185			4
2024.08.13	00:47:51.013		0.60186			4
2024.08.13	00:47:59.102	0.60164	0.60185			6
2024.08.13	00:47:59.406	0.60161				2
2024.08.13	00:48:00.366	0.60161				2
2024.08.13	00:48:02.074	0.60163				2
2024.08.13	00:48:11.742	0.60162				2
2024.08.13	00:48:21.153	0.60164	0.60181			6
2024.08.13	00:49:04.414	0.60164				2
2024.08.13	00:49:10.486	0.60171	0.60188			6
2024.08.13	00:49:11.232		0.60189			4
2024.08.13	00:49:13.068		0.60187			4
2024.08.13	00:49:17.116		0.60189			4
2024.08.13	00:49:17.474		0.60190			4
2024.08.13	00:49:17.976		0.60189			4
2024.08.13	00:49:21.039		0.60190			4
2024.08.13	00:49:21.355		0.60189			4
2024.08.13	00:49:21.820		0.60190			4
2024.08.13	00:49:22.925		0.60189			4
2024.08.13	00:49:24.932		0.60190			4
2024.08.13	00:49:28.130		0.60191			4
2024.08.13	00:49:58.181		0.60193			4
2024.08.13	00:49:58.602		0.60191			4
2024.08.13	00:50:00.586	0.60171				2
2024.08.13	00:50:04.482		0.60192			4
2024.08.13	00:50:48.645		0.60194			4
2024.08.13	00:50:49.035		0.60195			4
2024.08.13	00:51:00.310	0.60171				2
2024.08.13	00:51:37.096		0.60196			4
2024.08.13	00:51:42.868	0.60172	0.60197			6
2024.08.13	00:51:43.418	0.60173	0.60198			6
2024.08.13	00:51:44.392	0.60174				2
2024.08.13	00:51:52.182	0.60173	0.60197			6
2024.08.13	00:52:01.365	0.60172				2
2024.08.13	00:52:02.348		0.60196			4
2024.08.13	00:52:10.665	0.60171				2
2024.08.13	00:52:16.830		0.60195			4
2024.08.13	00:52:17.344	0.60174	0.60199			6
2024.08.13	00:52:17.686	0.60171	0.60196			6
2024.08.13	00:52:30.214	0.60172	0.60197			6
2024.08.13	00:52:46.454		0.60196			4
2024.08.13	00:52:52.490	0.60171				2
2024.08.13	00:53:00.711	0.60171				2
2024.08.13	00:53:04.688		0.60194			4
2024.08.13	00:53:10.605		0.60196			4
2024.08.13	00:53:30.590	0.60172	0.60197			6
2024.08.13	00:53:38.496	0.60171	0.60196			6
2024.08.13	00:53:44.037		0.60197			4
2024.08.13	00:53:47.001		0.60196			4
2024.08.13	00:53:56.148		0.60197			4
2024.08.13	00:54:01.008	0.60171				2
2024.08.13	00:54:29.086		0.60196			4
2024.08.13	00:54:32.882		0.60197			4
2024.08.13	00:54:36.391		0.60196			4
2024.08.13	00:54:36.750		0.60197			4
2024.08.13	00:54:37.082	0.60172				2
2024.08.13	00:54:56.526		0.60198			4
2024.08.13	00:55:00.593	0.60172				2
2024.08.13	00:55:08.355		0.60197			4
2024.08.13	00:55:16.936	0.60171				2
2024.08.13	00:55:18.161		0.60196			4
2024.08.13	00:55:22.879		0.60197			4
2024.08.13	00:55:38.178		0.60196			4
2024.08.13	00:55:53.220		0.60197			4
2024.08.13	00:55:53.557		0.60196			4
2024.08.13	00:55:54.559		0.60197			4
2024.08.13	00:56:01.995	0.60171				2
2024.08.13	00:56:16.030	0.60170				2
2024.08.13	00:56:16.466		0.60196			4
2024.08.13	00:56:20.999	0.60171	0.60197			6
2024.08.13	00:56:21.592	0.60170	0.60196			6
2024.08.13	00:56:22.963	0.60169				2
2024.08.13	00:56:25.981	0.60170				2
2024.08.13	00:56:26.333	0.60168	0.60194			6
2024.08.13	00:56:27.249	0.60169	0.60195			6
2024.08.13	00:56:38.810		0.60196			4
2024.08.13	00:56:41.011	0.60170				2
2024.08.13	00:56:41.390	0.60171	0.60198			6
2024.08.13	00:56:41.754	0.60170	0.60196			6
2024.08.13	00:56:55.949		0.60195			4
2024.08.13	00:56:57.892		0.60196			4
2024.08.13	00:57:00.652	0.60170				2
2024.08.13	00:57:09.815	0.60171	0.60197			6
2024.08.13	00:57:14.051	0.60172	0.60198			6
2024.08.13	00:57:14.829	0.60171	0.60197			6
2024.08.13	00:57:16.469	0.60168	0.60194			6
2024.08.13	00:57:16.792		0.60195			4
2024.08.13	00:57:17.101		0.60192			4
2024.08.13	00:57:17.402		0.60193			4
2024.08.13	00:57:18.010		0.60192			4
2024.08.13	00:57:21.201	0.60170	0.60196			6
2024.08.13	00:57:21.591	0.60168	0.60195			6
2024.08.13	00:57:22.791	0.60169				2
2024.08.13	00:57:37.371	0.60170	0.60196			6
2024.08.13	00:57:39.712		0.60195			4
2024.08.13	00:57:42.460		0.60196			4
2024.08.13	00:57:56.521		0.60197			4
2024.08.13	00:58:01.385	0.60171				2
2024.08.13	00:58:02.119	0.60170	0.60196			6
2024.08.13	00:58:02.474	0.60171	0.60198			6
2024.08.13	00:58:03.020	0.60170	0.60197			6
2024.08.13	00:58:03.409	0.60171				2
2024.08.13	00:58:09.017	0.60170				2
2024.08.13	00:58:13.194	0.60171	0.60198			6
2024.08.13	00:58:14.476	0.60172				2
2024.08.13	00:58:14.798		0.60197			4
2024.08.13	00:58:15.109		0.60198			4
2024.08.13	00:58:15.520		0.60199			4
2024.08.13	00:58:25.183		0.60198			4
2024.08.13	00:58:25.598		0.60199			4
2024.08.13	00:58:26.016		0.60198			4
2024.08.13	00:58:27.978		0.60199			4
2024.08.13	00:58:28.371	0.60173	0.60197			6
2024.08.13	00:58:28.863		0.60199			4
2024.08.13	00:58:29.238	0.60172				2
2024.08.13	00:58:29.561	0.60173				2
2024.08.13	00:58:30.556	0.60171				2
2024.08.13	00:58:30.981	0.60172				2
2024.08.13	00:58:37.629		0.60198			4
2024.08.13	00:58:38.162	0.60171	0.60197			6
2024.08.13	00:58:38.475		0.60198			4
2024.08.13	00:58:40.474		0.60197			4
2024.08.13	00:58:47.953	0.60172	0.60198			6
2024.08.13	00:58:48.897	0.60171				2
2024.08.13	00:58:49.245		0.60197			4
2024.08.13	00:59:01.010	0.60171				2
2024.08.13	00:59:14.751		0.60196			4
2024.08.13	00:59:15.152	0.60172	0.60197			6
2024.08.13	00:59:21.018		0.60198			4
2024.08.13	00:59:23.918		0.60197			4
2024.08.13	00:59:24.276		0.60198			4
2024.08.13	00:59:24.588	0.60170	0.60197			6
2024.08.13	00:59:25.670	0.60171				2
2024.08.13	00:59:27.388		0.60196			4
2024.08.13	00:59:33.555	0.60168				2
2024.08.13	00:59:33.915	0.60170				2
2024.08.13	00:59:37.783		0.60197			4
2024.08.13	00:59:38.440	0.60172				2
2024.08.13	00:59:38.743	0.60170				2
2024.08.13	00:59:39.426		0.60196			4
2024.08.13	00:59:40.419		0.60197			4
2024.08.13	00:59:40.722	0.60171				2
2024.08.13	00:59:41.042	0.60170	0.60196			6
2024.08.13	00:59:41.456	0.60172	0.60198			6
2024.08.13	00:59:45.079		0.60199			4
2024.08.13	00:59:51.134		0.60198			4
2024.08.13	00:59:52.344		0.60199			4
2024.08.13	00:59:53.079	0.60171	0.60197			6
2024.08.13	00:59:53.382		0.60196			4
2024.08.13	00:59:55.411	0.60170				2
2024.08.13	01:00:00.309	0.60172	0.60197			6
2024.08.13	01:00:00.620		0.60198			4
2024.08.13	01:00:00.927	0.60174	0.60200			6
2024.08.13	01:00:01.229		0.60199			4
2024.08.13	01:00:01.908	0.60166				2
2024.08.13	01:00:03.165	0.60174				2
2024.08.13	01:00:03.481		0.60200			4
2024.08.13	01:00:03.809		0.60199			4
2024.08.13	01:00:04.517		0.60200			4
2024.08.13	01:00:04.819		0.60201			4
2024.08.13	01:00:05.122	0.60175	0.60199			6
2024.08.13	01:00:05.426	0.60174				2
2024.08.13	01:00:05.729		0.60200			4
2024.08.13	01:00:06.042	0.60175	0.60201			6
2024.08.13	01:00:06.701	0.60176	0.60199			6
2024.08.13	01:00:07.316		0.60200			4
2024.08.13	01:00:07.649		0.60193			4
2024.08.13	01:00:08.055		0.60196			4
2024.08.13	01:00:08.357		0.60194			4
2024.08.13	01:00:09.895		0.60193			4
2024.08.13	01:00:10.206		0.60199			4
2024.08.13	01:00:10.633		0.60200			4
2024.08.13	01:00:14.626	0.60180	0.60204			6
2024.08.13	01:00:14.932	0.60181				2
2024.08.13	01:00:15.251		0.60203			4
2024.08.13	01:00:15.692		0.60202			4
2024.08.13	01:00:16.177	0.60182	0.60204			6
2024.08.13	01:00:16.752	0.60183	0.60203			6
2024.08.13	01:00:17.413	0.60184	0.60202			6
2024.08.13	01:00:17.916		0.60201			4
2024.08.13	01:00:20.650		0.60204			4
2024.08.13	01:00:22.223	0.60183				2
2024.08.13	01:00:28.980	0.60184				2
2024.08.13	01:00:29.396		0.60203			4
2024.08.13	01:00:31.700	0.60183				2
2024.08.13	01:00:35.418	0.60181				2
2024.08.13	01:00:35.724	0.60178				2
2024.08.13	01:00:36.113	0.60177	0.60202			6
2024.08.13	01:00:36.418		0.60201			4
2024.08.13	01:00:37.429		0.60202			4
2024.08.13	01:00:38.392		0.60203			4
2024.08.13	01:00:40.357	0.60178	0.60201			6
2024.08.13	01:00:41.635		0.60200			4
2024.08.13	01:00:41.990		0.60199			4
2024.08.13	01:00:42.334	0.60179				2
2024.08.13	01:00:42.745	0.60178	0.60201			6
2024.08.13	01:00:43.382	0.60179	0.60200			6
2024.08.13	01:00:45.428	0.60178	0.60201			6
2024.08.13	01:00:46.388		0.60200			4
2024.08.13	01:00:48.409		0.60199			4
2024.08.13	01:00:48.713	0.60179				2
2024.08.13	01:00:49.420		0.60200			4
2024.08.13	01:00:50.435	0.60178				2
2024.08.13	01:00:51.392		0.60201			4
2024.08.13	01:00:54.420		0.60200			4
2024.08.13	01:00:55.392		0.60201			4
2024.08.13	01:01:00.266	0.60178				2
2024.08.13	01:01:02.259		0.60200			4
2024.08.13	01:01:03.399		0.60199			4
2024.08.13	01:01:05.172	0.60179				2
2024.08.13	01:01:06.387	0.60178	0.60200			6
2024.08.13	01:01:07.388		0.60199			4
2024.08.13	01:01:12.487	0.60179	0.60200			6
2024.08.13	01:01:13.770	0.60178	0.60199			6
2024.08.13	01:01:15.393		0.60200			4
2024.08.13	01:01:16.446	0.60180				2
2024.08.13	01:01:17.081	0.60181				2
2024.08.13	01:01:18.143	0.60180	0.60199			6
2024.08.13	01:01:18.521	0.60179				2
2024.08.13	01:01:19.328		0.60198			4
2024.08.13	01:01:23.391	0.60178				2
2024.08.13	01:01:26.232	0.60179				2
2024.08.13	01:01:31.432	0.60178				2
2024.08.13	01:01:32.008	0.60179				2
2024.08.13	01:01:33.655		0.60197			4
2024.08.13	01:01:35.413		0.60198			4
2024.08.13	01:01:39.565		0.60197			4
2024.08.13	01:01:39.933		0.60198			4
2024.08.13	01:01:47.142	0.60180				2
2024.08.13	01:01:48.041	0.60179				2
2024.08.13	01:01:54.440	0.60187				2
2024.08.13	01:01:54.814	0.60179				2
2024.08.13	01:01:55.117	0.60180				2
2024.08.13	01:01:56.401	0.60179				2
2024.08.13	01:02:00.405	0.60179				2
2024.08.13	01:02:01.323		0.60197			4
2024.08.13	01:02:02.408		0.60198			4
2024.08.13	01:02:05.415		0.60197			4
2024.08.13	01:02:10.484		0.60196			4
2024.08.13	01:02:11.434		0.60197			4
2024.08.13	01:02:20.389		0.60198			4
2024.08.13	01:02:20.703	0.60184	0.60199			6
2024.08.13	01:02:21.397		0.60201			4
2024.08.13	01:02:22.349	0.60186				2
2024.08.13	01:02:24.393	0.60188				2
2024.08.13	01:02:27.681	0.60187				2
2024.08.13	01:02:28.139	0.60184				2
2024.08.13	01:02:28.573	0.60185				2
2024.08.13	01:02:31.798	0.60186				2
2024.08.13	01:02:32.355		0.60202			4
2024.08.13	01:02:37.296		0.60201			4
2024.08.13	01:02:39.397		0.60200			4
2024.08.13	01:02:40.220	0.60187				2
2024.08.13	01:02:50.985	0.60188				2
2024.08.13	01:02:59.683	0.60189				2
2024.08.13	01:03:01.009	0.60189				2
2024.08.13	01:03:05.531	0.60188				2
2024.08.13	01:03:15.541	0.60187				2
2024.08.13	01:03:32.385	0.60188				2
2024.08.13	01:03:37.408		0.60208			4
2024.08.13	01:03:44.391		0.60207			4
2024.08.13	01:03:45.400		0.60206			4
2024.08.13	01:03:46.413		0.60205			4
2024.08.13	01:03:47.420		0.60204			4
2024.08.13	01:03:48.388		0.60203			4
2024.08.13	01:03:49.395		0.60202			4
2024.08.13	01:03:50.406		0.60208			4
2024.08.13	01:03:53.499		0.60200			4
2024.08.13	01:04:08.386	0.60188	0.60208			6
2024.08.13	01:04:23.403		0.60207			4
2024.08.13	01:04:24.415		0.60206			4
2024.08.13	01:04:25.392		0.60205			4
2024.08.13	01:04:26.399		0.60204			4
2024.08.13	01:04:27.414		0.60203			4
2024.08.13	01:04:28.350		0.60202			4
2024.08.13	01:04:29.390		0.60201			4
2024.08.13	01:04:30.402		0.60200			4
2024.08.13	01:04:42.355		0.60207			4
2024.08.13	01:04:42.996		0.60200			4
2024.08.13	01:04:43.978	0.60189				2
2024.08.13	01:04:55.401		0.60208			4
2024.08.13	01:05:00.382	0.60193				2
2024.08.13	01:05:00.973	0.60192				2
2024.08.13	01:05:01.426		0.60207			4
2024.08.13	01:05:02.390		0.60206			4
2024.08.13	01:05:03.397		0.60205			4
2024.08.13	01:05:04.408		0.60204			4
2024.08.13	01:05:05.389		0.60202			4
2024.08.13	01:05:06.391		0.60201			4
2024.08.13	01:05:21.061	0.60193				2
2024.08.13	01:05:21.391		0.60208			4
2024.08.13	01:05:22.404		0.60207			4
2024.08.13	01:05:23.411		0.60206			4
2024.08.13	01:05:24.118		0.60205			4
2024.08.13	01:05:25.315	0.60192	0.60204			6
2024.08.13	01:05:25.936	0.60190	0.60203			6
2024.08.13	01:05:28.398	0.60191				2
2024.08.13	01:05:36.403	0.60190	0.60207			6
2024.08.13	01:05:43.410	0.60189	0.60205			6
2024.08.13	01:05:43.721	0.60190				2
2024.08.13	01:05:47.389		0.60204			4
2024.08.13	01:05:48.401		0.60203			4
2024.08.13	01:05:49.409	0.60191	0.60202			6
2024.08.13	01:05:55.414	0.60190	0.60206			6
2024.08.13	01:05:56.758	0.60191	0.60202			6
2024.08.13	01:05:57.398	0.60190				2
2024.08.13	01:05:59.423	0.60191				2
2024.08.13	01:06:10.325	0.60185				2
2024.08.13	01:06:11.391		0.60201			4
2024.08.13	01:06:12.353		0.60200			4
2024.08.13	01:06:21.385		0.60202			4
2024.08.13	01:06:57.386		0.60201			4
2024.08.13	01:06:58.405	0.60186	0.60200			6
2024.08.13	01:07:06.761	0.60187				2
2024.08.13	01:07:07.421	0.60186				2
2024.08.13	01:07:08.302	0.60179	0.60193			6
2024.08.13	01:07:09.393	0.60178				2
2024.08.13	01:07:10.405		0.60192			4
2024.08.13	01:07:11.419	0.60179				2
2024.08.13	01:07:12.504		0.60196			4
2024.08.13	01:07:12.826	0.60180				2
2024.08.13	01:07:13.156	0.60179	0.60197			6
2024.08.13	01:07:13.498	0.60180				2
2024.08.13	01:07:14.162	0.60179				2
2024.08.13	01:07:14.492	0.60180				2
2024.08.13	01:07:15.122	0.60181				2
2024.08.13	01:07:37.212	0.60183				2
2024.08.13	01:07:37.709		0.60198			4
2024.08.13	01:07:41.331		0.60197			4
2024.08.13	01:07:42.062		0.60198			4
2024.08.13	01:07:52.317	0.60184	0.60199			6
2024.08.13	01:07:54.396		0.60198			4
2024.08.13	01:08:02.711	0.60184				2
2024.08.13	01:08:04.398		0.60199			4
2024.08.13	01:08:15.226		0.60198			4
2024.08.13	01:08:16.779		0.60197			4
2024.08.13	01:08:17.191		0.60198			4
2024.08.13	01:08:17.609		0.60197			4
2024.08.13	01:08:17.944		0.60199			4
2024.08.13	01:08:18.580		0.60197			4
2024.08.13	01:08:18.884		0.60198			4
2024.08.13	01:08:19.575		0.60197			4
2024.08.13	01:08:20.328		0.60199			4
2024.08.13	01:08:21.273		0.60198			4
2024.08.13	01:08:21.582		0.60199			4
2024.08.13	01:08:21.886		0.60198			4
2024.08.13	01:08:22.197		0.60199			4
2024.08.13	01:08:23.121		0.60198			4
2024.08.13	01:08:23.465	0.60185				2
2024.08.13	01:08:26.398		0.60199			4
2024.08.13	01:08:33.428		0.60198			4
2024.08.13	01:08:42.430		0.60199			4
2024.08.13	01:08:53.122	0.60184	0.60200			6
2024.08.13	01:08:53.790		0.60199			4
2024.08.13	01:08:54.131	0.60185				2
2024.08.13	01:08:54.441	0.60184	0.60200			6
2024.08.13	01:08:55.075		0.60199			4
2024.08.13	01:08:55.394		0.60200			4
2024.08.13	01:08:56.033		0.60199			4
2024.08.13	01:08:56.341		0.60198			4
2024.08.13	01:08:58.225	0.60183	0.60200			6
2024.08.13	01:08:59.384		0.60199			4
2024.08.13	01:09:00.395	0.60183				2
2024.08.13	01:09:00.924	0.60184				2
2024.08.13	01:09:01.242		0.60198			4
2024.08.13	01:09:02.422		0.60199			4
2024.08.13	01:09:03.432		0.60198			4
2024.08.13	01:09:04.354		0.60199			4
2024.08.13	01:09:05.505		0.60198			4
2024.08.13	01:09:09.416		0.60199			4
2024.08.13	01:09:16.673		0.60198			4
2024.08.13	01:09:25.680	0.60186	0.60201			6
2024.08.13	01:09:26.703	0.60182	0.60199			6
2024.08.13	01:09:27.023		0.60198			4
2024.08.13	01:09:28.391		0.60197			4
2024.08.13	01:09:28.909		0.60196			4
2024.08.13	01:09:30.404		0.60198			4
2024.08.13	01:09:41.393		0.60197			4
2024.08.13	01:09:42.840	0.60183	0.60198			6
2024.08.13	01:09:44.384	0.60184				2
2024.08.13	01:09:45.395		0.60199			4
2024.08.13	01:09:48.358	0.60185				2
2024.08.13	01:10:00.377	0.60185				2
2024.08.13	01:10:02.398	0.60186				2
2024.08.13	01:10:03.596		0.60200			4
2024.08.13	01:10:04.709	0.60187	0.60203			6
2024.08.13	01:10:05.387	0.60189				2
2024.08.13	01:10:15.549	0.60188				2
2024.08.13	01:10:16.394	0.60189				2
2024.08.13	01:10:17.403	0.60190				2
2024.08.13	01:10:26.409	0.60186				2
2024.08.13	01:10:43.112		0.60201			4
2024.08.13	01:10:44.278		0.60203			4
2024.08.13	01:10:47.243		0.60202			4
2024.08.13	01:10:47.711	0.60187				2
2024.08.13	01:10:48.391	0.60188				2
2024.08.13	01:10:49.404	0.60189				2
2024.08.13	01:10:50.418	0.60190				2
2024.08.13	01:10:51.414		0.60203			4
2024.08.13	01:10:51.943	0.60189				2
2024.08.13	01:10:52.397	0.60190				2
2024.08.13	01:10:53.388	0.60191				2
2024.08.13	01:11:02.169	0.60189				2
2024.08.13	01:11:06.417	0.60190				2
2024.08.13	01:11:12.384	0.60189				2
2024.08.13	01:11:14.162	0.60190				2
2024.08.13	01:11:16.423	0.60191				2
2024.08.13	01:11:25.393	0.60190				2
2024.08.13	01:11:34.659	0.60191				2
2024.08.13	01:11:37.391	0.60192				2
2024.08.13	01:11:44.626	0.60190	0.60193			6
2024.08.13	01:11:50.102	0.60191	0.60197			6
2024.08.13	01:11:54.600	0.60190				2
2024.08.13	01:11:55.406	0.60188				2
2024.08.13	01:11:56.416	0.60189				2
2024.08.13	01:11:59.515	0.60188				2
2024.08.13	01:12:00.425	0.60189				2
2024.08.13	01:12:13.390	0.60186				2
2024.08.13	01:12:16.531	0.60187				2
2024.08.13	01:12:21.129	0.60189				2
2024.08.13	01:12:36.225	0.60188	0.60199			6
2024.08.13	01:12:38.400	0.60189				2
2024.08.13	01:12:39.412	0.60190				2
2024.08.13	01:12:47.398	0.60186				2
2024.08.13	01:12:56.422	0.60187				2
2024.08.13	01:12:57.433	0.60188				2
2024.08.13	01:12:58.400	0.60189				2
2024.08.13	01:13:04.398	0.60186				2
2024.08.13	01:13:38.982		0.60199			4
2024.08.13	01:14:01.483	0.60186				2
2024.08.13	01:14:06.000	0.60187				2
2024.08.13	01:14:06.401	0.60188				2
2024.08.13	01:14:07.431	0.60189				2
2024.08.13	01:14:08.396	0.60190				2
2024.08.13	01:14:09.404	0.60191				2
2024.08.13	01:14:22.413	0.60187				2
2024.08.13	01:14:30.159	0.60188				2
2024.08.13	01:14:31.027	0.60189				2
2024.08.13	01:14:31.420	0.60190				2
2024.08.13	01:14:32.434	0.60191				2
2024.08.13	01:14:42.413	0.60187	0.60199			6
2024.08.13	01:14:58.402	0.60188				2
2024.08.13	01:14:59.415	0.60189				2
2024.08.13	01:15:00.386	0.60191				2
2024.08.13	01:15:00.993	0.60188				2
2024.08.13	01:15:01.399	0.60189				2
2024.08.13	01:15:02.006	0.60190				2
2024.08.13	01:15:03.267	0.60191				2
2024.08.13	01:15:03.826	0.60189				2
2024.08.13	01:15:04.280	0.60191				2
2024.08.13	01:15:04.583	0.60188				2
2024.08.13	01:15:05.393	0.60189				2
2024.08.13	01:15:07.133	0.60186				2
2024.08.13	01:15:07.990	0.60188				2
2024.08.13	01:15:08.584	0.60189				2
2024.08.13	01:15:09.039	0.60188				2
2024.08.13	01:15:10.101	0.60189				2
2024.08.13	01:15:11.158	0.60188				2
2024.08.13	01:15:11.618	0.60189				2
2024.08.13	01:15:16.726	0.60190				2
2024.08.13	01:15:17.391	0.60189				2
2024.08.13	01:15:18.046	0.60190				2
2024.08.13	01:15:19.760	0.60191				2
2024.08.13	01:15:20.433	0.60189				2
2024.08.13	01:15:20.773	0.60191				2
2024.08.13	01:15:21.193	0.60190				2
2024.08.13	01:15:22.197	0.60189				2
2024.08.13	01:15:23.805	0.60188				2
2024.08.13	01:15:24.905	0.60190				2
2024.08.13	01:15:25.206	0.60189				2
2024.08.13	01:15:25.915	0.60190				2
2024.08.13	01:15:26.220	0.60191				2
2024.08.13	01:15:28.143	0.60190				2
2024.08.13	01:15:29.267	0.60191				2
2024.08.13	01:15:29.974	0.60190				2
2024.08.13	01:15:30.325	0.60191				2
2024.08.13	01:15:31.335	0.60190				2
2024.08.13	01:15:32.193	0.60189				2
2024.08.13	01:15:33.861	0.60190				2
2024.08.13	01:15:34.983	0.60188				2
2024.08.13	01:15:35.389	0.60190				2
2024.08.13	01:15:36.376	0.60188				2
2024.08.13	01:15:37.390	0.60189				2
2024.08.13	01:15:42.566	0.60191	0.60199			6
2024.08.13	01:15:42.917	0.60190				2
2024.08.13	01:15:43.781	0.60191				2
2024.08.13	01:15:44.491	0.60189				2
2024.08.13	01:15:45.959	0.60190				2
2024.08.13	01:15:46.694	0.60189				2
2024.08.13	01:15:49.935	0.60190				2
2024.08.13	01:15:50.415	0.60188				2
2024.08.13	01:15:50.767	0.60189				2
2024.08.13	01:15:51.429	0.60190				2
2024.08.13	01:15:53.094	0.60189				2
2024.08.13	01:15:58.053	0.60190				2
2024.08.13	01:15:58.400	0.60188				2
2024.08.13	01:15:58.911	0.60189				2
2024.08.13	01:16:00.134	0.60190				2
2024.08.13	01:16:04.181	0.60191				2
2024.08.13	01:16:05.316	0.60192				2
2024.08.13	01:16:06.405	0.60189				2
2024.08.13	01:16:07.138	0.60191				2
2024.08.13	01:16:09.250	0.60189				2
2024.08.13	01:16:10.260	0.60190				2
2024.08.13	01:16:11.280	0.60189				2
2024.08.13	01:16:12.334	0.60190				2
2024.08.13	01:16:13.397	0.60189				2
2024.08.13	01:16:14.410	0.60191				2
2024.08.13	01:16:16.431	0.60193				2
2024.08.13	01:16:17.392	0.60190				2
2024.08.13	01:16:17.765	0.60192				2
2024.08.13	01:16:18.277	0.60190				2
2024.08.13	01:16:18.667	0.60191				2
2024.08.13	01:16:19.391	0.60189				2
2024.08.13	01:16:19.728	0.60191				2
2024.08.13	01:16:20.744	0.60190				2
2024.08.13	01:16:21.390	0.60191				2
2024.08.13	01:16:21.804	0.60192				2
2024.08.13	01:16:22.396	0.60193				2
2024.08.13	01:16:22.816	0.60192				2
2024.08.13	01:16:23.408	0.60190				2
2024.08.13	01:16:23.880	0.60191				2
2024.08.13	01:16:24.384	0.60190				2
2024.08.13	01:16:24.921	0.60191				2
2024.08.13	01:16:25.400	0.60192				2
2024.08.13	01:16:26.056	0.60193				2
2024.08.13	01:16:27.387	0.60192				2
2024.08.13	01:16:29.191	0.60191				2
2024.08.13	01:16:29.654	0.60192				2
2024.08.13	01:16:30.708	0.60191				2
2024.08.13	01:16:31.163	0.60193				2
2024.08.13	01:16:32.386	0.60194				2
2024.08.13	01:16:34.720	0.60193				2
2024.08.13	01:16:36.034	0.60194				2
2024.08.13	01:16:36.896	0.60193				2
2024.08.13	01:16:37.401	0.60194				2
2024.08.13	01:16:43.973	0.60195	0.60199			6
2024.08.13	01:16:44.278	0.60194				2
2024.08.13	01:16:45.500	0.60193				2
2024.08.13	01:16:46.713	0.60194				2
2024.08.13	01:16:50.421	0.60193				2
2024.08.13	01:16:51.336	0.60194				2
2024.08.13	01:17:07.387	0.60195				2
2024.08.13	01:17:08.991	0.60194				2
2024.08.13	01:17:11.011	0.60193				2
2024.08.13	01:17:11.366	0.60194				2
2024.08.13	01:17:16.422	0.60193				2
2024.08.13	01:17:27.418	0.60194				2
2024.08.13	01:17:32.814	0.60193				2
2024.08.13	01:17:33.422	0.60194				2
2024.08.13	01:17:34.535	0.60195				2
2024.08.13	01:17:34.994	0.60196				2
2024.08.13	01:17:35.396	0.60194				2
2024.08.13	01:17:35.906	0.60195				2
2024.08.13	01:17:36.257	0.60194				2
2024.08.13	01:17:37.268	0.60193				2
2024.08.13	01:17:37.875	0.60194				2
2024.08.13	01:17:38.384	0.60193				2
2024.08.13	01:17:39.397	0.60194				2
2024.08.13	01:17:40.864	0.60193				2
2024.08.13	01:17:41.574	0.60194				2
2024.08.13	01:17:42.432	0.60193				2
2024.08.13	01:17:43.393	0.60194				2
2024.08.13	01:17:43.699	0.60193				2
2024.08.13	01:17:44.053	0.60194	0.60199			6
2024.08.13	01:17:44.661	0.60195				2
2024.08.13	01:17:45.770	0.60194				2
2024.08.13	01:17:47.389	0.60195				2
2024.08.13	01:17:47.691	0.60194				2
2024.08.13	01:17:48.017	0.60195				2
2024.08.13	01:17:53.310	0.60194				2
2024.08.13	01:17:55.534	0.60193				2
2024.08.13	01:17:56.455	0.60195				2
2024.08.13	01:18:07.389	0.60194				2
2024.08.13	01:18:08.098	0.60195				2
2024.08.13	01:18:11.403	0.60194				2
2024.08.13	01:18:12.715	0.60195				2
2024.08.13	01:18:13.728	0.60194				2
2024.08.13	01:18:14.385	0.60195				2
2024.08.13	01:18:15.398	0.60194				2
2024.08.13	01:18:16.358	0.60195				2
2024.08.13	01:18:17.560	0.60194				2
2024.08.13	01:18:18.379	0.60195				2
2024.08.13	01:18:19.599		0.60205			4
2024.08.13	01:18:20.406	0.60194				2
2024.08.13	01:18:33.401	0.60195				2
2024.08.13	01:18:34.386	0.60196				2
2024.08.13	01:18:35.399	0.60195				2
2024.08.13	01:18:42.405	0.60194				2
2024.08.13	01:18:49.393	0.60192	0.60208			6
2024.08.13	01:18:54.201		0.60205			4
2024.08.13	01:18:54.503		0.60208			4
2024.08.13	01:18:55.313	0.60193	0.60207			6
2024.08.13	01:18:56.416	0.60194	0.60205			6
2024.08.13	01:18:56.722		0.60206			4
2024.08.13	01:18:57.387	0.60193	0.60205			6
2024.08.13	01:19:00.706	0.60193				2
2024.08.13	01:19:02.663	0.60192	0.60204			6
2024.08.13	01:19:03.420	0.60190				2
2024.08.13	01:19:04.350	0.60191				2
2024.08.13	01:19:05.399	0.60192				2
2024.08.13	01:19:13.391	0.60190	0.60206			6
2024.08.13	01:19:23.121		0.60205			4
2024.08.13	01:19:52.397	0.60191	0.60204			6
2024.08.13	01:19:53.409	0.60192				2
2024.08.13	01:19:54.420	0.60193				2
2024.08.13	01:20:00.495	0.60193				2
2024.08.13	01:20:01.556	0.60194	0.60205			6
2024.08.13	01:20:02.416	0.60195	0.60204			6
2024.08.13	01:20:03.045	0.60194				2
2024.08.13	01:20:03.378	0.60193	0.60205			6
2024.08.13	01:20:04.396	0.60194				2
2024.08.13	01:20:05.407	0.60195	0.60204			6
2024.08.13	01:20:06.367		0.60205			4
2024.08.13	01:20:07.398	0.60194				2
2024.08.13	01:20:09.523	0.60195				2
2024.08.13	01:20:10.034	0.60193				2
2024.08.13	01:20:10.420	0.60194				2
2024.08.13	01:20:11.045	0.60195	0.60204			6
2024.08.13	01:20:11.390	0.60194	0.60205			6
2024.08.13	01:20:12.393	0.60193				2
2024.08.13	01:20:13.411	0.60195				2
2024.08.13	01:20:14.801		0.60204			4
2024.08.13	01:20:15.388	0.60193				2
2024.08.13	01:20:16.086	0.60194	0.60205			6
2024.08.13	01:20:16.390	0.60195				2
2024.08.13	01:20:19.263	0.60194	0.60204			6
2024.08.13	01:20:20.432	0.60193				2
2024.08.13	01:20:21.298	0.60194	0.60205			6
2024.08.13	01:20:22.414	0.60195				2
2024.08.13	01:20:26.419	0.60196	0.60204			6
2024.08.13	01:20:27.131	0.60197	0.60205			6
2024.08.13	01:20:29.554	0.60196				2
2024.08.13	01:20:30.422	0.60197				2
2024.08.13	01:20:47.397	0.60195	0.60211			6
2024.08.13	01:20:48.287		0.60210			4
2024.08.13	01:20:49.420	0.60196	0.60209			6
2024.08.13	01:20:50.434	0.60197	0.60208			6
2024.08.13	01:20:51.398		0.60207			4
2024.08.13	01:20:52.415		0.60206			4
2024.08.13	01:20:53.429		0.60205			4
2024.08.13	01:21:01.269	0.60197				2
2024.08.13	01:21:01.658	0.60198				2
2024.08.13	01:21:02.027	0.60196				2
2024.08.13	01:21:02.431	0.60197				2
2024.08.13	01:21:08.911	0.60198				2
2024.08.13	01:21:09.355		0.60206			4
2024.08.13	01:21:27.375	0.60199				2
2024.08.13	01:21:28.388		0.60205			4
2024.08.13	01:21:29.397		0.60204			4
2024.08.13	01:21:39.316	0.60197				2
2024.08.13	01:21:50.298		0.60213			4
2024.08.13	01:21:56.249		0.60212			4
2024.08.13	01:21:57.297		0.60211			4
2024.08.13	01:21:58.338		0.60210			4
2024.08.13	01:21:59.382		0.60209			4
2024.08.13	01:22:00.393	0.60197	0.60208			6
2024.08.13	01:22:01.156		0.60206			4
2024.08.13	01:22:01.611		0.60213			4
2024.08.13	01:22:02.369		0.60205			4
2024.08.13	01:22:03.395	0.60198	0.60204			6
2024.08.13	01:22:04.397		0.60205			4
2024.08.13	01:22:06.903	0.60206	0.60207			6
2024.08.13	01:22:07.208	0.60197	0.60205			6
2024.08.13	01:22:08.394		0.60204			4
2024.08.13	01:22:15.931	0.60198				2
2024.08.13	01:22:16.387		0.60205			4
2024.08.13	01:22:17.394	0.60197	0.60204			6
2024.08.13	01:22:18.404	0.60198	0.60205			6
2024.08.13	01:22:19.405	0.60197				2
2024.08.13	01:22:19.983	0.60198	0.60204			6
2024.08.13	01:22:20.442	0.60197				2
2024.08.13	01:22:21.052	0.60198				2
2024.08.13	01:22:22.417	0.60197	0.60205			6
2024.08.13	01:22:23.184	0.60198	0.60204			6
2024.08.13	01:22:24.395		0.60205			4
2024.08.13	01:22:26.624	0.60197	0.60204			6
2024.08.13	01:22:27.434	0.60198				2
2024.08.13	01:22:29.250	0.60197	0.60205			6
2024.08.13	01:22:30.408		0.60204			4
2024.08.13	01:22:32.097	0.60198				2
2024.08.13	01:22:32.448	0.60197				2
2024.08.13	01:22:35.433		0.60205			4
2024.08.13	01:22:36.403	0.60198				2
2024.08.13	01:22:37.491	0.60197				2
2024.08.13	01:22:38.626	0.60198				2
2024.08.13	01:22:40.304		0.60204			4
2024.08.13	01:22:40.707	0.60197	0.60205			6
2024.08.13	01:22:41.417	0.60198	0.60204			6
2024.08.13	01:22:42.114	0.60197				2
2024.08.13	01:22:42.428	0.60198				2
2024.08.13	01:22:43.088	0.60197				2
2024.08.13	01:22:43.389	0.60198	0.60205			6
2024.08.13	01:22:52.888	0.60197				2
2024.08.13	01:22:53.392	0.60198	0.60204			6
2024.08.13	01:22:55.096		0.60205			4
2024.08.13	01:22:55.397		0.60204			4
2024.08.13	01:22:56.106		0.60205			4
2024.08.13	01:22:59.163	0.60197	0.60204			6
2024.08.13	01:23:00.073	0.60197	0.60205			6
2024.08.13	01:23:00.408	0.60198	0.60204			6
2024.08.13	01:23:02.398		0.60205			4
2024.08.13	01:23:03.583	0.60197				2
2024.08.13	01:23:04.401		0.60204			4
2024.08.13	01:23:05.418	0.60198	0.60205			6
2024.08.13	01:23:05.921	0.60197				2
2024.08.13	01:23:06.430		0.60204			4
2024.08.13	01:23:07.391	0.60198				2
2024.08.13	01:23:08.400		0.60205			4
2024.08.13	01:23:13.101	0.60197				2
2024.08.13	01:23:13.404	0.60199	0.60204			6
2024.08.13	01:23:14.010	0.60198				2
2024.08.13	01:23:15.328	0.60200				2
2024.08.13	01:23:15.709	0.60198				2
2024.08.13	01:23:18.413		0.60205			4
2024.08.13	01:23:23.386	0.60197	0.60214			6
2024.08.13	01:23:23.761		0.60213			4
2024.08.13	01:23:24.292		0.60212			4
2024.08.13	01:23:25.415	0.60198	0.60211			6
2024.08.13	01:23:26.372	0.60197	0.60210			6
2024.08.13	01:23:27.394		0.60209			4
2024.08.13	01:23:28.403		0.60208			4
2024.08.13	01:23:29.411		0.60207			4
2024.08.13	01:23:30.426	0.60198	0.60206			6
2024.08.13	01:23:31.393		0.60205			4
2024.08.13	01:23:32.403	0.60197	0.60204			6
2024.08.13	01:23:33.413	0.60198	0.60205			6
2024.08.13	01:23:43.389	0.60197				2
2024.08.13	01:23:44.010	0.60198	0.60204			6
2024.08.13	01:23:44.407		0.60205			4
2024.08.13	01:23:56.590	0.60199	0.60206			6
2024.08.13	01:23:57.396		0.60205			4
2024.08.13	01:24:00.834	0.60199				2
2024.08.13	01:24:03.131		0.60206			4
2024.08.13	01:24:04.386		0.60205			4
2024.08.13	01:24:08.663		0.60206			4
2024.08.13	01:24:09.371		0.60205			4
2024.08.13	01:24:26.518		0.60204			4
2024.08.13	01:24:27.385		0.60205			4
2024.08.13	01:24:41.767		0.60204			4
2024.08.13	01:24:48.391		0.60205			4
2024.08.13	01:24:51.873	0.60198				2
2024.08.13	01:24:54.419		0.60204			4
2024.08.13	01:25:00.344	0.60198				2
2024.08.13	01:25:01.401		0.60205			4
2024.08.13	01:25:33.447		0.60206			4
2024.08.13	01:25:34.412	0.60197	0.60205			6
2024.08.13	01:25:35.429	0.60198	0.60204			6
2024.08.13	01:25:35.831	0.60197	0.60205			6
2024.08.13	01:25:36.399	0.60198	0.60204			6
2024.08.13	01:25:37.004		0.60205			4
2024.08.13	01:25:41.456	0.60199				2
2024.08.13	01:25:57.103	0.60200				2
2024.08.13	01:25:57.404	0.60201				2
2024.08.13	01:25:57.761	0.60199				2
2024.08.13	01:25:58.063	0.60200				2
2024.08.13	01:25:59.073	0.60201				2
2024.08.13	01:25:59.380	0.60199				2
2024.08.13	01:26:00.216	0.60199				2
2024.08.13	01:26:00.527		0.60206			4
2024.08.13	01:26:05.367		0.60205			4
2024.08.13	01:26:08.393		0.60206			4
2024.08.13	01:26:09.724		0.60205			4
2024.08.13	01:26:18.413		0.60206			4
2024.08.13	01:26:29.689	0.60202				2
2024.08.13	01:26:30.406	0.60199				2
2024.08.13	01:26:32.051	0.60193	0.60205			6
2024.08.13	01:26:32.362		0.60204			4
2024.08.13	01:26:32.745	0.60194				2
2024.08.13	01:26:33.196	0.60195	0.60205			6
2024.08.13	01:26:37.181	0.60193	0.60204			6
2024.08.13	01:26:37.555	0.60194	0.60205			6
2024.08.13	01:26:38.222	0.60193	0.60204			6
2024.08.13	01:26:39.274	0.60194	0.60205			6
2024.08.13	01:26:40.393	0.60193	0.60204			6
2024.08.13	01:26:41.384	0.60194				2
2024.08.13	01:26:42.397	0.60195				2
2024.08.13	01:26:43.407	0.60194	0.60205			6
2024.08.13	01:26:43.810	0.60195	0.60204			6
2024.08.13	01:26:44.420	0.60194	0.60205			6
2024.08.13	01:26:45.433	0.60193	0.60204			6
2024.08.13	01:26:46.395	0.60194	0.60205			6
2024.08.13	01:26:47.404	0.60193				2
2024.08.13	01:26:48.416	0.60194				2
2024.08.13	01:26:49.394	0.60195				2
2024.08.13	01:26:55.397	0.60196	0.60204			6
2024.08.13	01:26:55.874	0.60195	0.60205			6
2024.08.13	01:26:56.401	0.60196	0.60204			6
2024.08.13	01:26:58.400	0.60194				2
2024.08.13	01:26:58.782	0.60195				2
2024.08.13	01:26:59.198		0.60205			4
2024.08.13	01:27:00.137	0.60196	0.60206			6
2024.08.13	01:27:01.425	0.60197				2
2024.08.13	01:27:15.403	0.60198				2
2024.08.13	01:27:15.755	0.60197	0.60205			6
2024.08.13	01:27:16.417	0.60198	0.60204			6
2024.08.13	01:27:16.824	0.60200	0.60205			6
2024.08.13	01:27:17.144	0.60197	0.60204			6
2024.08.13	01:27:18.454	0.60198				2
2024.08.13	01:27:19.420		0.60205			4
2024.08.13	01:28:41.343	0.60198	0.60205			6
2024.08.13	01:28:42.386		0.60204			4
2024.08.13	01:28:43.369		0.60205			4
2024.08.13	01:28:43.746		0.60204			4
2024.08.13	01:28:44.413		0.60205			4
2024.08.13	01:28:45.396	0.60196				2
2024.08.13	01:28:46.088	0.60197				2
2024.08.13	01:28:46.698	0.60198				2
2024.08.13	01:28:47.403	0.60196	0.60206			6
2024.08.13	01:28:47.730		0.60205			4
2024.08.13	01:28:48.745	0.60197				2
2024.08.13	01:28:49.330	0.60198				2
2024.08.13	01:28:49.657		0.60206			4
2024.08.13	01:28:50.392	0.60197	0.60205			6
2024.08.13	01:28:50.708		0.60206			4
2024.08.13	01:28:52.415	0.60198	0.60205			6
2024.08.13	01:28:53.172	0.60197	0.60206			6
2024.08.13	01:28:54.129	0.60198	0.60205			6
2024.08.13	01:29:04.939	0.60198				2
2024.08.13	01:29:05.309	0.60197				2
2024.08.13	01:29:05.730		0.60204			4
2024.08.13	01:29:06.391		0.60206			4
2024.08.13	01:29:07.390	0.60196	0.60205			6
2024.08.13	01:29:07.710	0.60197	0.60204			6
2024.08.13	01:29:08.402	0.60196				2
2024.08.13	01:29:08.861	0.60198	0.60205			6
2024.08.13	01:29:09.265		0.60206			4
2024.08.13	01:29:09.569	0.60196	0.60204			6
2024.08.13	01:29:10.073	0.60197	0.60206			6
2024.08.13	01:29:10.427		0.60205			4
2024.08.13	01:29:10.761		0.60204			4
2024.08.13	01:29:11.398		0.60206			4
2024.08.13	01:29:11.721		0.60205			4
2024.08.13	01:29:12.032		0.60206			4
2024.08.13	01:29:12.407		0.60205			4
2024.08.13	01:29:12.745	0.60196	0.60204			6
2024.08.13	01:29:13.116	0.60197				2
2024.08.13	01:29:13.721	0.60196	0.60205			6
2024.08.13	01:29:14.079	0.60197	0.60204			6
2024.08.13	01:29:14.433		0.60205			4
2024.08.13	01:29:14.734	0.60198	0.60206			6
2024.08.13	01:29:15.399	0.60197	0.60205			6
2024.08.13	01:29:16.004	0.60198				2
2024.08.13	01:29:17.264	0.60199	0.60206			6
2024.08.13	01:29:17.626	0.60197	0.60205			6
2024.08.13	01:29:17.941	0.60198				2
2024.08.13	01:29:18.685	0.60197				2
2024.08.13	01:29:19.032		0.60204			4
2024.08.13	01:29:19.396		0.60206			4
2024.08.13	01:29:20.042	0.60198				2
2024.08.13	01:29:20.548	0.60197				2
2024.08.13	01:29:21.418	0.60198				2
2024.08.13	01:29:23.294	0.60197				2
2024.08.13	01:29:24.050	0.60198				2
2024.08.13	01:29:27.541	0.60199				2
2024.08.13	01:29:27.945	0.60198				2
2024.08.13	01:29:31.203		0.60205			4
2024.08.13	01:29:31.560		0.60204			4
2024.08.13	01:29:34.544		0.60205			4
2024.08.13	01:29:35.235		0.60204			4
2024.08.13	01:29:36.407		0.60205			4
2024.08.13	01:29:37.416		0.60204			4
2024.08.13	01:29:37.826		0.60205			4
2024.08.13	01:29:38.384		0.60204			4
2024.08.13	01:29:39.372		0.60205			4
2024.08.13	01:29:40.508		0.60204			4
2024.08.13	01:29:41.381		0.60205			4
2024.08.13	01:29:42.351		0.60204			4
2024.08.13	01:29:43.387		0.60205			4
2024.08.13	01:29:50.416		0.60204			4
2024.08.13	01:29:50.769		0.60205			4
2024.08.13	01:29:52.392		0.60204			4
2024.08.13	01:29:53.399		0.60205			4
2024.08.13	01:29:59.130		0.60204			4
2024.08.13	01:30:00.174	0.60198	0.60205			6
2024.08.13	01:30:00.488	0.60196				2
2024.08.13	01:30:02.772	0.60195	0.60204			6
2024.08.13	01:30:03.818	0.60196	0.60205			6
2024.08.13	01:30:05.402	0.60195				2
2024.08.13	01:30:06.045	0.60196				2
2024.08.13	01:30:08.391	0.60195				2
2024.08.13	01:30:14.115	0.60194	0.60204			6
2024.08.13	01:30:15.316	0.60195				2
2024.08.13	01:30:15.773		0.60202			4
2024.08.13	01:30:16.228		0.60204			4
2024.08.13	01:30:16.534	0.60197				2
2024.08.13	01:30:19.291	0.60196	0.60202			6
2024.08.13	01:30:21.151		0.60203			4
2024.08.13	01:30:22.234		0.60202			4
2024.08.13	01:30:23.531		0.60203			4
2024.08.13	01:30:25.671		0.60202			4
2024.08.13	01:30:29.443	0.60192	0.60197			6
2024.08.13	01:30:29.853	0.60191	0.60198			6
2024.08.13	01:30:30.361		0.60197			4
2024.08.13	01:30:30.682		0.60198			4
2024.08.13	01:30:31.547		0.60197			4
2024.08.13	01:30:50.822	0.60192				2
2024.08.13	01:30:56.085		0.60196			4
2024.08.13	01:30:56.428		0.60197			4
2024.08.13	01:31:00.422	0.60192				2
2024.08.13	01:31:24.558	0.60190	0.60194			6
2024.08.13	01:31:24.872		0.60196			4
2024.08.13	01:31:26.353	0.60192				2
2024.08.13	01:31:27.100	0.60190	0.60194			6
2024.08.13	01:31:27.504	0.60192	0.60196			6
2024.08.13	01:31:28.254	0.60190				2
2024.08.13	01:31:28.719		0.60194			4
2024.08.13	01:31:29.026		0.60196			4
2024.08.13	01:31:29.796		0.60197			4
2024.08.13	01:31:30.385		0.60196			4
2024.08.13	01:31:40.816		0.60197			4
2024.08.13	01:31:41.171		0.60196			4
2024.08.13	01:32:00.156	0.60190				2
2024.08.13	01:32:19.405		0.60197			4
2024.08.13	01:32:24.842	0.60191				2
2024.08.13	01:32:34.981	0.60192				2
2024.08.13	01:32:35.349		0.60198			4
2024.08.13	01:32:36.273	0.60191				2
2024.08.13	01:32:40.281		0.60197			4
2024.08.13	01:32:41.088	0.60192				2
2024.08.13	01:32:48.474		0.60196			4
2024.08.13	01:32:49.930		0.60197			4
2024.08.13	01:32:57.411		0.60196			4
2024.08.13	01:33:00.748	0.60192				2
2024.08.13	01:33:02.990		0.60195			4
2024.08.13	01:33:12.000	0.60191				2
2024.08.13	01:33:17.279		0.60194			4
2024.08.13	01:33:17.639		0.60195			4
2024.08.13	01:33:20.846		0.60194			4
2024.08.13	01:33:23.520	0.60192				2
2024.08.13	01:33:25.739	0.60193	0.60195			6
2024.08.13	01:33:49.022	0.60192	0.60194			6
2024.08.13	01:33:51.592	0.60193				2
2024.08.13	01:33:55.665		0.60195			4
2024.08.13	01:34:00.235	0.60193				2
2024.08.13	01:34:08.892	0.60194	0.60198			6
2024.08.13	01:34:21.713	0.60193				2
2024.08.13	01:34:48.929	0.60194				2
2024.08.13	01:34:58.941		0.60197			4
2024.08.13	01:34:59.284		0.60198			4
2024.08.13	01:35:00.380	0.60194				2
2024.08.13	01:35:07.822	0.60196				2
2024.08.13	01:35:08.124		0.60199			4
2024.08.13	01:35:09.189	0.60195	0.60198			6
2024.08.13	01:35:18.511	0.60196				2
2024.08.13	01:35:21.481	0.60201	0.60204			6
2024.08.13	01:35:22.349	0.60203	0.60210			6
2024.08.13	01:35:22.665		0.60209			4
2024.08.13	01:35:23.388	0.60205	0.60210			6
2024.08.13	01:35:24.100	0.60204				2
2024.08.13	01:35:27.705	0.60203				2
2024.08.13	01:35:28.648		0.60208			4
2024.08.13	01:35:30.513	0.60204				2
2024.08.13	01:35:33.842	0.60205	0.60209			6
2024.08.13	01:35:49.770		0.60210			4
2024.08.13	01:35:57.429	0.60207	0.60211			6
2024.08.13	01:36:00.004	0.60207				2
2024.08.13	01:36:00.350	0.60206				2
2024.08.13	01:36:00.680	0.60208	0.60215			6
2024.08.13	01:36:02.183	0.60207	0.60213			6
2024.08.13	01:36:07.974	0.60208	0.60214			6
2024.08.13	01:36:08.300		0.60213			4
2024.08.13	01:36:09.086		0.60212			4
2024.08.13	01:36:09.397	0.60207				2
2024.08.13	01:36:13.846	0.60204	0.60210			6
2024.08.13	01:36:22.748	0.60196	0.60202			6
2024.08.13	01:36:23.427	0.60197				2
2024.08.13	01:36:31.074	0.60196				2
2024.08.13	01:36:31.459	0.60197				2
2024.08.13	01:36:34.346	0.60196				2
2024.08.13	01:36:35.391	0.60197				2
2024.08.13	01:36:42.118	0.60196	0.60201			6
2024.08.13	01:36:42.695	0.60197	0.60202			6
2024.08.13	01:36:54.361	0.60198				2
2024.08.13	01:36:56.718		0.60204			4
2024.08.13	01:37:00.085	0.60198				2
2024.08.13	01:37:02.925	0.60197	0.60203			6
2024.08.13	01:37:03.931	0.60196	0.60202			6
2024.08.13	01:37:06.241	0.60197				2
2024.08.13	01:37:07.499		0.60201			4
2024.08.13	01:37:17.476	0.60203	0.60208			6
2024.08.13	01:37:41.021		0.60209			4
2024.08.13	01:37:56.371		0.60208			4
2024.08.13	01:37:56.871		0.60209			4
2024.08.13	01:38:00.237	0.60203				2
2024.08.13	01:38:16.754	0.60202				2
2024.08.13	01:38:17.481		0.60208			4
2024.08.13	01:38:20.718	0.60204	0.60209			6
2024.08.13	01:38:21.055		0.60210			4
2024.08.13	01:38:22.165	0.60205				2
2024.08.13	01:38:31.821	0.60207	0.60211			6
2024.08.13	01:38:32.132		0.60212			4
2024.08.13	01:38:33.186	0.60208	0.60213			6
2024.08.13	01:38:35.152		0.60214			4
2024.08.13	01:38:37.483		0.60213			4
2024.08.13	01:38:41.341		0.60212			4
2024.08.13	01:38:41.792	0.60207				2
2024.08.13	01:38:42.103	0.60208				2
2024.08.13	01:38:55.986		0.60213			4
2024.08.13	01:38:59.969		0.60209			4
2024.08.13	01:39:00.299	0.60208				2
2024.08.13	01:39:02.057	0.60207	0.60208			6
2024.08.13	01:39:07.206	0.60210	0.60212			6
2024.08.13	01:39:07.531	0.60211				2
2024.08.13	01:39:08.572	0.60210				2
2024.08.13	01:39:09.888		0.60215			4
2024.08.13	01:39:10.302	0.60212	0.60218			6
2024.08.13	01:39:10.604		0.60216			4
2024.08.13	01:39:16.203	0.60213	0.60218			6
2024.08.13	01:39:19.288	0.60216	0.60219			6
2024.08.13	01:39:19.597		0.60221			4
2024.08.13	01:39:25.941	0.60214	0.60219			6
2024.08.13	01:39:41.757	0.60212	0.60217			6
2024.08.13	01:39:50.108	0.60213				2
2024.08.13	01:40:00.665	0.60213				2
2024.08.13	01:40:01.496	0.60215	0.60219			6
2024.08.13	01:40:03.464	0.60214				2
2024.08.13	01:40:08.068	0.60212	0.60218			6
2024.08.13	01:40:22.481	0.60213	0.60219			6
2024.08.13	01:40:26.540		0.60218			4
2024.08.13	01:40:26.861		0.60217			4
2024.08.13	01:40:27.711		0.60218			4
2024.08.13	01:40:46.987		0.60216			4
2024.08.13	01:40:47.290		0.60218			4
2024.08.13	01:40:50.361	0.60212				2
2024.08.13	01:41:01.759	0.60212				2
2024.08.13	01:41:04.698		0.60217			4
2024.08.13	01:41:07.113	0.60213	0.60218			6
2024.08.13	01:41:12.899	0.60212	0.60216			6
2024.08.13	01:41:13.228		0.60217			4
2024.08.13	01:41:29.768	0.60211	0.60216			6
2024.08.13	01:42:01.052	0.60211				2
2024.08.13	01:42:02.869		0.60215			4
2024.08.13	01:42:05.379	0.60212	0.60214			6
2024.08.13	01:42:07.380		0.60216			4
2024.08.13	01:42:12.952		0.60217			4
2024.08.13	01:42:13.342		0.60216			4
2024.08.13	01:42:15.964		0.60217			4
2024.08.13	01:42:20.578	0.60215				2
2024.08.13	01:42:23.133		0.60218			4
2024.08.13	01:42:30.505		0.60217			4
2024.08.13	01:42:33.365		0.60216			4
2024.08.13	01:42:33.669		0.60217			4
2024.08.13	01:42:37.389		0.60218			4
2024.08.13	01:42:50.802	0.60214				2
2024.08.13	01:43:00.855	0.60215	0.60220			6
2024.08.13	01:43:34.886	0.60214	0.60219			6
2024.08.13	01:43:37.556		0.60218			4
2024.08.13	01:44:01.012	0.60214				2
2024.08.13	01:44:01.514	0.60215	0.60219			6
2024.08.13	01:44:01.921		0.60220			4
2024.08.13	01:44:07.304	0.60213	0.60219			6
2024.08.13	01:44:08.268		0.60218			4
2024.08.13	01:44:08.575	0.60211	0.60217			6
2024.08.13	01:44:09.810	0.60212	0.60218			6
2024.08.13	01:44:11.182		0.60219			4
2024.08.13	01:44:12.313	0.60215	0.60218			6
2024.08.13	01:44:33.301		0.60219			4
2024.08.13	01:44:37.228	0.60214	0.60218			6
2024.08.13	01:44:37.541	0.60215	0.60220			6
2024.08.13	01:44:49.800	0.60214				2
2024.08.13	01:44:56.376	0.60208	0.60212			6
2024.08.13	01:45:00.278	0.60208				2
2024.08.13	01:45:06.478		0.60213			4
2024.08.13	01:45:08.352	0.60209	0.60214			6
2024.08.13	01:45:08.661	0.60208	0.60213			6
2024.08.13	01:45:11.148		0.60214			4
2024.08.13	01:45:12.913	0.60209				2
2024.08.13	01:45:16.010	0.60208				2
2024.08.13	01:45:20.829	0.60209				2
2024.08.13	01:45:38.255	0.60212	0.60217			6
2024.08.13	01:45:40.662	0.60214	0.60218			6
2024.08.13	01:45:41.776	0.60213	0.60217			6
2024.08.13	01:45:42.283	0.60212				2
2024.08.13	01:45:43.499	0.60213	0.60218			6
2024.08.13	01:45:44.497	0.60220	0.60224			6
2024.08.13	01:45:44.804	0.60221	0.60226			6
2024.08.13	01:45:45.517	0.60226	0.60231			6
2024.08.13	01:45:46.600	0.60227	0.60232			6
2024.08.13	01:45:46.954	0.60226				2
2024.08.13	01:45:47.520	0.60230	0.60234			6
2024.08.13	01:45:50.631	0.60227	0.60232			6
2024.08.13	01:45:55.999	0.60228				2
2024.08.13	01:46:00.256	0.60231	0.60235			6
2024.08.13	01:46:02.392	0.60232	0.60236			6
2024.08.13	01:46:03.150		0.60237			4
2024.08.13	01:46:04.526	0.60237	0.60241			6
2024.08.13	01:46:04.853	0.60236				2
2024.08.13	01:46:05.531	0.60241	0.60244			6
2024.08.13	01:46:05.849		0.60246			4
2024.08.13	01:46:07.187		0.60245			4
2024.08.13	01:46:10.481		0.60246			4
2024.08.13	01:46:13.651	0.60246	0.60251			6
2024.08.13	01:46:14.000		0.60250			4
2024.08.13	01:46:15.669		0.60251			4
2024.08.13	01:46:16.010	0.60252	0.60255			6
2024.08.13	01:46:16.318	0.60253	0.60257			6
2024.08.13	01:46:20.670	0.60257	0.60262			6
2024.08.13	01:46:21.093		0.60260			4
2024.08.13	01:46:24.557	0.60258	0.60261			6
2024.08.13	01:46:25.320	0.60257				2
2024.08.13	01:46:27.397	0.60258				2
2024.08.13	01:46:28.677	0.60257				2
2024.08.13	01:46:30.376	0.60246	0.60251			6
2024.08.13	01:46:34.893	0.60247				2
2024.08.13	01:46:39.685	0.60246				2
2024.08.13	01:47:00.228	0.60246				2
2024.08.13	01:47:05.251	0.60247				2
2024.08.13	01:47:18.985	0.60246				2
2024.08.13	01:47:23.528	0.60240	0.60244			6
2024.08.13	01:47:30.424	0.60231	0.60235			6
2024.08.13	01:47:30.730		0.60234			4
2024.08.13	01:47:31.041	0.60227	0.60231			6
2024.08.13	01:47:32.081		0.60232			4
2024.08.13	01:47:42.421		0.60231			4
2024.08.13	01:47:42.880	0.60226				2
2024.08.13	01:47:45.096	0.60227	0.60232			6
2024.08.13	01:47:56.735	0.60226	0.60230			6
2024.08.13	01:47:57.363	0.60227	0.60232			6
2024.08.13	01:48:00.291	0.60227				2
2024.08.13	01:48:03.331		0.60231			4
2024.08.13	01:48:04.340		0.60232			4
2024.08.13	01:48:14.687		0.60231			4
2024.08.13	01:48:16.932		0.60232			4
2024.08.13	01:48:38.991	0.60229	0.60234			6
2024.08.13	01:48:48.852	0.60238	0.60241			6
2024.08.13	01:48:49.493	0.60237	0.60242			6
2024.08.13	01:49:00.124	0.60237				2
2024.08.13	01:49:00.436		0.60241			4
2024.08.13	01:49:21.149		0.60242			4
2024.08.13	01:49:36.369		0.60241			4
2024.08.13	01:49:37.160	0.60232	0.60237			6
2024.08.13	01:49:37.860	0.60233				2
2024.08.13	01:49:38.349	0.60232				2
2024.08.13	01:49:43.243	0.60233				2
2024.08.13	01:50:00.418	0.60233				2
2024.08.13	01:50:01.522	0.60232				2
2024.08.13	01:50:03.603		0.60236			4
2024.08.13	01:50:08.365		0.60237			4
2024.08.13	01:50:10.491	0.60233				2
2024.08.13	01:50:11.346	0.60232				2
2024.08.13	01:50:21.741		0.60236			4
2024.08.13	01:50:23.548		0.60237			4
2024.08.13	01:51:00.009	0.60232				2
2024.08.13	01:51:24.793		0.60237			4
2024.08.13	01:51:31.250	0.60237	0.60241			6
2024.08.13	01:51:41.770	0.60236				2
2024.08.13	01:51:51.785	0.60237				2
2024.08.13	01:51:57.460	0.60236				2
2024.08.13	01:52:00.967	0.60236				2
2024.08.13	01:52:10.311	0.60237				2
2024.08.13	01:52:11.184	0.60236				2
2024.08.13	01:52:21.452	0.60237				2
2024.08.13	01:52:22.048	0.60236				2
2024.08.13	01:52:28.744	0.60237				2
2024.08.13	01:52:31.709	0.60236	0.60241			6
2024.08.13	01:53:00.747	0.60236				2
2024.08.13	01:53:01.877	0.60237				2
2024.08.13	01:53:12.607	0.60233	0.60237			6
2024.08.13	01:53:30.993		0.60235			4
2024.08.13	01:53:31.294		0.60237			4
2024.08.13	01:53:37.652	0.60235	0.60240			6
2024.08.13	01:53:39.382		0.60239			4
2024.08.13	01:53:45.362	0.60236	0.60240			6
2024.08.13	01:53:47.204	0.60235	0.60239			6
2024.08.13	01:53:47.528	0.60234				2
2024.08.13	01:53:49.380	0.60235				2
2024.08.13	01:53:54.717		0.60240			4
2024.08.13	01:53:57.721		0.60239			4
2024.08.13	01:53:58.184		0.60240			4
2024.08.13	01:53:59.982		0.60239			4
2024.08.13	01:54:00.536	0.60235				2
2024.08.13	01:54:09.029		0.60240			4
2024.08.13	01:54:11.581		0.60239			4
2024.08.13	01:54:12.025		0.60240			4
2024.08.13	01:54:12.335		0.60239			4
2024.08.13	01:54:17.149		0.60240			4
2024.08.13	01:54:19.665		0.60238			4
2024.08.13	01:54:22.021		0.60239			4
2024.08.13	01:54:28.026	0.60233	0.60238			6
2024.08.13	01:54:28.367		0.60237			4
2024.08.13	01:54:34.610		0.60238			4
2024.08.13	01:54:35.398		0.60237			4
2024.08.13	01:54:35.870		0.60238			4
2024.08.13	01:54:36.178		0.60237			4
2024.08.13	01:54:38.164		0.60238			4
2024.08.13	01:54:38.680		0.60236			4
2024.08.13	01:54:39.398		0.60237			4
2024.08.13	01:54:41.372		0.60236			4
2024.08.13	01:54:41.677		0.60237			4
2024.08.13	01:54:43.964	0.60232	0.60236			6
2024.08.13	01:54:44.274		0.60235			4
2024.08.13	01:54:45.631	0.60233	0.60237			6
2024.08.13	01:54:46.836	0.60232	0.60236			6
2024.08.13	01:54:51.008		0.60237			4
2024.08.13	01:54:55.483		0.60236			4
2024.08.13	01:54:55.810		0.60237			4
2024.08.13	01:54:56.307		0.60236			4
2024.08.13	01:55:00.245	0.60232	0.60237			6
2024.08.13	01:55:01.397		0.60236			4
2024.08.13	01:55:04.388		0.60237			4
2024.08.13	01:55:04.711		0.60236			4
2024.08.13	01:55:05.419		0.60237			4
2024.08.13	01:55:05.725		0.60236			4
2024.08.13	01:55:06.277		0.60237			4
2024.08.13	01:55:08.416		0.60236			4
2024.08.13	01:55:09.409		0.60237			4
2024.08.13	01:55:09.834		0.60236			4
2024.08.13	01:55:10.636		0.60237			4
2024.08.13	01:55:28.926		0.60236			4
2024.08.13	01:55:29.399		0.60237			4
2024.08.13	01:55:31.000		0.60236			4
2024.08.13	01:55:31.473		0.60237			4
2024.08.13	01:55:33.390		0.60236			4
2024.08.13	01:55:33.696		0.60237			4
2024.08.13	01:55:34.133		0.60235			4
2024.08.13	01:55:34.484		0.60237			4
2024.08.13	01:55:35.670		0.60236			4
2024.08.13	01:55:36.056		0.60237			4
2024.08.13	01:56:00.869	0.60232				2
2024.08.13	01:56:05.724		0.60236			4
2024.08.13	01:56:09.004		0.60235			4
2024.08.13	01:56:13.098		0.60236			4
2024.08.13	01:56:21.774	0.60228	0.60233			6
2024.08.13	01:56:24.660	0.60227	0.60232			6
2024.08.13	01:56:24.962	0.60228				2
2024.08.13	01:56:30.841	0.60229	0.60233			6
2024.08.13	01:56:31.150	0.60228	0.60232			6
2024.08.13	01:56:34.389		0.60233			4
2024.08.13	01:56:49.095		0.60232			4
2024.08.13	01:56:51.223		0.60233			4
2024.08.13	01:56:52.358		0.60232			4
2024.08.13	01:56:52.741		0.60233			4
2024.08.13	01:56:53.394		0.60232			4
2024.08.13	01:56:53.725		0.60233			4
2024.08.13	01:56:57.891		0.60232			4
2024.08.13	01:57:00.704	0.60228				2
2024.08.13	01:57:03.034		0.60233			4
2024.08.13	01:57:03.390		0.60232			4
2024.08.13	01:57:22.293		0.60233			4
2024.08.13	01:57:22.604	0.60229				2
2024.08.13	01:57:23.371	0.60228				2
2024.08.13	01:57:31.251		0.60232			4
2024.08.13	01:57:31.953		0.60233			4
2024.08.13	01:57:32.283		0.60232			4
2024.08.13	01:57:53.232		0.60233			4
2024.08.13	01:58:00.752	0.60228				2
2024.08.13	01:58:12.995		0.60232			4
2024.08.13	01:58:20.291		0.60233			4
2024.08.13	01:58:29.987	0.60231	0.60234			6
2024.08.13	01:58:37.449	0.60230				2
2024.08.13	01:58:39.797		0.60231			4
2024.08.13	01:58:40.145	0.60231	0.60232			6
2024.08.13	01:58:40.799		0.60234			4
2024.08.13	01:59:00.425	0.60234	0.60238			6
2024.08.13	01:59:01.259		0.60237			4
2024.08.13	01:59:10.191		0.60238			4
2024.08.13	01:59:10.592		0.60237			4
2024.08.13	01:59:27.085		0.60238			4
2024.08.13	01:59:36.358		0.60237			4
2024.08.13	01:59:37.648		0.60238			4
2024.08.13	01:59:47.863	0.60235				2
2024.08.13	01:59:55.362		0.60239			4
2024.08.13	02:00:00.316	0.60235				2
2024.08.13	02:00:09.270		0.60237			4
2024.08.13	02:00:11.491		0.60238			4
2024.08.13	02:00:20.237		0.60239			4
2024.08.13	02:00:28.179	0.60236	0.60240			6
2024.08.13	02:00:36.813	0.60237				2
2024.08.13	02:00:57.435	0.60235	0.60239			6
2024.08.13	02:00:58.654	0.60236				2
2024.08.13	02:01:00.201	0.60236				2
2024.08.13	02:01:04.342		0.60240			4
2024.08.13	02:01:08.586		0.60239			4
2024.08.13	02:01:14.189		0.60238			4
2024.08.13	02:01:14.493		0.60239			4
2024.08.13	02:01:16.486		0.60238			4
2024.08.13	02:01:20.777		0.60240			4
2024.08.13	02:01:21.500		0.60239			4
2024.08.13	02:01:23.292	0.60234	0.60238			6
2024.08.13	02:01:23.617		0.60237			4
2024.08.13	02:01:25.537	0.60236	0.60238			6
2024.08.13	02:01:25.853	0.60235				2
2024.08.13	02:01:39.129		0.60237			4
2024.08.13	02:01:40.536		0.60238			4
2024.08.13	02:01:41.186		0.60237			4
2024.08.13	02:01:43.622		0.60238			4
2024.08.13	02:01:47.775	0.60234	0.60237			6
2024.08.13	02:01:49.121		0.60236			4
2024.08.13	02:01:49.427		0.60237			4
2024.08.13	02:01:51.062		0.60238			4
2024.08.13	02:01:52.410		0.60237			4
2024.08.13	02:01:53.631		0.60238			4
2024.08.13	02:01:54.068		0.60237			4
2024.08.13	02:01:54.426		0.60238			4
2024.08.13	02:01:54.736		0.60236			4
2024.08.13	02:01:55.164		0.60237			4
2024.08.13	02:01:57.197		0.60238			4
2024.08.13	02:01:58.001		0.60237			4
2024.08.13	02:01:59.362		0.60238			4
2024.08.13	02:02:00.328	0.60234	0.60237			6
2024.08.13	02:02:00.635		0.60235			4
2024.08.13	02:02:00.951		0.60236			4
2024.08.13	02:02:02.056		0.60235			4
2024.08.13	02:02:03.371		0.60238			4
2024.08.13	02:02:03.720		0.60237			4
2024.08.13	02:02:04.025		0.60236			4
2024.08.13	02:02:04.943		0.60237			4
2024.08.13	02:02:13.154		0.60236			4
2024.08.13	02:02:15.469		0.60237			4
2024.08.13	02:02:15.784		0.60236			4
2024.08.13	02:02:20.674		0.60237			4
2024.08.13	02:02:21.408		0.60236			4
2024.08.13	02:02:21.720		0.60237			4
2024.08.13	02:02:22.216		0.60236			4
2024.08.13	02:02:22.659		0.60237			4
2024.08.13	02:02:23.176	0.60229	0.60231			6
2024.08.13	02:02:23.483	0.60225	0.60229			6
2024.08.13	02:02:24.539		0.60228			4
2024.08.13	02:02:28.789		0.60229			4
2024.08.13	02:02:30.455		0.60228			4
2024.08.13	02:02:31.121		0.60229			4
2024.08.13	02:02:33.360		0.60228			4
2024.08.13	02:02:33.674		0.60229			4
2024.08.13	02:02:39.153	0.60227				2
2024.08.13	02:02:40.208		0.60230			4
2024.08.13	02:02:40.516	0.60232	0.60236			6
2024.08.13	02:02:41.239		0.60235			4
2024.08.13	02:02:52.081	0.60238	0.60239			6
2024.08.13	02:03:00.071	0.60238				2
2024.08.13	02:03:01.403		0.60242			4
2024.08.13	02:03:01.716		0.60241			4
2024.08.13	02:03:05.306	0.60237				2
2024.08.13	02:03:06.642	0.60238				2
2024.08.13	02:03:07.876	0.60237	0.60240			6
2024.08.13	02:03:08.184	0.60238				2
2024.08.13	02:03:10.592	0.60237				2
2024.08.13	02:03:12.558	0.60236				2
2024.08.13	02:03:13.723		0.60239			4
2024.08.13	02:03:14.301		0.60240			4
2024.08.13	02:03:14.978		0.60239			4
2024.08.13	02:03:15.413		0.60240			4
2024.08.13	02:03:15.767	0.60237	0.60239			6
2024.08.13	02:03:16.090	0.60236	0.60240			6
2024.08.13	02:03:17.164		0.60239			4
2024.08.13	02:03:17.541		0.60240			4
2024.08.13	02:03:18.021		0.60239			4
2024.08.13	02:03:18.456		0.60240			4
2024.08.13	02:03:19.049		0.60239			4
2024.08.13	02:03:20.096		0.60240			4
2024.08.13	02:03:20.901		0.60239			4
2024.08.13	02:03:21.348		0.60240			4
2024.08.13	02:03:21.660		0.60239			4
2024.08.13	02:03:22.706		0.60240			4
2024.08.13	02:03:23.059		0.60239			4
2024.08.13	02:03:23.540		0.60240			4
2024.08.13	02:03:23.959		0.60239			4
2024.08.13	02:03:24.688		0.60240			4
2024.08.13	02:03:25.735		0.60239			4
2024.08.13	02:03:26.793		0.60238			4
2024.08.13	02:03:27.102		0.60239			4
2024.08.13	02:03:27.407	0.60235				2
2024.08.13	02:03:28.753		0.60238			4
2024.08.13	02:03:29.354		0.60239			4
2024.08.13	02:03:29.704	0.60234	0.60237			6
2024.08.13	02:03:30.013	0.60235	0.60238			6
2024.08.13	02:03:30.321	0.60234	0.60236			6
2024.08.13	02:03:30.965		0.60237			4
2024.08.13	02:03:32.367		0.60236			4
2024.08.13	02:03:33.428		0.60237			4
2024.08.13	02:03:34.485		0.60236			4
2024.08.13	02:03:34.810		0.60237			4
2024.08.13	02:03:35.374		0.60236			4
2024.08.13	02:03:35.759		0.60237			4
2024.08.13	02:03:36.405		0.60238			4
2024.08.13	02:03:41.906		0.60237			4
2024.08.13	02:03:42.234		0.60238			4
2024.08.13	02:03:42.546		0.60237			4
2024.08.13	02:03:46.803	0.60236	0.60238			6
2024.08.13	02:03:49.108		0.60240			4
2024.08.13	02:03:52.390		0.60239			4
2024.08.13	02:03:52.912		0.60240			4
2024.08.13	02:03:53.931		0.60239			4
2024.08.13	02:03:54.348		0.60240			4
2024.08.13	02:03:55.289		0.60239			4
2024.08.13	02:04:00.507	0.60236				2
2024.08.13	02:04:00.818	0.60235	0.60238			6
2024.08.13	02:04:02.287		0.60237			4
2024.08.13	02:04:02.910		0.60238			4
2024.08.13	02:04:03.278	0.60233	0.60234			6
2024.08.13	02:04:03.583	0.60231				2
2024.08.13	02:04:16.517	0.60233				2
2024.08.13	02:04:16.831		0.60236			4
2024.08.13	02:04:20.519		0.60235			4
2024.08.13	02:04:21.387	0.60231	0.60236			6
2024.08.13	02:04:21.833		0.60235			4
2024.08.13	02:04:22.647	0.60233				2
2024.08.13	02:04:42.270		0.60234			4
2024.08.13	02:04:42.592		0.60235			4
2024.08.13	02:04:44.612	0.60232				2
2024.08.13	02:04:44.927	0.60231	0.60234			6
2024.08.13	02:04:49.968	0.60243	0.60246			6
2024.08.13	02:04:50.284	0.60244				2
2024.08.13	02:05:00.375	0.60244				2
2024.08.13	02:05:07.482	0.60239	0.60240			6
2024.08.13	02:05:07.801		0.60241			4
2024.08.13	02:05:10.485	0.60238				2
2024.08.13	02:05:10.788	0.60237	0.60240			6
2024.08.13	02:05:11.106		0.60241			4
2024.08.13	02:05:13.627		0.60240			4
2024.08.13	02:05:21.221	0.60234	0.60237			6
2024.08.13	02:05:21.848		0.60238			4
2024.08.13	02:05:22.899		0.60237			4
2024.08.13	02:05:26.025		0.60236			4
2024.08.13	02:05:26.343		0.60237			4
2024.08.13	02:05:28.541		0.60236			4
2024.08.13	02:05:28.865		0.60237			4
2024.08.13	02:05:33.033	0.60233				2
2024.08.13	02:05:34.051		0.60236			4
2024.08.13	02:05:34.395		0.60237			4
2024.08.13	02:05:38.680		0.60238			4
2024.08.13	02:05:38.991		0.60237			4
2024.08.13	02:05:39.391		0.60238			4
2024.08.13	02:05:39.716		0.60237			4
2024.08.13	02:05:40.392		0.60238			4
2024.08.13	02:05:40.760		0.60237			4
2024.08.13	02:05:41.405		0.60238			4
2024.08.13	02:05:41.767		0.60237			4
2024.08.13	02:05:42.082		0.60238			4
2024.08.13	02:05:43.057		0.60237			4
2024.08.13	02:05:43.490		0.60238			4
2024.08.13	02:05:44.205		0.60237			4
2024.08.13	02:05:44.547		0.60238			4
2024.08.13	02:05:46.270		0.60237			4
2024.08.13	02:05:47.245		0.60238			4
2024.08.13	02:05:47.696		0.60237			4
2024.08.13	02:05:48.226		0.60238			4
2024.08.13	02:05:48.798		0.60237			4
2024.08.13	02:05:49.727		0.60238			4
2024.08.13	02:05:50.418		0.60237			4
2024.08.13	02:05:50.851		0.60238			4
2024.08.13	02:05:51.934		0.60237			4
2024.08.13	02:05:53.081		0.60236			4
2024.08.13	02:05:53.406		0.60237			4
2024.08.13	02:05:53.993		0.60236			4
2024.08.13	02:05:54.313		0.60237			4
2024.08.13	02:05:55.420		0.60238			4
2024.08.13	02:05:56.111		0.60237			4
2024.08.13	02:05:56.737		0.60236			4
2024.08.13	02:05:57.375		0.60237			4
2024.08.13	02:05:58.408		0.60236			4
2024.08.13	02:05:58.721		0.60237			4
2024.08.13	02:05:59.390		0.60236			4
2024.08.13	02:05:59.694		0.60237			4
2024.08.13	02:06:00.004	0.60233				2
2024.08.13	02:06:00.747	0.60234	0.60236			6
2024.08.13	02:06:01.059	0.60233	0.60237			6
2024.08.13	02:06:02.119		0.60236			4
2024.08.13	02:06:02.876		0.60237			4
2024.08.13	02:06:03.277		0.60236			4
2024.08.13	02:06:04.981		0.60237			4
2024.08.13	02:06:05.290		0.60236			4
2024.08.13	02:06:09.939		0.60235			4
2024.08.13	02:06:10.409		0.60236			4
2024.08.13	02:06:10.715		0.60235			4
2024.08.13	02:06:11.429		0.60236			4
2024.08.13	02:06:12.661	0.60234				2
2024.08.13	02:06:12.966	0.60233				2
2024.08.13	02:06:13.812	0.60234				2
2024.08.13	02:06:14.125	0.60233				2
2024.08.13	02:06:18.350	0.60234				2
2024.08.13	02:06:18.685	0.60233				2
2024.08.13	02:06:19.502	0.60234				2
2024.08.13	02:06:19.811	0.60233				2
2024.08.13	02:06:20.775		0.60238			4
2024.08.13	02:06:21.430		0.60237			4
2024.08.13	02:06:21.946		0.60238			4
2024.08.13	02:06:22.384		0.60237			4
2024.08.13	02:06:23.054		0.60236			4
2024.08.13	02:06:23.424		0.60237			4
2024.08.13	02:06:24.101		0.60236			4
2024.08.13	02:06:24.418		0.60237			4
2024.08.13	02:06:26.186	0.60234				2
2024.08.13	02:06:26.519	0.60233				2
2024.08.13	02:06:27.463		0.60236			4
2024.08.13	02:06:27.813		0.60237			4
2024.08.13	02:06:28.603	0.60234	0.60236			6
2024.08.13	02:06:28.921		0.60237			4
2024.08.13	02:06:29.842		0.60238			4
2024.08.13	02:06:30.160		0.60237			4
2024.08.13	02:06:33.276		0.60236			4
2024.08.13	02:06:33.614		0.60237			4
2024.08.13	02:06:34.343		0.60236			4
2024.08.13	02:06:35.029		0.60237			4
2024.08.13	02:06:38.556		0.60236			4
2024.08.13	02:06:38.856		0.60237			4
2024.08.13	02:06:39.684		0.60238			4
2024.08.13	02:06:39.985		0.60237			4
2024.08.13	02:06:42.742		0.60238			4
2024.08.13	02:06:43.094		0.60237			4
2024.08.13	02:06:43.398		0.60238			4
2024.08.13	02:06:44.357		0.60237			4
2024.08.13	02:06:45.726		0.60238			4
2024.08.13	02:06:46.610		0.60237			4
2024.08.13	02:06:47.873		0.60236			4
2024.08.13	02:06:48.386		0.60237			4
2024.08.13	02:06:51.322		0.60238			4
2024.08.13	02:06:52.378		0.60237			4
2024.08.13	02:06:54.478		0.60236			4
2024.08.13	02:06:55.386		0.60237			4
2024.08.13	02:06:55.756	0.60233	0.60236			6
2024.08.13	02:06:56.365		0.60237			4
2024.08.13	02:07:00.230	0.60233				2
2024.08.13	02:07:01.213		0.60234			4
2024.08.13	02:07:01.523		0.60237			4
2024.08.13	02:07:04.500	0.60234	0.60238			6
2024.08.13	02:07:04.804	0.60233	0.60237			6
2024.08.13	02:07:06.076		0.60236			4
2024.08.13	02:07:06.396		0.60237			4
2024.08.13	02:07:06.808	0.60234				2
2024.08.13	02:07:07.141	0.60233	0.60236			6
2024.08.13	02:07:07.446		0.60237			4
2024.08.13	02:07:08.644		0.60236			4
2024.08.13	02:07:10.045		0.60237			4
2024.08.13	02:07:11.300		0.60236			4
2024.08.13	02:07:12.344		0.60237			4
2024.08.13	02:07:13.705		0.60236			4
2024.08.13	02:07:14.657	0.60237	0.60241			6
2024.08.13	02:07:15.667	0.60241	0.60246			6
2024.08.13	02:07:16.075		0.60244			4
2024.08.13	02:07:16.780	0.60243				2
2024.08.13	02:07:19.781	0.60250	0.60252			6
2024.08.13	02:07:20.108	0.60248	0.60249			6
2024.08.13	02:07:20.414	0.60247				2
2024.08.13	02:07:22.605	0.60248				2
2024.08.13	02:07:24.831		0.60250			4
2024.08.13	02:07:30.349	0.60247				2
2024.08.13	02:07:30.660		0.60251			4
2024.08.13	02:07:31.491		0.60250			4
2024.08.13	02:07:31.957		0.60251			4
2024.08.13	02:07:32.706		0.60250			4
2024.08.13	02:07:36.826	0.60243	0.60248			6
2024.08.13	02:07:37.475		0.60247			4
2024.08.13	02:07:38.230	0.60241	0.60245			6
2024.08.13	02:07:38.545		0.60244			4
2024.08.13	02:07:41.906		0.60245			4
2024.08.13	02:07:42.211		0.60244			4
2024.08.13	02:07:45.300		0.60245			4
2024.08.13	02:07:52.575	0.60242				2
2024.08.13	02:07:53.184	0.60240				2
2024.08.13	02:07:54.466		0.60244			4
2024.08.13	02:07:56.499	0.60242	0.60245			6
2024.08.13	02:08:00.212	0.60242				2
2024.08.13	02:08:04.339	0.60243				2
2024.08.13	02:08:21.618	0.60242				2
2024.08.13	02:08:35.682	0.60243				2
2024.08.13	02:08:37.764	0.60244	0.60246			6
2024.08.13	02:08:38.078		0.60247			4
2024.08.13	02:08:46.609		0.60246			4
2024.08.13	02:08:46.986		0.60247			4
2024.08.13	02:08:47.394		0.60246			4
2024.08.13	02:08:47.765		0.60247			4
2024.08.13	02:08:48.404		0.60246			4
2024.08.13	02:08:48.731		0.60247			4
2024.08.13	02:08:54.994		0.60246			4
2024.08.13	02:08:58.228		0.60247			4
2024.08.13	02:08:59.954		0.60246			4
2024.08.13	02:09:00.325	0.60244				2
2024.08.13	02:09:01.151		0.60247			4
2024.08.13	02:09:04.101		0.60246			4
2024.08.13	02:09:05.096		0.60247			4
2024.08.13	02:09:08.311		0.60246			4
2024.08.13	02:09:09.113		0.60247			4
2024.08.13	02:09:19.040	0.60248	0.60249			6
2024.08.13	02:09:19.381	0.60247	0.60248			6
2024.08.13	02:09:41.880		0.60250			4
2024.08.13	02:09:44.758		0.60252			4
2024.08.13	02:09:45.395		0.60251			4
2024.08.13	02:09:49.423		0.60252			4
2024.08.13	02:09:50.348		0.60251			4
2024.08.13	02:09:51.373		0.60252			4
2024.08.13	02:09:52.398		0.60251			4
2024.08.13	02:09:52.903		0.60252			4
2024.08.13	02:09:53.409		0.60251			4
2024.08.13	02:10:00.423	0.60247				2
2024.08.13	02:10:05.764	0.60248				2
2024.08.13	02:10:06.101	0.60249				2
2024.08.13	02:10:14.743	0.60248	0.60250			6
2024.08.13	02:10:15.267	0.60247	0.60251			6
2024.08.13	02:10:15.673		0.60252			4
2024.08.13	02:10:16.391		0.60251			4
2024.08.13	02:10:16.695		0.60252			4
2024.08.13	02:10:17.107		0.60251			4
2024.08.13	02:10:21.952		0.60252			4
2024.08.13	02:10:22.420		0.60251			4
2024.08.13	02:10:39.266		0.60252			4
2024.08.13	02:10:39.758		0.60251			4
2024.08.13	02:10:43.163		0.60250			4
2024.08.13	02:10:43.516		0.60251			4
2024.08.13	02:10:47.398		0.60252			4
2024.08.13	02:10:47.703		0.60251			4
2024.08.13	02:10:48.234		0.60252			4
2024.08.13	02:10:50.512		0.60251			4
2024.08.13	02:10:57.743	0.60248				2
2024.08.13	02:10:58.050	0.60247				2
2024.08.13	02:11:00.547	0.60247				2
2024.08.13	02:11:49.482		0.60250			4
2024.08.13	02:12:00.383	0.60247				2
2024.08.13	02:12:11.090	0.60246				2
2024.08.13	02:12:50.427		0.60250			4
2024.08.13	02:13:01.879	0.60246				2
2024.08.13	02:13:08.586		0.60248			4
2024.08.13	02:13:08.889		0.60250			4
2024.08.13	02:13:17.609	0.60231	0.60234			6
2024.08.13	02:13:17.923	0.60229	0.60233			6
2024.08.13	02:13:18.992	0.60230	0.60234			6
2024.08.13	02:13:35.242	0.60228	0.60232			6
2024.08.13	02:13:49.221	0.60227				2
2024.08.13	02:13:50.230	0.60229	0.60231			6
2024.08.13	02:13:50.542	0.60227				2
2024.08.13	02:13:52.113	0.60228				2
2024.08.13	02:13:53.904	0.60226	0.60230			6
2024.08.13	02:14:00.377	0.60226				2
2024.08.13	02:14:00.728	0.60227				2
2024.08.13	02:14:02.832	0.60226				2
2024.08.13	02:14:03.803	0.60228				2
2024.08.13	02:14:04.106	0.60226				2
2024.08.13	02:14:10.555	0.60228				2
2024.08.13	02:14:11.050	0.60226				2
2024.08.13	02:14:11.715	0.60227				2
2024.08.13	02:14:17.297	0.60226				2
2024.08.13	02:14:22.840	0.60227				2
2024.08.13	02:14:26.341		0.60229			4
2024.08.13	02:14:27.062	0.60225	0.60227			6
2024.08.13	02:14:27.370	0.60223	0.60225			6
2024.08.13	02:14:47.124		0.60226			4
2024.08.13	02:14:54.868	0.60216	0.60220			6
2024.08.13	02:15:00.359	0.60216				2
2024.08.13	02:15:11.094	0.60218				2
2024.08.13	02:15:11.403	0.60219				2
2024.08.13	02:15:11.773	0.60217				2
2024.08.13	02:15:13.141	0.60218				2
2024.08.13	02:15:15.429		0.60221			4
2024.08.13	02:15:16.982	0.60215	0.60219			6
2024.08.13	02:15:21.668	0.60216				2
2024.08.13	02:15:35.579		0.60220			4
2024.08.13	02:15:47.309	0.60217				2
2024.08.13	02:15:51.460	0.60218				2
2024.08.13	02:15:51.762	0.60217	0.60221			6
2024.08.13	02:16:00.732	0.60217				2
2024.08.13	02:16:02.175	0.60216	0.60220			6
2024.08.13	02:16:11.955	0.60217	0.60221			6
2024.08.13	02:16:35.389		0.60220			4
2024.08.13	02:16:36.414		0.60221			4
2024.08.13	02:16:39.365		0.60220			4
2024.08.13	02:16:39.669	0.60216				2
2024.08.13	02:16:57.670	0.60217	0.60221			6
2024.08.13	02:17:00.692	0.60217				2
2024.08.13	02:17:01.143	0.60218				2
2024.08.13	02:17:06.176	0.60219				2
2024.08.13	02:17:06.480	0.60218				2
2024.08.13	02:17:09.049	0.60219	0.60222			6
2024.08.13	02:17:20.938	0.60223	0.60226			6
2024.08.13	02:17:24.788	0.60231	0.60234			6
2024.08.13	02:17:27.961	0.60229	0.60232			6
2024.08.13	02:17:28.290	0.60234	0.60236			6
2024.08.13	02:17:30.119	0.60233	0.60235			6
2024.08.13	02:17:35.671	0.60231	0.60234			6
2024.08.13	02:17:40.485		0.60233			4
2024.08.13	02:17:40.881		0.60234			4
2024.08.13	02:17:45.824	0.60232	0.60236			6
2024.08.13	02:17:46.127	0.60233	0.60235			6
2024.08.13	02:17:46.828		0.60236			4
2024.08.13	02:17:47.267	0.60232	0.60235			6
2024.08.13	02:17:48.413	0.60233	0.60236			6
2024.08.13	02:17:49.889	0.60235	0.60238			6
2024.08.13	02:18:00.421	0.60235				2
2024.08.13	02:18:04.573		0.60236			4
2024.08.13	02:18:04.877		0.60238			4
2024.08.13	02:18:41.293	0.60234	0.60235			6
2024.08.13	02:18:41.604	0.60232	0.60233			6
2024.08.13	02:18:48.575	0.60230				2
2024.08.13	02:18:49.422		0.60232			4
2024.08.13	02:19:00.154	0.60230				2
2024.08.13	02:19:00.721	0.60229				2
2024.08.13	02:19:06.567		0.60230			4
2024.08.13	02:19:06.890	0.60228	0.60229			6
2024.08.13	02:19:07.203	0.60227				2
2024.08.13	02:19:08.385		0.60230			4
2024.08.13	02:19:08.695		0.60229			4
2024.08.13	02:19:27.827	0.60228	0.60231			6
2024.08.13	02:19:28.132	0.60231	0.60234			6
2024.08.13	02:19:28.505	0.60230				2
2024.08.13	02:19:35.346	0.60231				2
2024.08.13	02:19:37.751	0.60233	0.60237			6
2024.08.13	02:19:38.896		0.60235			4
2024.08.13	02:19:39.204		0.60236			4
2024.08.13	02:19:41.300		0.60235			4
2024.08.13	02:19:41.670		0.60236			4
2024.08.13	02:19:45.478		0.60237			4
2024.08.13	02:19:50.385		0.60236			4
2024.08.13	02:19:55.679	0.60234	0.60237			6
2024.08.13	02:19:55.991	0.60233				2
2024.08.13	02:20:00.096	0.60233				2
2024.08.13	02:20:00.644		0.60236			4
2024.08.13	02:20:01.519		0.60235			4
2024.08.13	02:20:04.273	0.60236	0.60239			6
2024.08.13	02:20:16.386	0.60234	0.60237			6
2024.08.13	02:20:16.713	0.60235				2
2024.08.13	02:20:26.693		0.60238			4
2024.08.13	02:20:33.199	0.60234				2
2024.08.13	02:20:33.501	0.60235				2
2024.08.13	02:20:43.246		0.60237			4
2024.08.13	02:20:45.490	0.60234				2
2024.08.13	02:20:45.812	0.60236	0.60239			6
2024.08.13	02:20:55.698	0.60239	0.60243			6
2024.08.13	02:21:00.141	0.60239				2
2024.08.13	02:21:00.862		0.60242			4
2024.08.13	02:21:06.584	0.60237	0.60239			6
2024.08.13	02:21:06.905		0.60240			4
2024.08.13	02:21:07.222	0.60239	0.60242			6
2024.08.13	02:21:07.530	0.60238				2
2024.08.13	02:21:12.412		0.60241			4
2024.08.13	02:21:12.872		0.60242			4
2024.08.13	02:21:19.915	0.60237	0.60241			6
2024.08.13	02:21:29.267	0.60235	0.60238			6
2024.08.13	02:21:31.170		0.60239			4
2024.08.13	02:21:35.842	0.60237	0.60241			6
2024.08.13	02:21:38.153	0.60235	0.60239			6
2024.08.13	02:21:39.301		0.60238			4
2024.08.13	02:21:50.150	0.60234	0.60237			6
2024.08.13	02:21:50.524		0.60236			4
2024.08.13	02:21:51.201	0.60235	0.60237			6
2024.08.13	02:21:51.525	0.60234	0.60235			6
2024.08.13	02:21:51.826	0.60235	0.60237			6
2024.08.13	02:22:02.383	0.60236				2
2024.08.13	02:22:02.728	0.60235				2
2024.08.13	02:22:06.760	0.60236				2
2024.08.13	02:22:07.080	0.60235				2
2024.08.13	02:22:11.010	0.60233	0.60236			6
2024.08.13	02:22:11.323	0.60235	0.60237			6
2024.08.13	02:22:11.992	0.60236	0.60238			6
2024.08.13	02:22:13.136	0.60235				2
2024.08.13	02:22:14.184	0.60236				2
2024.08.13	02:22:14.488	0.60235				2
2024.08.13	02:22:28.931	0.60239	0.60243			6
2024.08.13	02:22:29.785		0.60242			4
2024.08.13	02:22:32.145		0.60241			4
2024.08.13	02:22:36.445		0.60242			4
2024.08.13	02:22:51.371	0.60238				2
2024.08.13	02:22:51.739	0.60239				2
2024.08.13	02:22:52.936	0.60238				2
2024.08.13	02:22:53.905	0.60240				2
2024.08.13	02:22:54.223	0.60239				2
2024.08.13	02:23:00.402	0.60238				2
2024.08.13	02:23:01.327	0.60239				2
2024.08.13	02:23:03.434		0.60241			4
2024.08.13	02:23:05.910	0.60238				2
2024.08.13	02:23:06.827	0.60239				2
2024.08.13	02:23:39.120	0.60238				2
2024.08.13	02:23:40.755	0.60240				2
2024.08.13	02:23:41.068	0.60239				2
2024.08.13	02:23:59.847	0.60240				2
2024.08.13	02:24:00.172	0.60239				2
2024.08.13	02:24:03.882		0.60241			4
2024.08.13	02:24:08.281	0.60232	0.60233			6
2024.08.13	02:24:08.585	0.60226	0.60229			6
2024.08.13	02:24:09.713	0.60230	0.60232			6
2024.08.13	02:24:10.029		0.60231			4
2024.08.13	02:24:10.694	0.60229	0.60230			6
2024.08.13	02:24:12.162	0.60230	0.60231			6
2024.08.13	02:24:18.344		0.60233			4
2024.08.13	02:24:20.353		0.60232			4
2024.08.13	02:24:27.744	0.60229				2
2024.08.13	02:24:28.057	0.60230				2
2024.08.13	02:24:30.251	0.60229				2
2024.08.13	02:24:30.877	0.60230				2
2024.08.13	02:24:33.932		0.60233			4
2024.08.13	02:24:35.996		0.60232			4
2024.08.13	02:24:41.002	0.60231	0.60233			6
2024.08.13	02:24:41.314	0.60230				2
2024.08.13	02:24:53.925	0.60232	0.60235			6
2024.08.13	02:24:54.242	0.60230	0.60233			6
2024.08.13	02:24:59.914	0.60226	0.60229			6
2024.08.13	02:25:00.237	0.60226				2
2024.08.13	02:25:00.540	0.60227				2
2024.08.13	02:25:02.494	0.60226	0.60228			6
2024.08.13	02:25:08.550	0.60221	0.60224			6
2024.08.13	02:25:08.872	0.60222				2
2024.08.13	02:25:15.921	0.60223				2
2024.08.13	02:25:16.222	0.60224	0.60225			6
2024.08.13	02:25:17.243	0.60225	0.60226			6
2024.08.13	02:25:19.893	0.60222	0.60224			6
2024.08.13	02:25:21.316	0.60217	0.60219			6
2024.08.13	02:25:21.625	0.60216				2
2024.08.13	02:25:22.506	0.60215	0.60217			6
2024.08.13	02:25:23.815	0.60220	0.60221			6
2024.08.13	02:25:24.146		0.60222			4
2024.08.13	02:25:24.501	0.60219	0.60221			6
2024.08.13	02:25:25.597	0.60215	0.60217			6
2024.08.13	02:25:36.857	0.60216				2
2024.08.13	02:25:37.160	0.60215				2
2024.08.13	02:25:42.342	0.60213				2
2024.08.13	02:25:43.746	0.60215	0.60219			6
2024.08.13	02:25:44.365	0.60214	0.60217			6
2024.08.13	02:25:53.398	0.60216	0.60219			6
2024.08.13	02:25:54.054	0.60217				2
2024.08.13	02:25:55.677	0.60215	0.60217			6
2024.08.13	02:25:59.743		0.60218			4
2024.08.13	02:26:00.060	0.60215				2
2024.08.13	02:26:00.399	0.60218	0.60220			6
2024.08.13	02:26:11.062		0.60221			4
2024.08.13	02:26:14.475	0.60217				2
2024.08.13	02:26:15.514		0.60220			4
2024.08.13	02:26:16.965		0.60219			4
2024.08.13	02:26:19.692	0.60215	0.60218			6
2024.08.13	02:26:20.015		0.60217			4
2024.08.13	02:26:21.291	0.60212	0.60213			6
2024.08.13	02:26:21.595	0.60210	0.60211			6
2024.08.13	02:26:22.646	0.60209				2
2024.08.13	02:26:26.342	0.60210				2
2024.08.13	02:26:26.664	0.60209				2
2024.08.13	02:26:27.409	0.60210				2
2024.08.13	02:26:27.726	0.60209				2
2024.08.13	02:26:32.358	0.60210				2
2024.08.13	02:26:32.698	0.60209				2
2024.08.13	02:26:33.526	0.60210				2
2024.08.13	02:26:33.868	0.60209				2
2024.08.13	02:26:34.170	0.60210	0.60212			6
2024.08.13	02:26:38.096	0.60209				2
2024.08.13	02:26:38.933	0.60210				2
2024.08.13	02:26:39.243	0.60209				2
2024.08.13	02:26:42.343	0.60210				2
2024.08.13	02:26:42.662	0.60209	0.60211			6
2024.08.13	02:26:43.330	0.60210				2
2024.08.13	02:26:43.641	0.60209				2
2024.08.13	02:26:44.575	0.60211	0.60212			6
2024.08.13	02:26:44.878	0.60209	0.60211			6
2024.08.13	02:26:46.930	0.60210				2
2024.08.13	02:26:48.319	0.60209				2
2024.08.13	02:26:49.261	0.60210				2
2024.08.13	02:26:53.764	0.60211	0.60213			6
2024.08.13	02:26:56.061		0.60215			4
2024.08.13	02:26:59.794	0.60214	0.60216			6
2024.08.13	02:27:00.103	0.60214				2
2024.08.13	02:27:31.048	0.60213				2
2024.08.13	02:27:34.930	0.60210	0.60214			6
2024.08.13	02:27:36.373	0.60211				2
2024.08.13	02:27:49.813	0.60205	0.60209			6
2024.08.13	02:27:50.125	0.60206	0.60208			6
2024.08.13	02:28:00.073	0.60206				2
2024.08.13	02:28:01.540	0.60205				2
2024.08.13	02:28:09.402		0.60209			4
2024.08.13	02:28:10.678	0.60206	0.60210			6
2024.08.13	02:28:11.466	0.60207				2
2024.08.13	02:28:11.797	0.60208	0.60211			6
2024.08.13	02:28:12.107		0.60210			4
2024.08.13	02:28:12.425	0.60216	0.60219			6
2024.08.13	02:28:12.744	0.60215	0.60218			6
2024.08.13	02:28:13.340		0.60217			4
2024.08.13	02:28:16.677		0.60218			4
2024.08.13	02:28:17.402		0.60217			4
2024.08.13	02:28:18.399		0.60218			4
2024.08.13	02:28:20.748		0.60217			4
2024.08.13	02:28:23.715		0.60219			4
2024.08.13	02:28:24.040		0.60218			4
2024.08.13	02:28:26.754		0.60217			4
2024.08.13	02:28:27.108		0.60218			4
2024.08.13	02:28:28.528		0.60219			4
2024.08.13	02:28:28.862		0.60218			4
2024.08.13	02:28:29.197		0.60219			4
2024.08.13	02:28:29.573	0.60216				2
2024.08.13	02:28:33.290	0.60218	0.60220			6
2024.08.13	02:28:35.142	0.60232	0.60234			6
2024.08.13	02:28:35.465	0.60231				2
2024.08.13	02:28:36.910		0.60235			4
2024.08.13	02:28:42.261	0.60230				2
2024.08.13	02:28:53.163	0.60222	0.60225			6
2024.08.13	02:28:53.491		0.60224			4
2024.08.13	02:29:00.386	0.60222				2
2024.08.13	02:29:03.221	0.60219	0.60222			6
2024.08.13	02:29:08.395	0.60218	0.60221			6
2024.08.13	02:29:10.796	0.60219				2
2024.08.13	02:29:15.132	0.60220				2
2024.08.13	02:29:15.517	0.60219				2
2024.08.13	02:29:16.347	0.60220				2
2024.08.13	02:29:16.658	0.60219				2
2024.08.13	02:29:17.532		0.60222			4
2024.08.13	02:29:18.576	0.60220				2
2024.08.13	02:29:18.907	0.60219				2
2024.08.13	02:29:19.831	0.60220				2
2024.08.13	02:29:21.055	0.60219				2
2024.08.13	02:29:23.586	0.60217	0.60220			6
2024.08.13	02:29:23.894	0.60216				2
2024.08.13	02:29:24.542		0.60219			4
2024.08.13	02:29:25.550	0.60217	0.60220			6
2024.08.13	02:29:28.188	0.60218				2
2024.08.13	02:29:28.618	0.60217				2
2024.08.13	02:29:33.715	0.60218	0.60221			6
2024.08.13	02:29:37.040	0.60220	0.60223			6
2024.08.13	02:29:38.210	0.60219				2
2024.08.13	02:29:39.001	0.60220				2
2024.08.13	02:29:44.048	0.60219				2
2024.08.13	02:29:48.549	0.60222				2
2024.08.13	02:29:48.876	0.60219				2
2024.08.13	02:29:51.640	0.60220				2
2024.08.13	02:29:51.941	0.60219	0.60222			6
2024.08.13	02:29:53.773		0.60221			4
2024.08.13	02:29:55.270		0.60222			4
2024.08.13	02:29:55.932		0.60221			4
2024.08.13	02:29:56.369		0.60222			4
2024.08.13	02:29:57.733		0.60221			4
2024.08.13	02:29:59.908		0.60222			4
2024.08.13	02:30:00.505	0.60219	0.60223			6
2024.08.13	02:30:00.835		0.60222			4
2024.08.13	02:30:01.792	0.60218				2
2024.08.13	02:30:02.124		0.60221			4
2024.08.13	02:30:02.432		0.60222			4
2024.08.13	02:30:03.018		0.60221			4
2024.08.13	02:30:03.718	0.60220	0.60223			6
2024.08.13	02:30:05.257	0.60219	0.60222			6
2024.08.13	02:30:06.301	0.60220	0.60223			6
2024.08.13	02:30:06.737	0.60221				2
2024.08.13	02:30:07.042	0.60220				2
2024.08.13	02:30:14.659	0.60219	0.60222			6
2024.08.13	02:30:15.021	0.60220	0.60223			6
2024.08.13	02:30:16.511		0.60222			4
2024.08.13	02:30:16.987		0.60223			4
2024.08.13	02:30:18.236	0.60221				2
2024.08.13	02:30:21.792	0.60219	0.60222			6
2024.08.13	02:30:22.096	0.60218				2
2024.08.13	02:30:22.434		0.60221			4
2024.08.13	02:30:22.758	0.60219	0.60223			6
2024.08.13	02:30:23.080		0.60221			4
2024.08.13	02:30:24.370	0.60218	0.60222			6
2024.08.13	02:30:25.761	0.60219	0.60221			6
2024.08.13	02:30:30.740	0.60218				2
2024.08.13	02:30:31.057	0.60219				2
2024.08.13	02:30:31.672	0.60218				2
2024.08.13	02:30:43.520	0.60220	0.60222			6
2024.08.13	02:30:44.100		0.60221			4
2024.08.13	02:30:44.626	0.60219	0.60222			6
2024.08.13	02:30:46.554	0.60220	0.60221			6
2024.08.13	02:30:46.944	0.60219				2
2024.08.13	02:30:48.363	0.60228	0.60231			6
2024.08.13	02:30:48.724	0.60226	0.60228			6
2024.08.13	02:30:50.020		0.60229			4
2024.08.13	02:30:55.282	0.60228	0.60230			6
2024.08.13	02:30:56.066	0.60226	0.60229			6
2024.08.13	02:30:57.275		0.60228			4
2024.08.13	02:30:58.290	0.60227	0.60230			6
2024.08.13	02:30:58.592	0.60226	0.60229			6
2024.08.13	02:31:00.395	0.60226	0.60228			6
2024.08.13	02:31:02.801		0.60229			4
2024.08.13	02:31:06.292		0.60228			4
2024.08.13	02:31:07.312	0.60224	0.60227			6
2024.08.13	02:31:09.256	0.60225	0.60228			6
2024.08.13	02:31:09.561		0.60227			4
2024.08.13	02:31:11.279	0.60223	0.60225			6
2024.08.13	02:31:11.661		0.60226			4
2024.08.13	02:31:12.403	0.60222	0.60225			6
2024.08.13	02:31:20.405		0.60224			4
2024.08.13	02:31:32.406	0.60223	0.60225			6
2024.08.13	02:31:35.587		0.60226			4
2024.08.13	02:31:36.504	0.60222	0.60225			6
2024.08.13	02:31:36.810		0.60224			4
2024.08.13	02:31:38.946		0.60225			4
2024.08.13	02:31:43.793	0.60223				2
2024.08.13	02:31:44.112	0.60221	0.60223			6
2024.08.13	02:31:46.750	0.60220				2
2024.08.13	02:31:49.564	0.60222	0.60226			6
2024.08.13	02:31:49.865		0.60225			4
2024.08.13	02:31:51.280		0.60224			4
2024.08.13	02:31:51.893		0.60225			4
2024.08.13	02:32:00.607	0.60222				2
2024.08.13	02:32:02.005	0.60223				2
2024.08.13	02:32:03.745	0.60219	0.60222			6
2024.08.13	02:32:05.780		0.60221			4
2024.08.13	02:32:06.082		0.60222			4
2024.08.13	02:32:07.683		0.60221			4
2024.08.13	02:32:07.997		0.60222			4
2024.08.13	02:32:08.301		0.60221			4
2024.08.13	02:32:08.616		0.60222			4
2024.08.13	02:32:09.316		0.60223			4
2024.08.13	02:32:09.637		0.60222			4
2024.08.13	02:32:11.719		0.60221			4
2024.08.13	02:32:12.056		0.60222			4
2024.08.13	02:32:12.656		0.60221			4
2024.08.13	02:32:12.963	0.60230	0.60234			6
2024.08.13	02:32:24.716		0.60233			4
2024.08.13	02:32:25.972	0.60229	0.60232			6
2024.08.13	02:32:26.723	0.60228				2
2024.08.13	02:32:27.069	0.60230	0.60233			6
2024.08.13	02:32:27.761	0.60228	0.60232			6
2024.08.13	02:32:29.142	0.60229				2
2024.08.13	02:32:29.495	0.60225	0.60229			6
2024.08.13	02:32:34.467		0.60228			4
2024.08.13	02:32:34.822	0.60224	0.60227			6
2024.08.13	02:32:35.124		0.60226			4
2024.08.13	02:32:35.841		0.60227			4
2024.08.13	02:32:36.881		0.60226			4
2024.08.13	02:32:37.370		0.60227			4
2024.08.13	02:32:40.528	0.60221	0.60223			6
2024.08.13	02:32:40.830	0.60219				2
2024.08.13	02:32:41.861	0.60220				2
2024.08.13	02:32:42.291	0.60223	0.60227			6
2024.08.13	02:32:58.032	0.60224				2
2024.08.13	02:33:00.360	0.60224				2
2024.08.13	02:33:01.488	0.60223	0.60224			6
2024.08.13	02:33:04.909		0.60226			4
2024.08.13	02:33:05.492	0.60224	0.60227			6
2024.08.13	02:33:05.793	0.60223				2
2024.08.13	02:33:17.636	0.60224	0.60229			6
2024.08.13	02:33:17.938		0.60227			4
2024.08.13	02:33:18.449		0.60228			4
2024.08.13	02:33:18.798		0.60227			4
2024.08.13	02:33:22.356		0.60229			4
2024.08.13	02:33:22.662	0.60223	0.60227			6
2024.08.13	02:33:32.241		0.60228			4
2024.08.13	02:33:32.543		0.60227			4
2024.08.13	02:33:40.319		0.60226			4
