<DATE>	<TIME>	<BID>	<ASK>	<LAST>	<VOLUME>	<FLAGS>
2024.07.08	00:00:00.259	0.61304	0.61412			6
2024.07.08	00:00:07.335	0.61306	0.61408			6
2024.07.08	00:00:42.374	0.61315				2
2024.07.08	00:01:00.173	0.61315				2
2024.07.08	00:01:10.444	0.61323	0.61412			6
2024.07.08	00:03:10.554	0.61315	0.61443			6
2024.07.08	00:03:15.059	0.61323	0.61412			6
2024.07.08	00:03:23.647	0.61334				2
2024.07.08	00:03:58.526	0.61329				2
2024.07.08	00:04:03.288	0.61329				2
2024.07.08	00:04:22.373		0.61412			4
2024.07.08	00:04:51.929	0.61339	0.61413			6
2024.07.08	00:05:01.810	0.61339	0.61415			6
2024.07.08	00:05:24.167	0.61350				2
2024.07.08	00:05:51.909	0.61348				2
2024.07.08	00:06:00.284	0.61366				2
2024.07.08	00:06:04.364		0.61415			4
2024.07.08	00:06:25.184	0.61369	0.61430			6
2024.07.08	00:06:28.614		0.61433			4
2024.07.08	00:06:29.022	0.61384				2
2024.07.08	00:06:31.126	0.61389	0.61434			6
2024.07.08	00:06:32.045	0.61384				2
2024.07.08	00:06:33.783		0.61414			4
2024.07.08	00:06:37.051	0.61344				2
2024.07.08	00:06:37.940		0.61417			4
2024.07.08	00:06:43.871	0.61349	0.61425			6
2024.07.08	00:06:47.323	0.61343	0.61419			6
2024.07.08	00:06:53.558		0.61418			4
2024.07.08	00:06:57.471	0.61344				2
2024.07.08	00:07:02.970	0.61344	0.61433			6
2024.07.08	00:07:04.007		0.61435			4
2024.07.08	00:07:06.133		0.61433			4
2024.07.08	00:07:14.257	0.61345	0.61424			6
2024.07.08	00:07:16.171		0.61420			4
2024.07.08	00:07:31.322		0.61418			4
2024.07.08	00:07:32.387		0.61419			4
2024.07.08	00:07:34.632		0.61422			4
2024.07.08	00:07:41.422		0.61420			4
2024.07.08	00:07:45.337		0.61419			4
2024.07.08	00:07:45.657	0.61344				2
2024.07.08	00:07:50.220		0.61418			4
2024.07.08	00:07:50.592		0.61417			4
2024.07.08	00:07:51.372	0.61343				2
2024.07.08	00:07:52.672	0.61339	0.61415			6
2024.07.08	00:07:55.942	0.61343	0.61416			6
2024.07.08	00:08:01.627	0.61343	0.61417			6
2024.07.08	00:08:10.381		0.61418			4
2024.07.08	00:08:14.371		0.61421			4
2024.07.08	00:08:15.793	0.61345				2
2024.07.08	00:08:16.691		0.61427			4
2024.07.08	00:08:18.280	0.61346				2
2024.07.08	00:08:18.770	0.61350	0.61436			6
2024.07.08	00:08:20.385		0.61435			4
2024.07.08	00:08:21.007		0.61434			4
2024.07.08	00:08:39.114		0.61435			4
2024.07.08	00:08:40.381		0.61436			4
2024.07.08	00:08:40.978		0.61435			4
2024.07.08	00:08:58.195		0.61433			4
2024.07.08	00:09:00.379	0.61350	0.61432			6
2024.07.08	00:09:01.140		0.61434			4
2024.07.08	00:09:08.781		0.61432			4
2024.07.08	00:09:18.875	0.61355	0.61433			6
2024.07.08	00:09:48.808		0.61434			4
2024.07.08	00:09:50.978		0.61432			4
2024.07.08	00:10:00.445	0.61355				2
2024.07.08	00:10:10.389		0.61433			4
2024.07.08	00:10:18.776	0.61358				2
2024.07.08	00:10:20.380		0.61432			4
2024.07.08	00:10:31.264		0.61434			4
2024.07.08	00:10:38.781		0.61432			4
2024.07.08	00:10:50.387		0.61433			4
2024.07.08	00:10:51.959	0.61341	0.61428			6
2024.07.08	00:10:54.827		0.61430			4
2024.07.08	00:10:55.604		0.61427			4
2024.07.08	00:10:59.560	0.61339				2
2024.07.08	00:11:00.042	0.61347				2
2024.07.08	00:11:00.387		0.61426			4
2024.07.08	00:11:05.679	0.61346				2
2024.07.08	00:11:15.716		0.61424			4
2024.07.08	00:11:20.982		0.61426			4
2024.07.08	00:11:21.376		0.61429			4
2024.07.08	00:11:37.139	0.61345				2
2024.07.08	00:11:40.390		0.61430			4
2024.07.08	00:12:01.370	0.61345	0.61428			6
2024.07.08	00:12:08.779		0.61429			4
2024.07.08	00:12:13.181	0.61346				2
2024.07.08	00:12:22.383		0.61430			4
2024.07.08	00:12:28.995		0.61429			4
2024.07.08	00:12:52.390		0.61427			4
2024.07.08	00:12:54.626		0.61429			4
2024.07.08	00:13:05.418	0.61342				2
2024.07.08	00:13:07.385		0.61430			4
2024.07.08	00:13:14.660		0.61429			4
2024.07.08	00:13:18.780		0.61430			4
2024.07.08	00:13:54.559	0.61343				2
2024.07.08	00:13:59.109		0.61427			4
2024.07.08	00:14:00.056	0.61336	0.61432			6
2024.07.08	00:14:01.757	0.61343				2
2024.07.08	00:14:04.091	0.61345	0.61434			6
2024.07.08	00:14:14.426	0.61346				2
2024.07.08	00:14:17.426		0.61435			4
2024.07.08	00:14:20.324		0.61431			4
2024.07.08	00:14:20.972		0.61435			4
2024.07.08	00:14:26.536	0.61345	0.61434			6
2024.07.08	00:14:28.574	0.61343	0.61440			6
2024.07.08	00:14:29.114	0.61342				2
2024.07.08	00:14:38.162	0.61343				2
2024.07.08	00:14:40.520	0.61348	0.61434			6
2024.07.08	00:14:47.621	0.61346	0.61432			6
2024.07.08	00:14:53.237		0.61430			4
2024.07.08	00:14:56.661		0.61426			4
2024.07.08	00:14:57.202		0.61430			4
2024.07.08	00:14:58.432		0.61419			4
2024.07.08	00:14:59.045		0.61418			4
2024.07.08	00:14:59.356	0.61343	0.61451			6
2024.07.08	00:15:00.433	0.61349				2
2024.07.08	00:15:06.301	0.61348				2
2024.07.08	00:15:12.906	0.61349				2
2024.07.08	00:15:25.344	0.61347				2
2024.07.08	00:15:31.081	0.61346				2
2024.07.08	00:15:56.441	0.61348	0.61437			6
2024.07.08	00:16:04.311	0.61348				2
2024.07.08	00:16:24.466	0.61349				2
2024.07.08	00:16:43.479	0.61351				2
2024.07.08	00:16:56.441		0.61437			4
2024.07.08	00:17:00.329	0.61352				2
2024.07.08	00:17:21.652	0.61351				2
2024.07.08	00:17:23.686	0.61350				2
2024.07.08	00:17:43.526	0.61351				2
2024.07.08	00:17:57.882		0.61437			4
2024.07.08	00:17:59.450	0.61350				2
2024.07.08	00:18:00.438	0.61350				2
2024.07.08	00:18:22.811	0.61351				2
2024.07.08	00:19:10.782	0.61350	0.61437			6
2024.07.08	00:20:05.427	0.61350				2
2024.07.08	00:20:11.639		0.61437			4
2024.07.08	00:21:16.829	0.61349	0.61437			6
2024.07.08	00:22:11.133	0.61350				2
2024.07.08	00:22:26.142		0.61437			4
2024.07.08	00:22:42.928	0.61347				2
2024.07.08	00:23:03.574	0.61346				2
2024.07.08	00:23:10.211		0.61429			4
2024.07.08	00:23:12.214	0.61347				2
2024.07.08	00:23:14.668	0.61348				2
2024.07.08	00:23:16.086	0.61346				2
2024.07.08	00:23:17.404	0.61348				2
2024.07.08	00:24:12.749	0.61348	0.61429			6
2024.07.08	00:24:20.665	0.61347				2
2024.07.08	00:24:25.226	0.61348				2
2024.07.08	00:24:33.926	0.61347				2
2024.07.08	00:24:42.001	0.61350				2
2024.07.08	00:25:11.187	0.61350				2
2024.07.08	00:25:17.978		0.61429			4
2024.07.08	00:26:15.450	0.61350				2
2024.07.08	00:26:29.127		0.61429			4
2024.07.08	00:27:10.449	0.61350				2
2024.07.08	00:27:17.558	0.61351				2
2024.07.08	00:27:27.665	0.61352				2
2024.07.08	00:27:30.879		0.61429			4
2024.07.08	00:27:38.834	0.61353				2
2024.07.08	00:27:49.130		0.61437			4
2024.07.08	00:28:00.284	0.61355				2
2024.07.08	00:28:17.733	0.61354				2
2024.07.08	00:28:29.377	0.61355				2
2024.07.08	00:28:57.626		0.61437			4
2024.07.08	00:29:00.452	0.61355				2
2024.07.08	00:29:00.862	0.61353				2
2024.07.08	00:29:05.189	0.61351				2
2024.07.08	00:29:20.871		0.61430			4
2024.07.08	00:30:00.378	0.61351	0.61436			6
2024.07.08	00:30:03.303	0.61352	0.61430			6
2024.07.08	00:30:04.019	0.61353				2
2024.07.08	00:30:11.971	0.61352				2
2024.07.08	00:30:12.817	0.61353	0.61434			6
2024.07.08	00:30:19.230	0.61354				2
2024.07.08	00:30:22.758	0.61353				2
2024.07.08	00:30:23.209	0.61355				2
2024.07.08	00:30:36.476	0.61354				2
2024.07.08	00:30:40.526	0.61353				2
2024.07.08	00:30:43.062	0.61350				2
2024.07.08	00:30:46.906		0.61432			4
2024.07.08	00:31:13.492	0.61350	0.61427			6
2024.07.08	00:31:16.437		0.61430			4
2024.07.08	00:31:21.260	0.61351				2
2024.07.08	00:31:26.932	0.61350				2
2024.07.08	00:31:45.877	0.61349				2
2024.07.08	00:31:48.906	0.61350				2
2024.07.08	00:31:51.489	0.61348	0.61428			6
2024.07.08	00:31:52.782	0.61349				2
2024.07.08	00:31:59.676	0.61348				2
2024.07.08	00:32:01.276	0.61348				2
2024.07.08	00:32:02.894		0.61424			4
2024.07.08	00:32:05.677		0.61428			4
2024.07.08	00:32:22.478	0.61347				2
2024.07.08	00:32:54.495		0.61426			4
2024.07.08	00:32:56.563	0.61346	0.61421			6
2024.07.08	00:33:02.079	0.61346				2
2024.07.08	00:33:03.251	0.61345	0.61423			6
2024.07.08	00:33:05.927	0.61346	0.61422			6
2024.07.08	00:33:08.980	0.61345				2
2024.07.08	00:33:09.380	0.61346				2
2024.07.08	00:33:19.855	0.61347				2
2024.07.08	00:33:20.977		0.61417			4
2024.07.08	00:33:21.404	0.61346	0.61415			6
2024.07.08	00:33:23.382	0.61345				2
2024.07.08	00:33:24.489	0.61346				2
2024.07.08	00:33:38.679	0.61347				2
2024.07.08	00:33:41.263	0.61346				2
2024.07.08	00:33:42.772	0.61344	0.61417			6
2024.07.08	00:33:43.090	0.61348	0.61434			6
2024.07.08	00:33:44.277	0.61347				2
2024.07.08	00:33:49.058	0.61349	0.61429			6
2024.07.08	00:33:59.079	0.61350				2
2024.07.08	00:34:00.825	0.61351				2
2024.07.08	00:34:03.316		0.61424			4
2024.07.08	00:34:03.623	0.61348	0.61428			6
2024.07.08	00:34:04.548	0.61347	0.61432			6
2024.07.08	00:34:05.242	0.61357	0.61431			6
2024.07.08	00:34:07.279	0.61356				2
2024.07.08	00:34:08.981	0.61357				2
2024.07.08	00:34:10.474	0.61356				2
2024.07.08	00:34:10.786	0.61357	0.61432			6
2024.07.08	00:34:11.121		0.61431			4
2024.07.08	00:34:16.575	0.61353				2
2024.07.08	00:34:16.882	0.61356	0.61428			6
2024.07.08	00:34:19.445	0.61355				2
2024.07.08	00:34:21.470	0.61359	0.61433			6
2024.07.08	00:34:21.817	0.61360				2
2024.07.08	00:34:22.424	0.61358	0.61434			6
2024.07.08	00:34:22.740	0.61360	0.61433			6
2024.07.08	00:34:23.450	0.61358	0.61434			6
2024.07.08	00:34:24.014		0.61431			4
2024.07.08	00:34:24.350	0.61359	0.61435			6
2024.07.08	00:34:26.479	0.61357				2
2024.07.08	00:34:28.065	0.61356				2
2024.07.08	00:34:28.379		0.61433			4
2024.07.08	00:34:28.696	0.61357				2
2024.07.08	00:34:29.038	0.61355				2
2024.07.08	00:34:29.343	0.61357	0.61430			6
2024.07.08	00:34:29.645	0.61354				2
2024.07.08	00:34:29.960	0.61355				2
2024.07.08	00:34:30.263	0.61354				2
2024.07.08	00:34:30.578	0.61351	0.61433			6
2024.07.08	00:34:30.967	0.61355	0.61432			6
2024.07.08	00:34:33.634	0.61356				2
2024.07.08	00:34:39.567	0.61354	0.61435			6
2024.07.08	00:34:39.876	0.61357	0.61436			6
2024.07.08	00:34:40.183		0.61432			4
2024.07.08	00:34:41.277	0.61356				2
2024.07.08	00:34:43.842	0.61357				2
2024.07.08	00:34:46.864	0.61358	0.61436			6
2024.07.08	00:34:47.183	0.61355				2
2024.07.08	00:34:47.500	0.61356	0.61435			6
2024.07.08	00:34:47.814	0.61354				2
2024.07.08	00:34:48.121	0.61355	0.61431			6
2024.07.08	00:34:49.709	0.61354				2
2024.07.08	00:34:51.385	0.61355				2
2024.07.08	00:34:51.708	0.61353	0.61432			6
2024.07.08	00:34:52.011	0.61355				2
2024.07.08	00:34:55.037	0.61354				2
2024.07.08	00:34:57.926	0.61356				2
2024.07.08	00:34:58.501		0.61428			4
2024.07.08	00:34:59.320	0.61353				2
2024.07.08	00:35:00.674	0.61363	0.61429			6
2024.07.08	00:35:01.229	0.61362				2
2024.07.08	00:35:05.679	0.61361	0.61432			6
2024.07.08	00:35:07.680	0.61362				2
2024.07.08	00:35:16.203	0.61361				2
2024.07.08	00:35:16.527	0.61362				2
2024.07.08	00:35:16.865	0.61361				2
2024.07.08	00:35:21.035	0.61366	0.61472			6
2024.07.08	00:35:21.346	0.61363	0.61478			6
2024.07.08	00:35:22.526	0.61362	0.61479			6
2024.07.08	00:35:23.133		0.61478			4
2024.07.08	00:35:24.791	0.61360	0.61479			6
2024.07.08	00:35:25.140	0.61361	0.61478			6
2024.07.08	00:35:25.538	0.61364				2
2024.07.08	00:35:26.076	0.61363				2
2024.07.08	00:35:26.700	0.61364	0.61477			6
2024.07.08	00:35:28.050	0.61365				2
2024.07.08	00:35:29.588	0.61367				2
2024.07.08	00:35:32.436	0.61366				2
2024.07.08	00:35:32.830		0.61479			4
2024.07.08	00:35:33.168	0.61364				2
2024.07.08	00:35:33.490	0.61366	0.61478			6
2024.07.08	00:35:34.540	0.61362	0.61477			6
2024.07.08	00:35:34.841	0.61363	0.61479			6
2024.07.08	00:35:35.532	0.61365	0.61478			6
2024.07.08	00:35:35.936	0.61368				2
2024.07.08	00:35:36.238	0.61363	0.61479			6
2024.07.08	00:35:36.541		0.61480			4
2024.07.08	00:35:37.354	0.61359	0.61482			6
2024.07.08	00:35:37.654	0.61358	0.61484			6
2024.07.08	00:35:37.961	0.61381	0.61486			6
2024.07.08	00:35:39.795		0.61487			4
2024.07.08	00:35:42.811	0.61388	0.61486			6
2024.07.08	00:35:44.067		0.61487			4
2024.07.08	00:35:44.601		0.61486			4
2024.07.08	00:35:47.631	0.61369	0.61453			6
2024.07.08	00:35:49.540	0.61370	0.61448			6
2024.07.08	00:35:53.894		0.61445			4
2024.07.08	00:35:57.660	0.61369	0.61449			6
2024.07.08	00:36:05.082	0.61369				2
2024.07.08	00:36:05.793		0.61453			4
2024.07.08	00:36:06.233		0.61450			4
2024.07.08	00:36:06.540	0.61370				2
2024.07.08	00:36:10.589	0.61369				2
2024.07.08	00:36:11.996	0.61368				2
2024.07.08	00:36:12.677		0.61447			4
2024.07.08	00:36:13.258	0.61366				2
2024.07.08	00:36:14.501		0.61448			4
2024.07.08	00:36:17.479		0.61444			4
2024.07.08	00:36:24.299	0.61364				2
2024.07.08	00:36:24.706	0.61365				2
2024.07.08	00:36:25.082	0.61363				2
2024.07.08	00:36:25.392		0.61445			4
2024.07.08	00:36:31.265	0.61359	0.61442			6
2024.07.08	00:36:33.942	0.61360	0.61446			6
2024.07.08	00:36:34.279	0.61363	0.61447			6
2024.07.08	00:36:38.591	0.61358	0.61441			6
2024.07.08	00:36:39.123	0.61359	0.61445			6
2024.07.08	00:36:41.493		0.61444			4
2024.07.08	00:36:48.181		0.61445			4
2024.07.08	00:36:48.628		0.61444			4
2024.07.08	00:36:49.135	0.61354	0.61440			6
2024.07.08	00:36:49.441		0.61444			4
2024.07.08	00:36:49.759		0.61440			4
2024.07.08	00:36:50.577		0.61443			4
2024.07.08	00:36:51.143	0.61352	0.61442			6
2024.07.08	00:36:54.041	0.61351	0.61437			6
2024.07.08	00:36:54.731		0.61435			4
2024.07.08	00:36:56.892		0.61434			4
2024.07.08	00:36:57.201	0.61354				2
2024.07.08	00:36:57.763	0.61350				2
2024.07.08	00:36:58.160	0.61349	0.61433			6
2024.07.08	00:36:58.740		0.61439			4
2024.07.08	00:36:59.329	0.61348	0.61427			6
2024.07.08	00:37:00.496	0.61349				2
2024.07.08	00:37:01.140	0.61359	0.61446			6
2024.07.08	00:37:04.026	0.61362				2
2024.07.08	00:37:04.336	0.61356	0.61442			6
2024.07.08	00:37:08.326	0.61358				2
2024.07.08	00:37:09.412		0.61446			4
2024.07.08	00:37:20.131	0.61359				2
2024.07.08	00:37:25.943	0.61360	0.61445			6
2024.07.08	00:37:26.841		0.61442			4
2024.07.08	00:37:27.158	0.61362				2
2024.07.08	00:37:30.387		0.61446			4
2024.07.08	00:37:35.126	0.61361	0.61445			6
2024.07.08	00:37:48.153	0.61360				2
2024.07.08	00:37:50.335	0.61357				2
2024.07.08	00:37:50.731	0.61359				2
2024.07.08	00:37:52.264	0.61363	0.61448			6
2024.07.08	00:37:53.914	0.61361				2
2024.07.08	00:37:55.357		0.61444			4
2024.07.08	00:37:55.735		0.61447			4
2024.07.08	00:37:57.147	0.61360				2
2024.07.08	00:37:57.499		0.61443			4
2024.07.08	00:38:02.675	0.61360				2
2024.07.08	00:38:03.969	0.61359				2
2024.07.08	00:38:09.279	0.61361				2
2024.07.08	00:38:09.583	0.61360	0.61446			6
2024.07.08	00:38:10.493		0.61447			4
2024.07.08	00:38:18.782		0.61443			4
2024.07.08	00:38:19.451		0.61447			4
2024.07.08	00:38:21.782		0.61444			4
2024.07.08	00:38:23.088	0.61359				2
2024.07.08	00:38:33.926		0.61447			4
2024.07.08	00:38:39.081	0.61360				2
2024.07.08	00:38:44.682		0.61445			4
2024.07.08	00:38:49.182		0.61441			4
2024.07.08	00:38:50.378		0.61447			4
2024.07.08	00:38:52.276		0.61444			4
2024.07.08	00:39:03.716	0.61361				2
2024.07.08	00:39:04.138		0.61447			4
2024.07.08	00:39:09.813		0.61443			4
2024.07.08	00:39:10.685		0.61448			4
2024.07.08	00:39:12.032		0.61444			4
2024.07.08	00:39:16.781	0.61357	0.61448			6
2024.07.08	00:39:17.435		0.61445			4
2024.07.08	00:39:19.662	0.61361	0.61444			6
2024.07.08	00:39:36.879	0.61362				2
2024.07.08	00:39:40.316		0.61448			4
2024.07.08	00:39:43.707	0.61361				2
2024.07.08	00:39:51.402	0.61360				2
2024.07.08	00:39:59.357		0.61443			4
2024.07.08	00:40:01.473	0.61360	0.61447			6
2024.07.08	00:40:02.952	0.61359				2
2024.07.08	00:40:09.467	0.61358				2
2024.07.08	00:40:10.877		0.61444			4
2024.07.08	00:40:16.129		0.61447			4
2024.07.08	00:40:17.487		0.61444			4
2024.07.08	00:40:17.830	0.61359				2
2024.07.08	00:40:24.759		0.61448			4
2024.07.08	00:40:27.275	0.61358	0.61444			6
2024.07.08	00:40:47.229	0.61356				2
2024.07.08	00:40:47.848	0.61355				2
2024.07.08	00:40:54.663	0.61354				2
2024.07.08	00:40:57.829	0.61355				2
2024.07.08	00:41:02.678	0.61355				2
2024.07.08	00:41:11.258	0.61354				2
2024.07.08	00:41:21.105		0.61440			4
2024.07.08	00:41:41.660		0.61444			4
2024.07.08	00:41:44.454	0.61355	0.61448			6
2024.07.08	00:41:45.176	0.61354	0.61445			6
2024.07.08	00:41:46.572	0.61355				2
2024.07.08	00:42:00.579	0.61355	0.61441			6
2024.07.08	00:42:03.998		0.61445			4
2024.07.08	00:42:17.720		0.61441			4
2024.07.08	00:42:21.405	0.61354	0.61445			6
2024.07.08	00:42:21.956		0.61444			4
2024.07.08	00:42:24.588		0.61440			4
2024.07.08	00:42:25.829	0.61355				2
2024.07.08	00:42:26.941		0.61446			4
2024.07.08	00:42:27.773		0.61444			4
2024.07.08	00:42:33.405		0.61446			4
2024.07.08	00:42:37.961	0.61354	0.61441			6
2024.07.08	00:42:39.576	0.61355	0.61445			6
2024.07.08	00:42:40.506		0.61446			4
2024.07.08	00:42:52.777	0.61348	0.61447			6
2024.07.08	00:42:53.086		0.61437			4
2024.07.08	00:42:55.298	0.61350				2
2024.07.08	00:43:00.358	0.61350				2
2024.07.08	00:43:04.000	0.61349				2
2024.07.08	00:43:07.893		0.61433			4
2024.07.08	00:43:41.080	0.61350				2
2024.07.08	00:43:42.920	0.61349				2
2024.07.08	00:43:52.179	0.61350				2
2024.07.08	00:43:59.278	0.61349				2
2024.07.08	00:44:00.414	0.61350				2
2024.07.08	00:44:12.582		0.61433			4
2024.07.08	00:45:00.551	0.61351				2
2024.07.08	00:45:02.662	0.61350				2
2024.07.08	00:45:06.104	0.61364	0.61438			6
2024.07.08	00:45:30.874	0.61365				2
2024.07.08	00:45:32.434	0.61364				2
2024.07.08	00:46:03.409	0.61363	0.61437			6
2024.07.08	00:46:05.271	0.61364	0.61438			6
2024.07.08	00:46:24.718	0.61365				2
2024.07.08	00:46:25.221	0.61364				2
2024.07.08	00:46:35.890	0.61363				2
2024.07.08	00:46:39.080	0.61364	0.61436			6
2024.07.08	00:46:41.352	0.61357	0.61432			6
2024.07.08	00:46:41.861	0.61359	0.61435			6
2024.07.08	00:46:53.597		0.61434			4
2024.07.08	00:47:02.826	0.61358	0.61435			6
2024.07.08	00:47:11.443	0.61357	0.61434			6
2024.07.08	00:47:29.536	0.61358	0.61435			6
2024.07.08	00:47:37.958		0.61436			4
2024.07.08	00:47:40.448	0.61356	0.61433			6
2024.07.08	00:47:46.988	0.61358	0.61435			6
2024.07.08	00:47:57.502	0.61359	0.61436			6
2024.07.08	00:48:14.241	0.61359	0.61435			6
2024.07.08	00:48:21.430		0.61437			4
2024.07.08	00:48:22.849		0.61435			4
2024.07.08	00:48:44.891	0.61358				2
2024.07.08	00:48:54.202	0.61359				2
2024.07.08	00:49:01.277	0.61358				2
2024.07.08	00:49:21.753	0.61359	0.61436			6
2024.07.08	00:49:56.938	0.61358	0.61435			6
2024.07.08	00:49:59.291	0.61359	0.61436			6
2024.07.08	00:50:14.225	0.61359				2
2024.07.08	00:50:16.155		0.61437			4
2024.07.08	00:50:18.151		0.61436			4
2024.07.08	00:50:19.418		0.61437			4
2024.07.08	00:50:22.016		0.61438			4
2024.07.08	00:50:27.008		0.61437			4
2024.07.08	00:50:35.299		0.61436			4
2024.07.08	00:50:38.588		0.61437			4
2024.07.08	00:50:46.783		0.61436			4
2024.07.08	00:50:54.170		0.61437			4
2024.07.08	00:51:01.412	0.61359	0.61436			6
2024.07.08	00:51:15.210	0.61375	0.61438			6
2024.07.08	00:51:20.572	0.61359	0.61435			6
2024.07.08	00:51:32.227	0.61360				2
2024.07.08	00:51:37.006		0.61437			4
2024.07.08	00:51:39.822	0.61359	0.61435			6
2024.07.08	00:51:47.870	0.61360				2
2024.07.08	00:52:00.827	0.61360				2
2024.07.08	00:52:02.728	0.61353	0.61428			6
2024.07.08	00:52:03.838	0.61354	0.61429			6
2024.07.08	00:52:07.016	0.61353	0.61430			6
2024.07.08	00:52:08.130	0.61359	0.61435			6
2024.07.08	00:52:08.693	0.61358				2
2024.07.08	00:52:09.133		0.61433			4
2024.07.08	00:52:12.160	0.61357	0.61432			6
2024.07.08	00:52:14.358	0.61359	0.61434			6
2024.07.08	00:52:19.969		0.61435			4
2024.07.08	00:52:21.540		0.61434			4
2024.07.08	00:52:28.149		0.61435			4
2024.07.08	00:52:31.054		0.61433			4
2024.07.08	00:52:42.326	0.61358				2
2024.07.08	00:52:52.316	0.61359				2
2024.07.08	00:52:58.048		0.61434			4
2024.07.08	00:53:00.169	0.61359	0.61433			6
2024.07.08	00:53:02.132	0.61358				2
2024.07.08	00:53:05.232		0.61434			4
2024.07.08	00:53:10.826	0.61359				2
2024.07.08	00:53:11.507		0.61435			4
2024.07.08	00:53:13.445		0.61434			4
2024.07.08	00:53:20.070		0.61433			4
2024.07.08	00:53:20.579		0.61435			4
2024.07.08	00:53:24.501	0.61363	0.61429			6
2024.07.08	00:53:26.291		0.61430			4
2024.07.08	00:53:28.017	0.61364				2
2024.07.08	00:53:37.282	0.61367				2
2024.07.08	00:53:37.856	0.61366	0.61429			6
2024.07.08	00:53:40.661	0.61365				2
2024.07.08	00:53:41.043	0.61366				2
2024.07.08	00:53:56.272	0.61365				2
2024.07.08	00:54:01.321	0.61365	0.61430			6
2024.07.08	00:54:03.212	0.61366	0.61429			6
2024.07.08	00:54:06.812	0.61365				2
2024.07.08	00:54:12.803	0.61366	0.61430			6
2024.07.08	00:54:21.338	0.61365	0.61432			6
2024.07.08	00:54:24.502	0.61366	0.61430			6
2024.07.08	00:54:32.132		0.61429			4
2024.07.08	00:54:35.611	0.61365	0.61428			6
2024.07.08	00:54:37.527		0.61429			4
2024.07.08	00:54:38.589	0.61366				2
2024.07.08	00:54:43.104	0.61365	0.61428			6
2024.07.08	00:54:47.126		0.61429			4
2024.07.08	00:54:47.890	0.61366				2
2024.07.08	00:55:01.613	0.61362	0.61428			6
2024.07.08	00:55:09.781	0.61363				2
2024.07.08	00:55:10.790	0.61358	0.61425			6
2024.07.08	00:55:11.395	0.61356				2
2024.07.08	00:55:12.179	0.61358	0.61424			6
2024.07.08	00:55:31.451	0.61357	0.61425			6
2024.07.08	00:55:35.296	0.61358	0.61424			6
2024.07.08	00:55:38.500	0.61357				2
2024.07.08	00:55:54.675		0.61425			4
2024.07.08	00:55:55.428	0.61358	0.61424			6
2024.07.08	00:55:59.270		0.61425			4
2024.07.08	00:56:00.387	0.61360	0.61426			6
2024.07.08	00:56:00.943	0.61359				2
2024.07.08	00:56:01.399	0.61360				2
2024.07.08	00:56:02.416	0.61361	0.61427			6
2024.07.08	00:56:05.837	0.61364	0.61428			6
2024.07.08	00:56:10.227		0.61427			4
2024.07.08	00:56:28.778		0.61428			4
2024.07.08	00:56:46.052	0.61363	0.61426			6
2024.07.08	00:56:50.190	0.61362				2
2024.07.08	00:56:52.336	0.61363				2
2024.07.08	00:57:00.028	0.61363				2
2024.07.08	00:57:07.168	0.61365	0.61428			6
2024.07.08	00:57:34.178		0.61429			4
2024.07.08	00:57:39.915	0.61366				2
2024.07.08	00:58:04.678	0.61365				2
2024.07.08	00:58:11.625	0.61366				2
2024.07.08	00:58:37.828		0.61429			4
2024.07.08	00:59:01.687	0.61366				2
2024.07.08	00:59:05.126		0.61430			4
2024.07.08	00:59:07.828		0.61429			4
2024.07.08	00:59:11.554	0.61365				2
2024.07.08	00:59:26.558		0.61428			4
2024.07.08	00:59:51.910	0.61364				2
2024.07.08	01:00:00.328	0.61387	0.61419			6
2024.07.08	01:00:00.637	0.61385	0.61427			6
2024.07.08	01:00:00.957	0.61386	0.61426			6
2024.07.08	01:00:01.271	0.61391	0.61424			6
2024.07.08	01:00:01.576	0.61390	0.61423			6
2024.07.08	01:00:01.883		0.61422			4
2024.07.08	01:00:02.336		0.61420			4
2024.07.08	01:00:02.675		0.61419			4
2024.07.08	01:00:02.978		0.61421			4
2024.07.08	01:00:03.293	0.61391	0.61420			6
2024.07.08	01:00:03.603	0.61392				2
2024.07.08	01:00:04.729	0.61394				2
2024.07.08	01:00:05.691	0.61399	0.61422			6
2024.07.08	01:00:10.226		0.61428			4
2024.07.08	01:00:10.701		0.61429			4
2024.07.08	01:00:11.450	0.61397	0.61421			6
2024.07.08	01:00:11.765	0.61396	0.61426			6
2024.07.08	01:00:12.068		0.61432			4
2024.07.08	01:00:12.638	0.61395	0.61430			6
2024.07.08	01:00:13.033	0.61396				2
2024.07.08	01:00:13.696	0.61395				2
2024.07.08	01:00:14.908	0.61396				2
2024.07.08	01:00:16.176	0.61403				2
2024.07.08	01:00:16.786	0.61404				2
2024.07.08	01:00:17.394		0.61427			4
2024.07.08	01:00:18.302	0.61403				2
2024.07.08	01:00:19.461	0.61401	0.61424			6
2024.07.08	01:00:19.764	0.61404	0.61426			6
2024.07.08	01:00:20.859	0.61405				2
2024.07.08	01:00:21.988	0.61406				2
2024.07.08	01:00:22.407	0.61414	0.61435			6
2024.07.08	01:00:22.743	0.61430	0.61438			6
2024.07.08	01:00:23.045		0.61442			4
2024.07.08	01:00:23.356		0.61439			4
2024.07.08	01:00:23.661	0.61426	0.61438			6
2024.07.08	01:00:24.066	0.61430	0.61439			6
2024.07.08	01:00:24.401	0.61433	0.61443			6
2024.07.08	01:00:26.026	0.61431				2
2024.07.08	01:00:27.292	0.61435				2
2024.07.08	01:00:27.602		0.61447			4
2024.07.08	01:00:28.012	0.61440	0.61448			6
2024.07.08	01:00:28.375		0.61451			4
2024.07.08	01:00:30.107	0.61445				2
2024.07.08	01:00:30.884	0.61443				2
2024.07.08	01:00:32.662	0.61444				2
2024.07.08	01:00:34.885	0.61439	0.61449			6
2024.07.08	01:00:35.269		0.61450			4
2024.07.08	01:00:38.590	0.61440	0.61451			6
2024.07.08	01:00:38.903	0.61439	0.61450			6
2024.07.08	01:00:44.544		0.61449			4
2024.07.08	01:00:45.350		0.61450			4
2024.07.08	01:00:45.754	0.61435	0.61447			6
2024.07.08	01:00:46.273	0.61434	0.61446			6
2024.07.08	01:00:46.596		0.61445			4
2024.07.08	01:00:50.671		0.61444			4
2024.07.08	01:00:50.978	0.61429	0.61440			6
2024.07.08	01:00:55.745	0.61434	0.61445			6
2024.07.08	01:00:56.053		0.61444			4
2024.07.08	01:00:56.431		0.61445			4
2024.07.08	01:00:57.375	0.61435				2
2024.07.08	01:00:58.225	0.61434	0.61446			6
2024.07.08	01:01:00.028	0.61434				2
2024.07.08	01:01:01.495	0.61440				2
2024.07.08	01:01:01.850	0.61439				2
2024.07.08	01:01:03.299		0.61445			4
2024.07.08	01:01:04.557		0.61447			4
2024.07.08	01:01:04.869	0.61440				2
2024.07.08	01:01:10.314		0.61448			4
2024.07.08	01:01:10.843		0.61449			4
2024.07.08	01:01:12.403	0.61446	0.61453			6
2024.07.08	01:01:13.294	0.61445				2
2024.07.08	01:01:17.160		0.61454			4
2024.07.08	01:01:19.428	0.61450	0.61457			6
2024.07.08	01:01:29.707		0.61456			4
2024.07.08	01:01:30.827		0.61457			4
2024.07.08	01:01:32.400	0.61451				2
2024.07.08	01:01:33.970	0.61452	0.61458			6
2024.07.08	01:01:34.369	0.61454	0.61461			6
2024.07.08	01:01:35.429	0.61457	0.61464			6
2024.07.08	01:01:35.789	0.61456				2
2024.07.08	01:01:36.599	0.61457				2
2024.07.08	01:01:41.523	0.61456				2
2024.07.08	01:01:41.974	0.61462	0.61468			6
2024.07.08	01:01:43.363		0.61469			4
2024.07.08	01:01:46.227	0.61464	0.61470			6
2024.07.08	01:01:46.828		0.61471			4
2024.07.08	01:01:51.297	0.61458	0.61464			6
2024.07.08	01:01:51.640	0.61457				2
2024.07.08	01:01:51.953	0.61456				2
2024.07.08	01:01:52.749	0.61457				2
2024.07.08	01:01:55.562	0.61452	0.61460			6
2024.07.08	01:02:00.397	0.61447	0.61456			6
2024.07.08	01:02:01.101		0.61455			4
2024.07.08	01:02:02.020		0.61456			4
2024.07.08	01:02:04.284		0.61455			4
2024.07.08	01:02:07.488	0.61446				2
2024.07.08	01:02:08.400	0.61447	0.61450			6
2024.07.08	01:02:14.740	0.61446				2
2024.07.08	01:02:25.390	0.61447				2
2024.07.08	01:02:29.675	0.61448				2
2024.07.08	01:02:30.396	0.61447				2
2024.07.08	01:02:32.308	0.61443	0.61446			6
2024.07.08	01:02:32.878	0.61442				2
2024.07.08	01:02:33.418	0.61443				2
2024.07.08	01:02:34.243	0.61442				2
2024.07.08	01:02:37.433	0.61443				2
2024.07.08	01:02:48.410	0.61444	0.61447			6
2024.07.08	01:02:48.963	0.61446	0.61451			6
2024.07.08	01:02:49.367	0.61447				2
2024.07.08	01:02:50.514	0.61446				2
2024.07.08	01:02:51.021	0.61447	0.61450			6
2024.07.08	01:02:56.786	0.61446				2
2024.07.08	01:02:58.876	0.61447				2
2024.07.08	01:03:00.607	0.61447	0.61451			6
2024.07.08	01:03:01.924	0.61452	0.61455			6
2024.07.08	01:03:02.353	0.61450	0.61452			6
2024.07.08	01:03:02.832	0.61449				2
2024.07.08	01:03:03.156	0.61448				2
2024.07.08	01:03:13.149	0.61447				2
2024.07.08	01:03:15.026	0.61448				2
2024.07.08	01:03:17.466	0.61440	0.61444			6
2024.07.08	01:03:18.160	0.61444	0.61447			6
2024.07.08	01:03:18.463	0.61448	0.61453			6
2024.07.08	01:03:18.884	0.61449				2
2024.07.08	01:03:20.126	0.61450				2
2024.07.08	01:03:32.136		0.61454			4
2024.07.08	01:03:33.202	0.61451	0.61455			6
2024.07.08	01:03:33.507	0.61452				2
2024.07.08	01:03:37.612	0.61451				2
2024.07.08	01:03:39.045	0.61452				2
2024.07.08	01:03:44.301	0.61451				2
2024.07.08	01:04:01.000	0.61452	0.61456			6
2024.07.08	01:04:22.395	0.61449				2
2024.07.08	01:04:23.732	0.61454	0.61460			6
2024.07.08	01:04:24.310		0.61461			4
2024.07.08	01:04:24.845	0.61455				2
2024.07.08	01:04:25.358	0.61456				2
2024.07.08	01:04:26.419	0.61457				2
2024.07.08	01:04:29.920		0.61462			4
2024.07.08	01:04:39.761	0.61456	0.61461			6
2024.07.08	01:04:40.128		0.61462			4
2024.07.08	01:04:40.433	0.61457				2
2024.07.08	01:04:41.102	0.61458				2
2024.07.08	01:04:41.461	0.61459				2
2024.07.08	01:04:41.763		0.61464			4
2024.07.08	01:04:56.200	0.61460	0.61465			6
2024.07.08	01:04:56.782	0.61459	0.61462			6
2024.07.08	01:04:57.513		0.61463			4
2024.07.08	01:05:00.384	0.61462	0.61465			6
2024.07.08	01:05:00.689	0.61463	0.61467			6
2024.07.08	01:05:00.993		0.61468			4
2024.07.08	01:05:01.466	0.61464				2
2024.07.08	01:05:22.242	0.61465				2
2024.07.08	01:05:22.800	0.61464				2
2024.07.08	01:05:25.790	0.61465				2
2024.07.08	01:05:26.381	0.61464				2
2024.07.08	01:05:29.361	0.61465	0.61469			6
2024.07.08	01:05:30.413	0.61464				2
2024.07.08	01:05:35.469	0.61461	0.61465			6
2024.07.08	01:05:41.645	0.61462	0.61466			6
2024.07.08	01:05:43.672	0.61461				2
2024.07.08	01:05:44.424	0.61462				2
2024.07.08	01:05:49.639	0.61461				2
2024.07.08	01:05:50.450	0.61462				2
2024.07.08	01:06:19.383	0.61459				2
2024.07.08	01:06:23.385	0.61460				2
2024.07.08	01:06:24.396	0.61461				2
2024.07.08	01:06:25.113	0.61462				2
2024.07.08	01:07:00.431	0.61461	0.61463			6
2024.07.08	01:07:00.837	0.61458	0.61462			6
2024.07.08	01:07:03.668	0.61459	0.61463			6
2024.07.08	01:07:09.789	0.61458	0.61462			6
2024.07.08	01:07:44.163		0.61463			4
2024.07.08	01:07:44.684	0.61461	0.61465			6
2024.07.08	01:07:45.126	0.61462	0.61466			6
2024.07.08	01:07:46.340	0.61461	0.61465			6
2024.07.08	01:07:46.849	0.61462				2
2024.07.08	01:07:47.350		0.61466			4
2024.07.08	01:08:00.319	0.61462				2
2024.07.08	01:08:00.800		0.61465			4
2024.07.08	01:08:16.933		0.61466			4
2024.07.08	01:08:21.791		0.61465			4
2024.07.08	01:08:35.603		0.61466			4
2024.07.08	01:08:40.354	0.61459				2
2024.07.08	01:08:43.762	0.61460	0.61465			6
2024.07.08	01:08:45.096		0.61464			4
2024.07.08	01:08:57.959	0.61459				2
2024.07.08	01:08:58.401	0.61460				2
2024.07.08	01:09:11.904	0.61461				2
2024.07.08	01:09:12.411	0.61460				2
2024.07.08	01:09:12.862		0.61465			4
2024.07.08	01:10:01.346	0.61460	0.61464			6
2024.07.08	01:10:01.902		0.61465			4
2024.07.08	01:10:03.012	0.61461				2
2024.07.08	01:10:03.401	0.61460				2
2024.07.08	01:10:07.347	0.61461				2
2024.07.08	01:10:08.389	0.61460				2
2024.07.08	01:10:09.346	0.61463	0.61467			6
2024.07.08	01:10:09.653		0.61468			4
2024.07.08	01:10:10.358	0.61462				2
2024.07.08	01:10:10.711	0.61463				2
2024.07.08	01:10:11.983	0.61462				2
2024.07.08	01:10:13.016		0.61467			4
2024.07.08	01:10:14.617	0.61463				2
2024.07.08	01:10:15.428	0.61462				2
2024.07.08	01:10:19.404	0.61463				2
2024.07.08	01:10:20.394	0.61462				2
2024.07.08	01:10:23.565		0.61466			4
2024.07.08	01:10:28.397	0.61463				2
2024.07.08	01:10:28.901	0.61462				2
2024.07.08	01:10:34.407	0.61461				2
2024.07.08	01:10:35.422	0.61462				2
2024.07.08	01:10:40.483		0.61465			4
2024.07.08	01:10:40.786		0.61466			4
2024.07.08	01:10:44.431	0.61461				2
2024.07.08	01:10:45.090	0.61462				2
2024.07.08	01:11:07.771	0.61462	0.61467			6
2024.07.08	01:11:08.351	0.61464	0.61468			6
2024.07.08	01:11:11.483		0.61469			4
2024.07.08	01:11:12.077		0.61468			4
2024.07.08	01:11:31.561	0.61462	0.61465			6
2024.07.08	01:11:32.392	0.61461				2
2024.07.08	01:11:34.189	0.61462				2
2024.07.08	01:11:35.397	0.61461				2
2024.07.08	01:11:37.928	0.61469	0.61473			6
2024.07.08	01:11:38.243	0.61470	0.61474			6
2024.07.08	01:11:39.421	0.61471				2
2024.07.08	01:11:43.289	0.61472	0.61475			6
2024.07.08	01:11:52.894	0.61471				2
2024.07.08	01:11:55.217	0.61474	0.61478			6
2024.07.08	01:11:57.516		0.61477			4
2024.07.08	01:12:00.470	0.61474	0.61479			6
2024.07.08	01:12:01.530	0.61475	0.61480			6
2024.07.08	01:12:01.963	0.61476				2
2024.07.08	01:12:02.916	0.61475	0.61479			6
2024.07.08	01:12:03.396		0.61480			4
2024.07.08	01:12:09.526	0.61476				2
2024.07.08	01:12:10.306	0.61475				2
2024.07.08	01:12:10.894	0.61476				2
2024.07.08	01:12:24.874		0.61479			4
2024.07.08	01:12:25.175		0.61480			4
2024.07.08	01:12:41.711	0.61475				2
2024.07.08	01:12:52.528		0.61479			4
2024.07.08	01:12:54.793		0.61480			4
2024.07.08	01:13:02.128	0.61475				2
2024.07.08	01:13:08.264		0.61479			4
2024.07.08	01:13:12.238	0.61476	0.61480			6
2024.07.08	01:13:25.692	0.61475	0.61479			6
2024.07.08	01:13:40.846	0.61473	0.61477			6
2024.07.08	01:13:41.307	0.61472	0.61475			6
2024.07.08	01:13:41.869	0.61473				2
2024.07.08	01:13:50.765	0.61474				2
2024.07.08	01:13:51.423	0.61473				2
2024.07.08	01:13:52.184	0.61474				2
2024.07.08	01:13:55.267	0.61475	0.61478			6
2024.07.08	01:14:00.443	0.61471	0.61474			6
2024.07.08	01:14:03.426	0.61470				2
2024.07.08	01:14:04.072	0.61471				2
2024.07.08	01:14:04.428	0.61470				2
2024.07.08	01:14:06.302	0.61471				2
2024.07.08	01:14:18.446	0.61470				2
2024.07.08	01:14:18.955	0.61471				2
2024.07.08	01:14:24.891	0.61470	0.61473			6
2024.07.08	01:15:00.515	0.61462	0.61466			6
2024.07.08	01:15:00.848	0.61461				2
2024.07.08	01:15:01.228	0.61462	0.61465			6
2024.07.08	01:15:16.436	0.61461				2
2024.07.08	01:15:23.128		0.61464			4
2024.07.08	01:15:31.682		0.61465			4
2024.07.08	01:15:43.347	0.61460				2
2024.07.08	01:15:44.272	0.61461				2
2024.07.08	01:15:45.037	0.61460	0.61464			6
2024.07.08	01:15:53.481	0.61459				2
2024.07.08	01:15:54.329	0.61460				2
2024.07.08	01:16:00.483	0.61460				2
2024.07.08	01:16:03.070	0.61459				2
2024.07.08	01:16:03.399	0.61458	0.61463			6
2024.07.08	01:16:03.727	0.61457	0.61461			6
2024.07.08	01:16:04.784	0.61458				2
2024.07.08	01:16:05.387		0.61460			4
2024.07.08	01:16:12.369	0.61456				2
2024.07.08	01:16:13.107		0.61459			4
2024.07.08	01:16:24.974	0.61459	0.61461			6
2024.07.08	01:16:25.282	0.61460	0.61463			6
2024.07.08	01:16:25.629		0.61462			4
2024.07.08	01:16:30.027		0.61461			4
2024.07.08	01:16:30.380	0.61459				2
2024.07.08	01:16:31.193	0.61458				2
2024.07.08	01:16:32.958	0.61459				2
2024.07.08	01:16:33.413	0.61457	0.61460			6
2024.07.08	01:16:33.766	0.61456				2
2024.07.08	01:17:01.829	0.61456				2
2024.07.08	01:17:25.430	0.61457				2
2024.07.08	01:17:27.382	0.61458				2
2024.07.08	01:17:35.726		0.61460			4
2024.07.08	01:17:41.514	0.61459	0.61461			6
2024.07.08	01:17:41.850	0.61458	0.61460			6
2024.07.08	01:17:55.901	0.61457	0.61461			6
2024.07.08	01:17:57.196	0.61456				2
2024.07.08	01:18:00.406	0.61456				2
2024.07.08	01:18:23.092	0.61455	0.61458			6
2024.07.08	01:18:23.400		0.61459			4
2024.07.08	01:19:14.621	0.61454				2
2024.07.08	01:19:15.089	0.61453	0.61456			6
2024.07.08	01:19:15.532	0.61452				2
2024.07.08	01:19:17.400	0.61451				2
2024.07.08	01:19:58.348	0.61449	0.61453			6
2024.07.08	01:19:58.861	0.61450				2
2024.07.08	01:19:59.390	0.61449				2
2024.07.08	01:20:02.069	0.61449				2
2024.07.08	01:20:04.738	0.61450	0.61454			6
2024.07.08	01:20:05.218	0.61449				2
2024.07.08	01:20:11.811	0.61450				2
2024.07.08	01:20:12.287	0.61449				2
2024.07.08	01:20:12.823	0.61450				2
2024.07.08	01:20:13.396	0.61449				2
2024.07.08	01:20:15.030	0.61450				2
2024.07.08	01:20:15.417	0.61449				2
2024.07.08	01:20:15.772	0.61450				2
2024.07.08	01:20:16.431	0.61449				2
2024.07.08	01:20:19.502	0.61450				2
2024.07.08	01:20:20.383	0.61449				2
2024.07.08	01:20:30.804		0.61453			4
2024.07.08	01:21:00.168	0.61450				2
2024.07.08	01:21:00.640	0.61449				2
2024.07.08	01:21:01.421	0.61450				2
2024.07.08	01:21:02.278	0.61449	0.61452			6
2024.07.08	01:21:03.051	0.61446	0.61449			6
2024.07.08	01:21:20.001	0.61445				2
2024.07.08	01:21:26.908	0.61446				2
2024.07.08	01:21:28.359		0.61448			4
2024.07.08	01:21:29.392	0.61445				2
2024.07.08	01:21:30.455	0.61444				2
2024.07.08	01:21:40.629		0.61447			4
2024.07.08	01:21:42.927	0.61441	0.61444			6
2024.07.08	01:21:53.099	0.61440	0.61443			6
2024.07.08	01:21:53.441		0.61444			4
2024.07.08	01:21:55.872		0.61443			4
2024.07.08	01:22:01.402	0.61440	0.61444			6
2024.07.08	01:22:05.847	0.61441				2
2024.07.08	01:22:08.580		0.61445			4
2024.07.08	01:22:09.189	0.61440				2
2024.07.08	01:22:09.492	0.61441				2
2024.07.08	01:22:10.442	0.61440	0.61444			6
2024.07.08	01:22:11.374	0.61441				2
2024.07.08	01:22:13.840	0.61440				2
2024.07.08	01:22:19.514	0.61441				2
2024.07.08	01:22:20.425	0.61440				2
2024.07.08	01:22:40.466		0.61443			4
2024.07.08	01:22:40.770		0.61444			4
2024.07.08	01:22:41.427	0.61438	0.61441			6
2024.07.08	01:22:41.817	0.61437				2
2024.07.08	01:22:44.000	0.61436	0.61440			6
2024.07.08	01:23:00.411	0.61439	0.61442			6
2024.07.08	01:23:00.717	0.61438				2
2024.07.08	01:23:01.051	0.61437				2
2024.07.08	01:23:01.431	0.61438				2
2024.07.08	01:23:09.632	0.61437	0.61441			6
2024.07.08	01:23:15.050	0.61436				2
2024.07.08	01:23:19.092		0.61440			4
2024.07.08	01:23:30.834	0.61435				2
2024.07.08	01:23:31.653		0.61439			4
2024.07.08	01:23:41.875	0.61434	0.61437			6
2024.07.08	01:23:42.185	0.61433				2
2024.07.08	01:23:50.578	0.61432				2
2024.07.08	01:23:51.617	0.61433				2
2024.07.08	01:23:51.995	0.61432				2
2024.07.08	01:23:53.080	0.61433				2
2024.07.08	01:24:01.750	0.61432				2
2024.07.08	01:24:02.127	0.61433				2
2024.07.08	01:24:07.517	0.61432	0.61435			6
2024.07.08	01:24:07.992	0.61431				2
2024.07.08	01:24:08.466	0.61432				2
2024.07.08	01:24:09.203	0.61431				2
2024.07.08	01:24:15.188	0.61432	0.61437			6
2024.07.08	01:24:16.340		0.61436			4
2024.07.08	01:24:23.349	0.61433	0.61437			6
2024.07.08	01:24:31.829	0.61432				2
2024.07.08	01:24:32.222		0.61436			4
2024.07.08	01:24:34.062	0.61433				2
2024.07.08	01:24:35.754	0.61432				2
2024.07.08	01:24:36.211	0.61433				2
2024.07.08	01:24:36.561	0.61432				2
2024.07.08	01:24:39.465		0.61435			4
2024.07.08	01:24:40.558		0.61436			4
2024.07.08	01:24:42.313	0.61433	0.61437			6
2024.07.08	01:24:42.688	0.61432				2
2024.07.08	01:24:45.828	0.61433				2
2024.07.08	01:24:47.643	0.61434				2
2024.07.08	01:24:48.403	0.61433				2
2024.07.08	01:24:58.120		0.61436			4
2024.07.08	01:24:58.421		0.61437			4
2024.07.08	01:25:00.435	0.61433				2
2024.07.08	01:25:06.500	0.61432				2
2024.07.08	01:25:06.892	0.61433				2
2024.07.08	01:25:10.387	0.61432				2
2024.07.08	01:25:10.830	0.61433				2
2024.07.08	01:25:11.386	0.61431	0.61436			6
2024.07.08	01:25:11.754	0.61432				2
2024.07.08	01:25:21.876	0.61433	0.61437			6
2024.07.08	01:25:24.980	0.61434				2
2024.07.08	01:25:31.577		0.61436			4
2024.07.08	01:25:32.605		0.61437			4
2024.07.08	01:25:34.164	0.61435				2
2024.07.08	01:25:45.526	0.61434	0.61436			6
2024.07.08	01:25:46.672	0.61435				2
2024.07.08	01:25:46.986	0.61434				2
2024.07.08	01:25:48.021	0.61435				2
2024.07.08	01:25:48.678	0.61436	0.61437			6
2024.07.08	01:25:50.942	0.61435				2
2024.07.08	01:26:00.431	0.61435				2
2024.07.08	01:26:07.526	0.61436				2
2024.07.08	01:26:12.643	0.61435				2
2024.07.08	01:26:19.796		0.61438			4
2024.07.08	01:26:39.979	0.61436				2
2024.07.08	01:26:47.005	0.61435				2
2024.07.08	01:26:48.081	0.61436				2
2024.07.08	01:26:49.888	0.61435				2
2024.07.08	01:26:54.285	0.61436				2
2024.07.08	01:27:00.429	0.61433	0.61436			6
2024.07.08	01:27:05.961	0.61432				2
2024.07.08	01:27:07.020		0.61434			4
2024.07.08	01:27:09.206		0.61435			4
2024.07.08	01:27:15.446	0.61433				2
2024.07.08	01:27:15.913	0.61432				2
2024.07.08	01:27:22.230	0.61433				2
2024.07.08	01:27:30.662	0.61432				2
2024.07.08	01:27:31.559	0.61433				2
2024.07.08	01:27:32.838	0.61432				2
2024.07.08	01:27:50.474	0.61433				2
2024.07.08	01:27:50.831	0.61432				2
2024.07.08	01:28:00.411	0.61432				2
2024.07.08	01:28:09.875		0.61435			4
2024.07.08	01:28:15.995	0.61428	0.61431			6
2024.07.08	01:28:17.611		0.61430			4
2024.07.08	01:28:19.518	0.61429				2
2024.07.08	01:28:20.519		0.61431			4
2024.07.08	01:28:28.230	0.61432	0.61434			6
2024.07.08	01:28:30.966	0.61431				2
2024.07.08	01:28:34.499	0.61427	0.61430			6
2024.07.08	01:28:34.805	0.61428				2
2024.07.08	01:28:35.575	0.61427	0.61429			6
2024.07.08	01:28:36.780	0.61425	0.61428			6
2024.07.08	01:28:39.654		0.61429			4
2024.07.08	01:28:40.060		0.61428			4
2024.07.08	01:28:41.112	0.61426	0.61429			6
2024.07.08	01:28:43.276	0.61425	0.61428			6
2024.07.08	01:28:44.381	0.61426	0.61429			6
2024.07.08	01:28:52.804		0.61428			4
2024.07.08	01:28:53.113	0.61425				2
2024.07.08	01:28:54.186	0.61426	0.61429			6
2024.07.08	01:29:00.422	0.61426	0.61428			6
2024.07.08	01:29:01.494		0.61429			4
2024.07.08	01:29:12.778	0.61425	0.61427			6
2024.07.08	01:29:13.901	0.61426				2
2024.07.08	01:29:14.270		0.61428			4
2024.07.08	01:29:18.672		0.61429			4
2024.07.08	01:29:19.251	0.61425	0.61428			6
2024.07.08	01:29:19.631	0.61426				2
2024.07.08	01:29:19.936	0.61425				2
2024.07.08	01:29:21.002	0.61426	0.61429			6
2024.07.08	01:29:22.208		0.61428			4
2024.07.08	01:29:25.393		0.61429			4
2024.07.08	01:29:26.272	0.61425				2
2024.07.08	01:29:27.540	0.61426	0.61428			6
2024.07.08	01:29:32.803	0.61425				2
2024.07.08	01:29:39.719		0.61429			4
2024.07.08	01:29:40.836	0.61426				2
2024.07.08	01:29:51.155	0.61425	0.61428			6
2024.07.08	01:29:52.215	0.61426				2
2024.07.08	01:29:58.238	0.61425				2
2024.07.08	01:30:00.038	0.61424				2
2024.07.08	01:30:00.394	0.61423	0.61427			6
2024.07.08	01:30:06.860	0.61424				2
2024.07.08	01:30:09.820	0.61423				2
2024.07.08	01:30:10.425	0.61424				2
2024.07.08	01:30:10.731	0.61423				2
2024.07.08	01:30:13.630	0.61424				2
2024.07.08	01:30:14.129	0.61423				2
2024.07.08	01:30:15.022	0.61422	0.61425			6
2024.07.08	01:30:15.752	0.61421	0.61424			6
2024.07.08	01:30:25.678	0.61419	0.61422			6
2024.07.08	01:30:27.533		0.61421			4
2024.07.08	01:30:31.336	0.61417				2
2024.07.08	01:30:34.332	0.61418				2
2024.07.08	01:30:35.396	0.61417				2
2024.07.08	01:30:41.375	0.61418				2
2024.07.08	01:30:41.933	0.61417				2
2024.07.08	01:30:42.459		0.61420			4
2024.07.08	01:30:45.931	0.61416				2
2024.07.08	01:30:46.436	0.61415	0.61419			6
2024.07.08	01:30:48.765		0.61420			4
2024.07.08	01:30:50.669		0.61419			4
2024.07.08	01:30:51.719	0.61414	0.61417			6
2024.07.08	01:31:00.416	0.61415	0.61419			6
2024.07.08	01:31:01.684	0.61416	0.61420			6
2024.07.08	01:31:05.021	0.61414	0.61418			6
2024.07.08	01:31:08.175	0.61415				2
2024.07.08	01:31:14.947	0.61414				2
2024.07.08	01:31:40.371		0.61417			4
2024.07.08	01:31:45.861		0.61418			4
2024.07.08	01:31:47.854	0.61415				2
2024.07.08	01:31:50.074	0.61414				2
2024.07.08	01:31:51.150	0.61415				2
2024.07.08	01:31:57.258	0.61414				2
2024.07.08	01:31:58.309	0.61415				2
2024.07.08	01:32:00.328	0.61412	0.61415			6
2024.07.08	01:32:02.288		0.61416			4
2024.07.08	01:32:04.088		0.61415			4
2024.07.08	01:32:05.869		0.61416			4
2024.07.08	01:32:20.085		0.61415			4
2024.07.08	01:32:20.390		0.61416			4
2024.07.08	01:32:23.584		0.61415			4
2024.07.08	01:32:25.154		0.61416			4
2024.07.08	01:32:47.626		0.61415			4
2024.07.08	01:32:48.422	0.61411				2
2024.07.08	01:32:50.426	0.61410				2
2024.07.08	01:32:50.730	0.61411				2
2024.07.08	01:32:51.235	0.61414	0.61417			6
2024.07.08	01:32:51.626		0.61418			4
2024.07.08	01:32:58.482	0.61415				2
2024.07.08	01:32:59.608		0.61417			4
2024.07.08	01:33:00.524	0.61415				2
2024.07.08	01:33:00.835	0.61414				2
2024.07.08	01:33:02.436	0.61413	0.61416			6
2024.07.08	01:33:05.585		0.61417			4
2024.07.08	01:33:06.304	0.61414	0.61418			6
2024.07.08	01:33:08.625	0.61413	0.61417			6
2024.07.08	01:33:09.752	0.61414	0.61418			6
2024.07.08	01:33:11.910	0.61413	0.61417			6
2024.07.08	01:33:20.429	0.61414				2
2024.07.08	01:33:20.830	0.61415	0.61418			6
2024.07.08	01:33:21.151	0.61413	0.61417			6
2024.07.08	01:33:25.381	0.61414	0.61418			6
2024.07.08	01:33:25.751	0.61413	0.61417			6
2024.07.08	01:33:36.367	0.61414	0.61418			6
2024.07.08	01:33:36.728		0.61417			4
2024.07.08	01:33:37.043	0.61413				2
2024.07.08	01:33:38.360	0.61414				2
2024.07.08	01:33:38.662	0.61413				2
2024.07.08	01:33:43.454	0.61414				2
2024.07.08	01:33:43.780	0.61413				2
2024.07.08	01:33:44.797		0.61418			4
2024.07.08	01:33:45.920		0.61417			4
2024.07.08	01:33:46.580	0.61414	0.61418			6
2024.07.08	01:33:46.936		0.61417			4
2024.07.08	01:33:54.711	0.61415				2
2024.07.08	01:34:00.412	0.61415	0.61416			6
2024.07.08	01:34:00.990	0.61414				2
2024.07.08	01:34:02.013	0.61415	0.61417			6
2024.07.08	01:34:03.166	0.61414				2
2024.07.08	01:34:08.647		0.61418			4
2024.07.08	01:34:08.967		0.61417			4
2024.07.08	01:34:11.393	0.61415				2
2024.07.08	01:34:12.185		0.61418			4
2024.07.08	01:34:48.606	0.61414	0.61415			6
2024.07.08	01:34:49.251		0.61416			4
2024.07.08	01:34:51.506		0.61417			4
2024.07.08	01:34:54.875	0.61416				2
2024.07.08	01:34:55.177	0.61414				2
2024.07.08	01:34:57.141		0.61418			4
2024.07.08	01:34:58.268		0.61417			4
2024.07.08	01:34:59.396		0.61418			4
2024.07.08	01:35:00.034	0.61414				2
2024.07.08	01:35:01.505		0.61416			4
2024.07.08	01:35:02.511		0.61415			4
2024.07.08	01:35:43.835		0.61416			4
2024.07.08	01:35:47.232		0.61417			4
2024.07.08	01:35:55.061		0.61418			4
2024.07.08	01:36:00.423	0.61413	0.61416			6
2024.07.08	01:36:00.951	0.61412				2
2024.07.08	01:36:01.461	0.61411				2
2024.07.08	01:36:01.833	0.61412				2
2024.07.08	01:36:03.383	0.61411				2
2024.07.08	01:36:04.197	0.61412				2
2024.07.08	01:36:10.933	0.61411				2
2024.07.08	01:36:11.392	0.61413	0.61417			6
2024.07.08	01:36:11.708	0.61414				2
2024.07.08	01:36:12.865		0.61418			4
2024.07.08	01:36:15.039	0.61413				2
2024.07.08	01:36:19.054	0.61414				2
2024.07.08	01:36:19.398	0.61413				2
2024.07.08	01:36:23.014	0.61414				2
2024.07.08	01:36:37.683		0.61419			4
2024.07.08	01:36:38.786		0.61418			4
2024.07.08	01:36:43.889		0.61419			4
2024.07.08	01:37:00.198	0.61413	0.61417			6
2024.07.08	01:37:00.518		0.61416			4
2024.07.08	01:37:01.403	0.61412				2
2024.07.08	01:37:04.390	0.61411	0.61415			6
2024.07.08	01:37:05.210	0.61414				2
2024.07.08	01:37:05.521		0.61419			4
2024.07.08	01:37:06.094	0.61415				2
2024.07.08	01:37:09.086		0.61420			4
2024.07.08	01:37:14.448	0.61416				2
2024.07.08	01:37:14.828	0.61415				2
2024.07.08	01:37:18.778		0.61419			4
2024.07.08	01:37:38.267		0.61420			4
2024.07.08	01:37:40.288	0.61416				2
2024.07.08	01:37:47.232	0.61417				2
2024.07.08	01:37:48.410	0.61416				2
2024.07.08	01:37:49.775	0.61417	0.61422			6
2024.07.08	01:37:52.262	0.61418				2
2024.07.08	01:37:53.384	0.61417				2
2024.07.08	01:37:53.714	0.61418				2
2024.07.08	01:38:00.096	0.61418				2
2024.07.08	01:38:04.091		0.61423			4
2024.07.08	01:38:15.592	0.61419				2
2024.07.08	01:38:16.755	0.61420				2
2024.07.08	01:38:17.388	0.61419				2
2024.07.08	01:38:18.090	0.61418				2
2024.07.08	01:38:18.395	0.61419				2
2024.07.08	01:38:51.683	0.61418				2
2024.07.08	01:38:52.152	0.61419				2
2024.07.08	01:38:52.922		0.61424			4
2024.07.08	01:38:54.836	0.61420				2
2024.07.08	01:38:55.430	0.61419				2
2024.07.08	01:38:57.167		0.61423			4
2024.07.08	01:39:00.487	0.61418	0.61424			6
2024.07.08	01:39:01.395	0.61419				2
2024.07.08	01:39:02.802		0.61423			4
2024.07.08	01:39:04.024	0.61418				2
2024.07.08	01:39:04.435	0.61419				2
2024.07.08	01:39:06.252		0.61424			4
2024.07.08	01:39:08.884		0.61423			4
2024.07.08	01:39:11.823	0.61418				2
2024.07.08	01:39:12.724		0.61422			4
2024.07.08	01:39:13.029		0.61423			4
2024.07.08	01:39:13.388	0.61419				2
2024.07.08	01:39:19.095		0.61424			4
2024.07.08	01:39:23.394		0.61423			4
2024.07.08	01:39:23.991	0.61418				2
2024.07.08	01:39:26.895	0.61419				2
2024.07.08	01:39:29.881	0.61418				2
2024.07.08	01:39:34.077		0.61422			4
2024.07.08	01:39:40.067		0.61423			4
2024.07.08	01:39:46.533	0.61419	0.61424			6
2024.07.08	01:39:58.230	0.61418	0.61422			6
2024.07.08	01:39:59.585		0.61423			4
2024.07.08	01:40:00.385	0.61417	0.61421			6
2024.07.08	01:40:01.030	0.61418	0.61422			6
2024.07.08	01:40:02.066	0.61417				2
2024.07.08	01:40:02.373	0.61418				2
2024.07.08	01:40:18.827	0.61419				2
2024.07.08	01:40:19.208	0.61418				2
2024.07.08	01:40:30.932		0.61423			4
2024.07.08	01:40:31.244	0.61419				2
2024.07.08	01:40:35.464		0.61421			4
2024.07.08	01:40:36.054		0.61423			4
2024.07.08	01:40:36.630	0.61418				2
2024.07.08	01:40:37.579	0.61419	0.61424			6
2024.07.08	01:41:02.727	0.61419				2
2024.07.08	01:41:05.354	0.61417				2
2024.07.08	01:41:06.524	0.61419				2
2024.07.08	01:41:07.497	0.61420				2
2024.07.08	01:41:09.487	0.61419				2
2024.07.08	01:41:29.707	0.61420				2
2024.07.08	01:41:30.107	0.61419				2
2024.07.08	01:41:30.414	0.61420				2
2024.07.08	01:41:30.915	0.61419				2
2024.07.08	01:41:31.426	0.61420				2
2024.07.08	01:41:39.716	0.61419	0.61423			6
2024.07.08	01:41:40.421	0.61418				2
2024.07.08	01:41:43.400	0.61417				2
2024.07.08	01:41:47.317		0.61422			4
2024.07.08	01:41:53.922		0.61423			4
2024.07.08	01:42:00.183	0.61416	0.61421			6
2024.07.08	01:42:00.496	0.61415	0.61420			6
2024.07.08	01:42:00.820	0.61416				2
2024.07.08	01:42:01.230	0.61415				2
2024.07.08	01:42:13.455	0.61416				2
2024.07.08	01:42:15.373	0.61415				2
2024.07.08	01:42:21.055	0.61418	0.61424			6
2024.07.08	01:42:21.375	0.61420	0.61425			6
2024.07.08	01:42:24.451	0.61418	0.61422			6
2024.07.08	01:42:24.929	0.61417				2
2024.07.08	01:42:36.701	0.61419	0.61423			6
2024.07.08	01:42:39.026		0.61424			4
2024.07.08	01:42:42.429		0.61423			4
2024.07.08	01:43:00.030	0.61419				2
2024.07.08	01:43:11.725	0.61420				2
2024.07.08	01:43:12.628		0.61424			4
2024.07.08	01:43:12.961	0.61419	0.61423			6
2024.07.08	01:43:23.994		0.61422			4
2024.07.08	01:43:54.941	0.61418				2
2024.07.08	01:44:00.330	0.61417	0.61421			6
2024.07.08	01:44:07.581	0.61416	0.61420			6
2024.07.08	01:44:08.637	0.61417				2
2024.07.08	01:44:24.839		0.61419			4
2024.07.08	01:44:25.685		0.61418			4
2024.07.08	01:44:34.949		0.61419			4
2024.07.08	01:44:35.660		0.61418			4
2024.07.08	01:44:44.340	0.61416				2
2024.07.08	01:44:56.980		0.61419			4
2024.07.08	01:44:57.773		0.61418			4
2024.07.08	01:44:58.129		0.61419			4
2024.07.08	01:44:59.092		0.61418			4
2024.07.08	01:45:02.589	0.61416				2
2024.07.08	01:45:19.210	0.61415				2
2024.07.08	01:45:59.326		0.61418			4
2024.07.08	01:46:00.369	0.61416	0.61419			6
2024.07.08	01:46:13.241	0.61417				2
2024.07.08	01:46:15.321		0.61420			4
2024.07.08	01:46:19.472	0.61416				2
2024.07.08	01:46:30.634	0.61419	0.61421			6
2024.07.08	01:46:30.965		0.61422			4
2024.07.08	01:46:31.298		0.61421			4
2024.07.08	01:46:38.041	0.61418				2
2024.07.08	01:46:39.362		0.61420			4
2024.07.08	01:46:44.710	0.61417				2
2024.07.08	01:46:47.662	0.61419				2
2024.07.08	01:46:47.967	0.61417				2
2024.07.08	01:46:48.543	0.61415	0.61418			6
2024.07.08	01:47:00.205	0.61415				2
2024.07.08	01:47:20.884	0.61414				2
2024.07.08	01:47:25.494	0.61415				2
2024.07.08	01:47:26.490	0.61416				2
2024.07.08	01:47:28.387	0.61414				2
2024.07.08	01:47:50.156		0.61418			4
2024.07.08	01:47:56.919	0.61415				2
2024.07.08	01:47:58.156	0.61414				2
2024.07.08	01:48:00.301	0.61414				2
2024.07.08	01:48:03.268	0.61415				2
2024.07.08	01:48:03.572	0.61414				2
2024.07.08	01:48:07.041	0.61415				2
2024.07.08	01:48:08.186		0.61419			4
2024.07.08	01:48:10.440		0.61418			4
2024.07.08	01:48:11.426		0.61419			4
2024.07.08	01:48:13.099	0.61414	0.61418			6
2024.07.08	01:48:14.132		0.61417			4
2024.07.08	01:48:14.743		0.61418			4
2024.07.08	01:48:17.703	0.61415				2
2024.07.08	01:48:18.007	0.61414				2
2024.07.08	01:48:19.436	0.61415				2
2024.07.08	01:48:21.708		0.61419			4
2024.07.08	01:48:23.257	0.61414	0.61418			6
2024.07.08	01:48:23.961	0.61415				2
2024.07.08	01:48:25.090		0.61419			4
2024.07.08	01:48:26.026		0.61418			4
2024.07.08	01:48:28.472	0.61414				2
2024.07.08	01:48:29.585	0.61415				2
2024.07.08	01:48:30.725		0.61419			4
2024.07.08	01:48:36.471		0.61418			4
2024.07.08	01:48:38.569		0.61419			4
2024.07.08	01:48:44.276		0.61418			4
2024.07.08	01:48:47.632		0.61419			4
2024.07.08	01:49:00.025	0.61415				2
2024.07.08	01:49:00.418	0.61414	0.61418			6
2024.07.08	01:49:02.261	0.61415				2
2024.07.08	01:49:03.273	0.61414				2
2024.07.08	01:49:10.151	0.61415				2
2024.07.08	01:49:14.053	0.61414				2
2024.07.08	01:49:18.036	0.61415				2
2024.07.08	01:49:22.561		0.61419			4
2024.07.08	01:49:36.806		0.61418			4
2024.07.08	01:49:37.124	0.61417	0.61420			6
2024.07.08	01:49:46.101		0.61419			4
2024.07.08	01:49:47.158	0.61416	0.61418			6
2024.07.08	01:49:48.365	0.61417	0.61419			6
2024.07.08	01:50:00.088	0.61417				2
2024.07.08	01:50:02.054	0.61415	0.61416			6
2024.07.08	01:50:02.363		0.61417			4
2024.07.08	01:50:06.341		0.61418			4
2024.07.08	01:50:06.644		0.61417			4
2024.07.08	01:50:07.753		0.61418			4
2024.07.08	01:50:08.098	0.61417				2
2024.07.08	01:50:08.797	0.61415	0.61417			6
2024.07.08	01:50:09.781		0.61418			4
2024.07.08	01:50:16.747		0.61417			4
2024.07.08	01:50:23.416	0.61417	0.61418			6
2024.07.08	01:50:23.721	0.61418	0.61420			6
2024.07.08	01:50:27.182		0.61419			4
2024.07.08	01:50:27.567		0.61420			4
2024.07.08	01:50:28.227	0.61420	0.61424			6
2024.07.08	01:50:28.559	0.61422	0.61425			6
2024.07.08	01:50:28.874	0.61420	0.61424			6
2024.07.08	01:50:30.010	0.61419	0.61423			6
2024.07.08	01:50:30.357	0.61420	0.61424			6
2024.07.08	01:50:31.074	0.61419	0.61423			6
2024.07.08	01:50:31.485		0.61422			4
2024.07.08	01:50:37.474		0.61421			4
2024.07.08	01:50:37.781		0.61422			4
2024.07.08	01:50:41.674	0.61421				2
2024.07.08	01:50:41.975	0.61419				2
2024.07.08	01:50:43.774	0.61416	0.61419			6
2024.07.08	01:50:44.119	0.61415	0.61418			6
2024.07.08	01:50:47.723	0.61414	0.61417			6
2024.07.08	01:50:48.679	0.61415	0.61418			6
2024.07.08	01:50:49.881		0.61417			4
2024.07.08	01:50:50.993	0.61416	0.61419			6
2024.07.08	01:50:52.374		0.61418			4
2024.07.08	01:50:54.214	0.61415	0.61417			6
2024.07.08	01:51:00.153	0.61415				2
2024.07.08	01:51:17.124	0.61414				2
2024.07.08	01:51:17.567	0.61415				2
2024.07.08	01:51:23.817	0.61416				2
2024.07.08	01:51:31.392	0.61417	0.61420			6
2024.07.08	01:51:31.697	0.61419				2
2024.07.08	01:51:32.939	0.61417	0.61418			6
2024.07.08	01:51:50.093	0.61418	0.61419			6
2024.07.08	01:51:58.065	0.61417	0.61418			6
2024.07.08	01:52:00.423	0.61417				2
2024.07.08	01:52:01.209	0.61414	0.61416			6
2024.07.08	01:52:02.401	0.61416	0.61417			6
2024.07.08	01:52:09.584	0.61418	0.61419			6
2024.07.08	01:52:09.890	0.61417	0.61418			6
2024.07.08	01:52:10.352	0.61414	0.61415			6
2024.07.08	01:52:18.458	0.61413	0.61414			6
2024.07.08	01:52:19.748	0.61414	0.61415			6
2024.07.08	01:52:20.197	0.61415	0.61416			6
2024.07.08	01:52:21.143	0.61416	0.61417			6
2024.07.08	01:52:22.526	0.61415				2
2024.07.08	01:52:23.431	0.61416				2
2024.07.08	01:52:32.410	0.61415	0.61416			6
2024.07.08	01:52:40.939	0.61416	0.61417			6
2024.07.08	01:52:46.308	0.61415	0.61416			6
2024.07.08	01:53:00.599	0.61414	0.61415			6
2024.07.08	01:53:20.432	0.61413	0.61414			6
2024.07.08	01:53:21.410	0.61414	0.61415			6
2024.07.08	01:53:45.534	0.61416	0.61419			6
2024.07.08	01:53:45.843	0.61417	0.61420			6
2024.07.08	01:53:52.265	0.61416	0.61419			6
2024.07.08	01:53:55.533	0.61420	0.61423			6
2024.07.08	01:53:58.111		0.61421			4
2024.07.08	01:54:00.428	0.61419	0.61420			6
2024.07.08	01:54:01.820	0.61420	0.61421			6
2024.07.08	01:54:07.486		0.61423			4
2024.07.08	01:54:07.854	0.61417	0.61421			6
2024.07.08	01:54:09.387		0.61420			4
2024.07.08	01:54:09.965	0.61415	0.61417			6
2024.07.08	01:54:10.283	0.61416				2
2024.07.08	01:54:13.936	0.61417	0.61420			6
2024.07.08	01:54:14.246	0.61418	0.61421			6
2024.07.08	01:54:22.693	0.61415	0.61417			6
2024.07.08	01:54:23.003	0.61411	0.61413			6
2024.07.08	01:54:23.304	0.61416	0.61417			6
2024.07.08	01:54:25.378		0.61418			4
2024.07.08	01:54:27.701	0.61419	0.61421			6
2024.07.08	01:54:32.825		0.61423			4
2024.07.08	01:54:38.204	0.61417				2
2024.07.08	01:54:38.949	0.61421				2
2024.07.08	01:54:48.650	0.61420				2
2024.07.08	01:54:58.214		0.61422			4
2024.07.08	01:54:59.492	0.61416	0.61419			6
2024.07.08	01:55:00.495	0.61417				2
2024.07.08	01:55:00.957	0.61416				2
2024.07.08	01:55:03.024	0.61415	0.61417			6
2024.07.08	01:55:03.506		0.61418			4
2024.07.08	01:55:05.245	0.61416	0.61419			6
2024.07.08	01:55:08.597	0.61415				2
2024.07.08	01:55:09.125	0.61416				2
2024.07.08	01:55:15.389	0.61415				2
2024.07.08	01:55:16.615	0.61418	0.61420			6
2024.07.08	01:55:23.449	0.61420	0.61422			6
2024.07.08	01:55:23.844		0.61423			4
2024.07.08	01:55:24.217		0.61422			4
2024.07.08	01:55:30.123	0.61419				2
2024.07.08	01:55:36.611		0.61423			4
2024.07.08	01:55:37.067		0.61422			4
2024.07.08	01:56:02.869	0.61418	0.61421			6
2024.07.08	01:56:04.022	0.61417				2
2024.07.08	01:56:05.096	0.61418				2
2024.07.08	01:56:09.124	0.61417	0.61420			6
2024.07.08	01:56:09.438	0.61418				2
2024.07.08	01:56:10.786		0.61421			4
2024.07.08	01:56:12.488	0.61419	0.61422			6
2024.07.08	01:56:12.803	0.61420				2
2024.07.08	01:56:13.150	0.61415	0.61417			6
2024.07.08	01:56:13.461		0.61418			4
2024.07.08	01:56:13.813	0.61417	0.61420			6
2024.07.08	01:56:18.005	0.61418	0.61421			6
2024.07.08	01:56:18.456		0.61420			4
2024.07.08	01:56:19.466	0.61417				2
2024.07.08	01:56:22.133		0.61419			4
2024.07.08	01:56:24.962	0.61418				2
2024.07.08	01:56:25.271	0.61417				2
2024.07.08	01:56:34.736	0.61418				2
2024.07.08	01:56:43.549		0.61420			4
2024.07.08	01:56:54.642		0.61419			4
2024.07.08	01:56:55.103		0.61420			4
2024.07.08	01:57:00.268	0.61418				2
2024.07.08	01:57:02.669	0.61419				2
2024.07.08	01:57:03.626	0.61418				2
2024.07.08	01:57:04.734	0.61415	0.61418			6
2024.07.08	01:57:05.044	0.61416				2
2024.07.08	01:57:06.088	0.61415				2
2024.07.08	01:57:10.900	0.61416				2
2024.07.08	01:57:12.639	0.61417	0.61420			6
2024.07.08	01:57:15.080	0.61419	0.61421			6
2024.07.08	01:57:15.386	0.61420				2
2024.07.08	01:57:15.811		0.61422			4
2024.07.08	01:57:17.739	0.61417	0.61420			6
2024.07.08	01:57:18.041		0.61419			4
2024.07.08	01:57:20.516		0.61420			4
2024.07.08	01:57:20.822		0.61419			4
2024.07.08	01:57:21.126		0.61421			4
2024.07.08	01:57:22.868	0.61416	0.61420			6
2024.07.08	01:57:25.214	0.61418	0.61421			6
2024.07.08	01:57:35.993		0.61422			4
2024.07.08	01:57:57.074	0.61421	0.61424			6
2024.07.08	01:58:01.103	0.61421				2
2024.07.08	01:58:01.951	0.61420	0.61423			6
2024.07.08	01:58:13.595	0.61418	0.61420			6
2024.07.08	01:58:14.378		0.61421			4
2024.07.08	01:58:14.709		0.61420			4
2024.07.08	01:58:23.311		0.61421			4
2024.07.08	01:58:27.605		0.61420			4
2024.07.08	01:58:45.369		0.61419			4
2024.07.08	01:58:46.248	0.61411	0.61413			6
2024.07.08	01:58:46.564		0.61412			4
2024.07.08	01:58:46.917	0.61413	0.61415			6
2024.07.08	01:58:47.222	0.61410	0.61413			6
2024.07.08	01:58:47.530		0.61412			4
2024.07.08	01:58:50.495	0.61405	0.61407			6
2024.07.08	01:58:52.378		0.61408			4
2024.07.08	01:58:52.689	0.61406				2
2024.07.08	01:58:52.991	0.61405				2
2024.07.08	01:58:53.342	0.61404				2
2024.07.08	01:58:54.049	0.61405				2
2024.07.08	01:58:56.650		0.61407			4
2024.07.08	01:59:00.411	0.61405				2
2024.07.08	01:59:06.711	0.61407	0.61410			6
2024.07.08	01:59:09.011		0.61408			4
2024.07.08	01:59:09.581	0.61408	0.61410			6
2024.07.08	01:59:10.528		0.61409			4
2024.07.08	01:59:12.206		0.61410			4
2024.07.08	01:59:25.973		0.61409			4
2024.07.08	01:59:33.391		0.61410			4
2024.07.08	01:59:34.056		0.61409			4
2024.07.08	01:59:35.296	0.61410	0.61413			6
2024.07.08	01:59:40.190		0.61412			4
2024.07.08	01:59:42.783	0.61408	0.61410			6
2024.07.08	01:59:43.099	0.61410	0.61412			6
2024.07.08	01:59:43.408	0.61408	0.61410			6
2024.07.08	01:59:44.116		0.61409			4
2024.07.08	01:59:46.495	0.61409	0.61412			6
2024.07.08	01:59:48.357	0.61408	0.61410			6
2024.07.08	01:59:50.692		0.61409			4
2024.07.08	01:59:51.925		0.61410			4
2024.07.08	01:59:52.670	0.61410	0.61412			6
2024.07.08	01:59:54.105		0.61413			4
2024.07.08	01:59:55.875		0.61412			4
2024.07.08	01:59:56.591	0.61409	0.61411			6
2024.07.08	01:59:57.651	0.61410				2
2024.07.08	01:59:58.092	0.61408	0.61409			6
2024.07.08	01:59:59.498	0.61406				2
2024.07.08	01:59:59.811		0.61407			4
2024.07.08	02:00:00.122	0.61406	0.61408			6
2024.07.08	02:00:00.425	0.61409	0.61410			6
2024.07.08	02:00:00.728	0.61408	0.61409			6
2024.07.08	02:00:01.351	0.61406	0.61407			6
2024.07.08	02:00:01.662	0.61405	0.61408			6
2024.07.08	02:00:04.434		0.61407			4
2024.07.08	02:00:04.910		0.61408			4
2024.07.08	02:00:06.239	0.61402	0.61407			6
2024.07.08	02:00:06.603	0.61403				2
2024.07.08	02:00:07.190	0.61406				2
2024.07.08	02:00:09.746	0.61405				2
2024.07.08	02:00:10.240		0.61406			4
2024.07.08	02:00:11.569		0.61407			4
2024.07.08	02:00:16.814	0.61404	0.61406			6
2024.07.08	02:00:17.809		0.61405			4
2024.07.08	02:00:18.114	0.61403				2
2024.07.08	02:00:19.377		0.61404			4
2024.07.08	02:00:19.845	0.61401	0.61402			6
2024.07.08	02:00:20.609	0.61402	0.61404			6
2024.07.08	02:00:21.413		0.61405			4
2024.07.08	02:00:22.370	0.61403				2
2024.07.08	02:00:25.508	0.61401	0.61402			6
2024.07.08	02:00:27.698	0.61400				2
2024.07.08	02:00:30.949	0.61398				2
2024.07.08	02:00:31.645	0.61399				2
2024.07.08	02:00:38.225	0.61395	0.61398			6
2024.07.08	02:00:38.538	0.61394	0.61397			6
2024.07.08	02:00:39.715	0.61395	0.61398			6
2024.07.08	02:00:40.050	0.61396	0.61399			6
2024.07.08	02:00:42.159	0.61399	0.61402			6
2024.07.08	02:00:51.800		0.61403			4
2024.07.08	02:00:52.803	0.61400				2
2024.07.08	02:00:54.590	0.61401				2
2024.07.08	02:00:59.055	0.61404	0.61405			6
2024.07.08	02:01:00.418	0.61404				2
2024.07.08	02:01:01.497	0.61408	0.61410			6
2024.07.08	02:01:05.459		0.61411			4
2024.07.08	02:01:07.003		0.61410			4
2024.07.08	02:01:14.743	0.61407				2
2024.07.08	02:01:15.152		0.61411			4
2024.07.08	02:01:16.382		0.61410			4
2024.07.08	02:01:22.729	0.61408				2
2024.07.08	02:01:23.092	0.61407				2
2024.07.08	02:01:23.393	0.61409	0.61411			6
2024.07.08	02:01:23.856	0.61407	0.61410			6
2024.07.08	02:01:25.926	0.61408				2
2024.07.08	02:01:28.005	0.61409	0.61411			6
2024.07.08	02:01:28.311	0.61410	0.61412			6
2024.07.08	02:01:30.549	0.61408	0.61410			6
2024.07.08	02:01:32.401		0.61409			4
2024.07.08	02:01:33.432	0.61409	0.61411			6
2024.07.08	02:01:37.283	0.61407	0.61410			6
2024.07.08	02:01:41.287		0.61409			4
2024.07.08	02:01:45.082	0.61408				2
2024.07.08	02:01:45.448	0.61407				2
2024.07.08	02:01:45.755	0.61408	0.61410			6
2024.07.08	02:01:46.961	0.61407	0.61409			6
2024.07.08	02:01:47.664		0.61408			4
2024.07.08	02:01:47.965		0.61409			4
2024.07.08	02:01:48.434		0.61410			4
2024.07.08	02:02:00.390	0.61407	0.61409			6
2024.07.08	02:02:01.262	0.61406				2
2024.07.08	02:02:01.586	0.61407	0.61410			6
2024.07.08	02:02:09.342		0.61411			4
2024.07.08	02:02:11.381		0.61410			4
2024.07.08	02:02:12.927	0.61408				2
2024.07.08	02:02:13.450		0.61411			4
2024.07.08	02:02:16.256	0.61409	0.61412			6
2024.07.08	02:02:24.674	0.61411	0.61413			6
2024.07.08	02:02:25.594		0.61414			4
2024.07.08	02:02:27.904	0.61410	0.61413			6
2024.07.08	02:02:34.641	0.61411				2
2024.07.08	02:02:38.293	0.61412	0.61415			6
2024.07.08	02:02:38.601		0.61414			4
2024.07.08	02:02:40.265	0.61411				2
2024.07.08	02:02:40.609		0.61415			4
2024.07.08	02:02:43.900	0.61413	0.61417			6
2024.07.08	02:02:46.745	0.61416	0.61419			6
2024.07.08	02:02:47.083		0.61420			4
2024.07.08	02:02:49.266	0.61417				2
2024.07.08	02:02:49.908	0.61418				2
2024.07.08	02:02:51.316		0.61421			4
2024.07.08	02:02:57.378		0.61420			4
2024.07.08	02:02:57.683	0.61419	0.61422			6
2024.07.08	02:03:00.402	0.61419	0.61421			6
2024.07.08	02:03:00.741	0.61417	0.61419			6
2024.07.08	02:03:08.538	0.61418	0.61420			6
2024.07.08	02:03:13.898	0.61419				2
2024.07.08	02:03:14.361	0.61417	0.61418			6
2024.07.08	02:03:14.662	0.61414	0.61417			6
2024.07.08	02:03:15.135	0.61416	0.61418			6
2024.07.08	02:03:19.630	0.61417	0.61420			6
2024.07.08	02:03:19.943		0.61419			4
2024.07.08	02:03:23.648	0.61415	0.61417			6
2024.07.08	02:03:26.634	0.61416	0.61419			6
2024.07.08	02:03:35.524		0.61418			4
2024.07.08	02:03:35.870		0.61419			4
2024.07.08	02:03:40.695		0.61418			4
2024.07.08	02:03:51.237	0.61415	0.61417			6
2024.07.08	02:04:00.054	0.61414	0.61416			6
2024.07.08	02:04:00.418	0.61412	0.61414			6
2024.07.08	02:04:01.148	0.61411				2
2024.07.08	02:04:10.704		0.61413			4
2024.07.08	02:04:12.442		0.61414			4
2024.07.08	02:04:12.762	0.61412				2
2024.07.08	02:04:14.888	0.61413	0.61415			6
2024.07.08	02:04:15.192	0.61416	0.61419			6
2024.07.08	02:04:15.506	0.61415	0.61417			6
2024.07.08	02:04:17.019		0.61418			4
2024.07.08	02:04:18.940	0.61414	0.61419			6
2024.07.08	02:04:20.145	0.61415	0.61418			6
2024.07.08	02:04:21.201	0.61416	0.61417			6
2024.07.08	02:04:21.503	0.61417	0.61420			6
2024.07.08	02:04:21.811	0.61418				2
2024.07.08	02:04:24.688	0.61417	0.61419			6
2024.07.08	02:04:26.240	0.61414	0.61416			6
2024.07.08	02:04:27.161	0.61415	0.61417			6
2024.07.08	02:04:34.735		0.61419			4
2024.07.08	02:04:35.081		0.61417			4
2024.07.08	02:04:35.864		0.61419			4
2024.07.08	02:04:36.168	0.61416				2
2024.07.08	02:04:39.049	0.61415	0.61417			6
2024.07.08	02:04:43.008	0.61416	0.61418			6
2024.07.08	02:04:43.317		0.61419			4
2024.07.08	02:04:44.302	0.61415	0.61417			6
2024.07.08	02:05:00.446	0.61414	0.61416			6
2024.07.08	02:05:01.874	0.61412	0.61413			6
2024.07.08	02:05:02.867	0.61411	0.61412			6
2024.07.08	02:05:07.466		0.61413			4
2024.07.08	02:05:09.426	0.61412	0.61414			6
2024.07.08	02:05:09.779	0.61411	0.61413			6
2024.07.08	02:05:11.412	0.61412	0.61414			6
2024.07.08	02:05:24.369	0.61411	0.61413			6
2024.07.08	02:05:28.463		0.61412			4
2024.07.08	02:05:52.418		0.61413			4
2024.07.08	02:05:53.228		0.61412			4
2024.07.08	02:05:53.563		0.61413			4
2024.07.08	02:05:57.945	0.61412	0.61414			6
2024.07.08	02:05:58.850	0.61411	0.61412			6
2024.07.08	02:05:59.329		0.61413			4
2024.07.08	02:06:00.417	0.61410	0.61412			6
2024.07.08	02:06:00.767	0.61411	0.61413			6
2024.07.08	02:06:01.393	0.61412	0.61414			6
2024.07.08	02:06:03.696	0.61413	0.61415			6
2024.07.08	02:06:07.395	0.61412	0.61414			6
2024.07.08	02:06:13.984	0.61413	0.61415			6
2024.07.08	02:06:14.366	0.61412	0.61414			6
2024.07.08	02:06:15.393		0.61415			4
2024.07.08	02:06:30.631	0.61413				2
2024.07.08	02:06:31.946		0.61416			4
2024.07.08	02:06:32.626	0.61414				2
2024.07.08	02:06:35.346	0.61413	0.61415			6
2024.07.08	02:06:36.916	0.61417	0.61419			6
2024.07.08	02:06:37.585	0.61418	0.61420			6
2024.07.08	02:06:44.537	0.61417	0.61419			6
2024.07.08	02:06:46.342		0.61420			4
2024.07.08	02:06:50.061	0.61418				2
2024.07.08	02:06:52.706	0.61419	0.61421			6
2024.07.08	02:06:53.052	0.61418	0.61420			6
2024.07.08	02:07:00.087	0.61418				2
2024.07.08	02:07:00.395	0.61417				2
2024.07.08	02:07:00.708	0.61418				2
2024.07.08	02:07:01.146	0.61417				2
2024.07.08	02:07:06.378	0.61418				2
2024.07.08	02:07:08.443	0.61417	0.61419			6
2024.07.08	02:07:17.826	0.61418	0.61420			6
2024.07.08	02:07:22.032	0.61415	0.61417			6
2024.07.08	02:07:22.345		0.61418			4
2024.07.08	02:07:26.132		0.61417			4
2024.07.08	02:07:35.684	0.61416	0.61418			6
2024.07.08	02:07:36.416	0.61415	0.61417			6
2024.07.08	02:07:38.005	0.61416	0.61418			6
2024.07.08	02:07:40.375	0.61417	0.61420			6
2024.07.08	02:07:40.835	0.61418				2
2024.07.08	02:07:41.573	0.61417	0.61419			6
2024.07.08	02:07:41.885	0.61416				2
2024.07.08	02:07:42.219	0.61418	0.61420			6
2024.07.08	02:07:43.856	0.61416	0.61419			6
2024.07.08	02:07:46.249		0.61418			4
2024.07.08	02:07:51.184	0.61417				2
2024.07.08	02:07:51.566	0.61416				2
2024.07.08	02:07:57.420	0.61417	0.61419			6
2024.07.08	02:07:57.723	0.61418	0.61420			6
2024.07.08	02:07:58.374	0.61419	0.61422			6
2024.07.08	02:07:59.866	0.61420	0.61423			6
2024.07.08	02:08:00.201	0.61418	0.61422			6
2024.07.08	02:08:00.848	0.61419				2
2024.07.08	02:08:01.473	0.61417	0.61418			6
2024.07.08	02:08:01.878	0.61418	0.61420			6
2024.07.08	02:08:06.893	0.61423	0.61426			6
2024.07.08	02:08:10.826	0.61422	0.61425			6
2024.07.08	02:08:11.143		0.61424			4
2024.07.08	02:08:11.452	0.61423	0.61425			6
2024.07.08	02:08:12.194	0.61422				2
2024.07.08	02:08:13.769	0.61423				2
2024.07.08	02:08:17.126	0.61422	0.61424			6
2024.07.08	02:08:19.935	0.61421	0.61423			6
2024.07.08	02:08:29.206	0.61420	0.61422			6
2024.07.08	02:08:29.905	0.61419				2
2024.07.08	02:08:33.382	0.61418				2
2024.07.08	02:08:49.100		0.61421			4
2024.07.08	02:08:52.774		0.61422			4
2024.07.08	02:08:57.035	0.61419	0.61423			6
2024.07.08	02:09:00.433	0.61417	0.61420			6
2024.07.08	02:09:49.517		0.61419			4
2024.07.08	02:09:56.671		0.61420			4
2024.07.08	02:09:57.032		0.61419			4
2024.07.08	02:09:58.312		0.61420			4
2024.07.08	02:09:59.182		0.61419			4
2024.07.08	02:10:00.432	0.61418	0.61421			6
2024.07.08	02:10:00.810		0.61420			4
2024.07.08	02:10:03.741	0.61420	0.61423			6
2024.07.08	02:10:05.011	0.61421				2
2024.07.08	02:10:05.317	0.61420				2
2024.07.08	02:10:06.344	0.61421	0.61424			6
2024.07.08	02:10:10.202	0.61420	0.61423			6
2024.07.08	02:10:12.268	0.61419	0.61422			6
2024.07.08	02:10:14.683		0.61423			4
2024.07.08	02:10:14.991		0.61422			4
2024.07.08	02:10:16.085		0.61421			4
2024.07.08	02:10:17.011		0.61422			4
2024.07.08	02:10:21.826		0.61421			4
2024.07.08	02:10:22.140	0.61418				2
2024.07.08	02:10:24.115		0.61420			4
2024.07.08	02:10:26.703		0.61421			4
2024.07.08	02:10:28.431	0.61419				2
2024.07.08	02:10:29.868	0.61418				2
2024.07.08	02:10:32.226		0.61420			4
2024.07.08	02:10:35.949	0.61420	0.61424			6
2024.07.08	02:10:36.661	0.61421				2
2024.07.08	02:10:37.367	0.61420				2
2024.07.08	02:10:46.503		0.61423			4
2024.07.08	02:10:51.304	0.61419	0.61421			6
2024.07.08	02:10:55.829		0.61422			4
2024.07.08	02:11:00.421	0.61419	0.61421			6
2024.07.08	02:11:01.260	0.61418				2
2024.07.08	02:11:12.510	0.61419	0.61422			6
2024.07.08	02:11:12.860		0.61421			4
2024.07.08	02:11:13.176	0.61418				2
2024.07.08	02:11:26.411		0.61420			4
2024.07.08	02:11:26.868		0.61419			4
2024.07.08	02:11:27.891	0.61417				2
2024.07.08	02:11:31.183	0.61418	0.61420			6
2024.07.08	02:11:48.451	0.61417	0.61419			6
2024.07.08	02:11:52.146	0.61418	0.61420			6
2024.07.08	02:11:52.454	0.61417	0.61419			6
2024.07.08	02:11:58.803	0.61418	0.61420			6
2024.07.08	02:12:00.417	0.61418				2
2024.07.08	02:12:27.361		0.61419			4
2024.07.08	02:12:27.702		0.61420			4
2024.07.08	02:12:31.534	0.61417				2
2024.07.08	02:12:33.354		0.61419			4
2024.07.08	02:12:36.124	0.61418	0.61420			6
2024.07.08	02:12:39.264		0.61421			4
2024.07.08	02:12:41.555	0.61419				2
2024.07.08	02:12:45.811	0.61418				2
2024.07.08	02:12:46.344	0.61420	0.61422			6
2024.07.08	02:12:46.647	0.61423	0.61426			6
2024.07.08	02:13:02.089	0.61423				2
2024.07.08	02:13:44.304	0.61428	0.61430			6
2024.07.08	02:13:44.625		0.61431			4
2024.07.08	02:13:50.228	0.61427	0.61429			6
2024.07.08	02:14:01.527	0.61427				2
2024.07.08	02:14:03.579	0.61422	0.61425			6
2024.07.08	02:14:05.985		0.61424			4
2024.07.08	02:14:06.397	0.61423	0.61425			6
2024.07.08	02:14:12.344		0.61426			4
2024.07.08	02:14:13.205	0.61424				2
2024.07.08	02:14:15.613		0.61425			4
2024.07.08	02:14:16.330	0.61423				2
2024.07.08	02:14:23.543	0.61422				2
2024.07.08	02:14:23.856	0.61423				2
2024.07.08	02:14:40.305	0.61424	0.61427			6
2024.07.08	02:14:40.621		0.61426			4
2024.07.08	02:14:44.402		0.61427			4
2024.07.08	02:14:44.722		0.61426			4
2024.07.08	02:14:45.083	0.61423				2
2024.07.08	02:14:48.862	0.61425				2
2024.07.08	02:14:49.166	0.61423				2
2024.07.08	02:14:51.302	0.61424				2
2024.07.08	02:14:52.272	0.61423	0.61425			6
2024.07.08	02:14:54.233	0.61426	0.61428			6
2024.07.08	02:14:55.425		0.61429			4
2024.07.08	02:14:57.571		0.61428			4
2024.07.08	02:14:59.987		0.61429			4
2024.07.08	02:15:00.377	0.61426	0.61427			6
2024.07.08	02:15:00.771		0.61428			4
2024.07.08	02:15:01.896		0.61429			4
2024.07.08	02:15:02.537		0.61428			4
2024.07.08	02:15:03.454	0.61428	0.61430			6
2024.07.08	02:15:10.724	0.61429	0.61431			6
2024.07.08	02:15:14.094	0.61430				2
2024.07.08	02:15:14.397	0.61429				2
2024.07.08	02:15:32.451	0.61430	0.61432			6
2024.07.08	02:15:33.373	0.61429	0.61431			6
2024.07.08	02:15:50.631	0.61430	0.61432			6
2024.07.08	02:15:54.597	0.61429	0.61431			6
2024.07.08	02:16:00.129	0.61429	0.61430			6
2024.07.08	02:16:00.496		0.61431			4
2024.07.08	02:16:22.265	0.61431	0.61434			6
2024.07.08	02:16:22.569	0.61432				2
2024.07.08	02:16:30.656	0.61430	0.61432			6
2024.07.08	02:16:32.670	0.61432	0.61434			6
2024.07.08	02:16:35.517	0.61433				2
2024.07.08	02:16:38.804		0.61435			4
2024.07.08	02:16:39.738		0.61434			4
2024.07.08	02:17:03.717	0.61433				2
2024.07.08	02:17:07.405	0.61432				2
2024.07.08	02:17:17.126		0.61435			4
2024.07.08	02:17:18.607		0.61434			4
2024.07.08	02:17:31.619	0.61431				2
2024.07.08	02:17:43.783	0.61432				2
2024.07.08	02:17:45.717	0.61431				2
2024.07.08	02:17:48.028	0.61432				2
2024.07.08	02:17:48.895	0.61433				2
2024.07.08	02:17:49.196	0.61432				2
2024.07.08	02:17:59.680	0.61433				2
2024.07.08	02:17:59.984	0.61432				2
2024.07.08	02:18:02.712	0.61432				2
2024.07.08	02:18:23.129		0.61434			4
2024.07.08	02:18:24.496	0.61433	0.61435			6
2024.07.08	02:18:26.467		0.61434			4
2024.07.08	02:18:37.717	0.61432				2
2024.07.08	02:19:05.584	0.61432				2
2024.07.08	02:19:19.480		0.61435			4
2024.07.08	02:19:24.765	0.61429	0.61431			6
2024.07.08	02:19:25.084		0.61430			4
2024.07.08	02:19:25.407		0.61431			4
2024.07.08	02:19:25.965	0.61428	0.61430			6
2024.07.08	02:19:27.483		0.61431			4
2024.07.08	02:19:35.409		0.61429			4
2024.07.08	02:19:46.885		0.61430			4
2024.07.08	02:19:47.528	0.61425	0.61428			6
2024.07.08	02:19:48.701	0.61427	0.61429			6
2024.07.08	02:19:52.065		0.61430			4
2024.07.08	02:19:55.570		0.61429			4
2024.07.08	02:19:56.341		0.61430			4
2024.07.08	02:19:57.988	0.61426	0.61429			6
2024.07.08	02:19:58.741	0.61427				2
2024.07.08	02:20:00.346	0.61427				2
2024.07.08	02:20:00.830	0.61428	0.61430			6
2024.07.08	02:20:01.147	0.61427	0.61429			6
2024.07.08	02:20:15.698		0.61430			4
2024.07.08	02:20:19.869	0.61428	0.61431			6
2024.07.08	02:20:21.853	0.61427	0.61430			6
2024.07.08	02:20:22.193	0.61428				2
2024.07.08	02:20:37.659	0.61426	0.61427			6
2024.07.08	02:20:37.961	0.61424	0.61426			6
2024.07.08	02:20:40.973	0.61423	0.61425			6
2024.07.08	02:20:55.092	0.61424	0.61426			6
2024.07.08	02:20:59.485		0.61425			4
2024.07.08	02:20:59.980		0.61426			4
2024.07.08	02:21:00.529	0.61424				2
2024.07.08	02:21:10.025	0.61426	0.61429			6
2024.07.08	02:21:11.301	0.61425	0.61428			6
2024.07.08	02:21:11.864	0.61424	0.61426			6
2024.07.08	02:21:12.655	0.61422	0.61425			6
2024.07.08	02:21:15.291	0.61423				2
2024.07.08	02:21:20.663	0.61424	0.61426			6
2024.07.08	02:21:24.130	0.61423				2
2024.07.08	02:21:40.425		0.61427			4
2024.07.08	02:21:44.902	0.61424				2
2024.07.08	02:21:50.726	0.61426	0.61428			6
2024.07.08	02:21:51.042	0.61425	0.61427			6
2024.07.08	02:21:51.348	0.61423	0.61425			6
2024.07.08	02:22:00.412	0.61423				2
2024.07.08	02:22:04.589		0.61427			4
2024.07.08	02:22:05.692		0.61425			4
2024.07.08	02:22:06.162		0.61426			4
2024.07.08	02:22:13.249		0.61427			4
2024.07.08	02:22:13.562	0.61430	0.61433			6
2024.07.08	02:22:20.416	0.61432	0.61434			6
2024.07.08	02:22:32.324		0.61433			4
2024.07.08	02:22:32.896		0.61434			4
2024.07.08	02:22:47.674		0.61433			4
2024.07.08	02:22:47.977		0.61434			4
2024.07.08	02:22:48.673		0.61435			4
2024.07.08	02:22:52.482	0.61433	0.61434			6
2024.07.08	02:22:52.783	0.61432				2
2024.07.08	02:22:56.453	0.61431				2
2024.07.08	02:22:58.260	0.61432				2
2024.07.08	02:22:59.892	0.61431				2
2024.07.08	02:23:00.271	0.61432				2
2024.07.08	02:23:03.189	0.61431				2
2024.07.08	02:23:11.226		0.61433			4
2024.07.08	02:23:16.277		0.61434			4
2024.07.08	02:23:17.961	0.61432				2
2024.07.08	02:23:18.334		0.61435			4
2024.07.08	02:23:19.119		0.61434			4
2024.07.08	02:23:25.360		0.61435			4
2024.07.08	02:23:26.401	0.61433				2
2024.07.08	02:23:36.404	0.61432	0.61434			6
2024.07.08	02:23:46.683	0.61431				2
2024.07.08	02:23:47.833	0.61432				2
2024.07.08	02:23:49.960		0.61435			4
2024.07.08	02:23:52.900		0.61434			4
2024.07.08	02:23:55.406	0.61429	0.61431			6
2024.07.08	02:23:57.122	0.61427	0.61430			6
2024.07.08	02:23:59.093	0.61428				2
2024.07.08	02:24:00.192	0.61428				2
2024.07.08	02:24:02.851	0.61427	0.61429			6
2024.07.08	02:24:08.711		0.61430			4
2024.07.08	02:24:10.450		0.61429			4
2024.07.08	02:24:17.692	0.61428				2
2024.07.08	02:24:17.998	0.61427				2
2024.07.08	02:24:25.956	0.61428	0.61430			6
2024.07.08	02:24:44.948	0.61427				2
2024.07.08	02:24:46.687	0.61428	0.61431			6
2024.07.08	02:25:01.138	0.61428				2
2024.07.08	02:25:04.061	0.61429	0.61432			6
2024.07.08	02:25:04.379	0.61431	0.61434			6
2024.07.08	02:25:04.681	0.61432				2
2024.07.08	02:25:06.245		0.61435			4
2024.07.08	02:25:07.841		0.61434			4
2024.07.08	02:25:15.103	0.61433	0.61435			6
2024.07.08	02:25:15.443		0.61434			4
2024.07.08	02:25:15.790	0.61432				2
2024.07.08	02:25:22.373		0.61433			4
2024.07.08	02:25:22.786		0.61434			4
2024.07.08	02:25:28.002	0.61431	0.61432			6
2024.07.08	02:25:32.494		0.61433			4
2024.07.08	02:25:40.309	0.61428	0.61430			6
2024.07.08	02:25:54.568	0.61431	0.61432			6
2024.07.08	02:25:54.881	0.61432	0.61433			6
2024.07.08	02:25:55.253	0.61431				2
2024.07.08	02:26:02.424	0.61431				2
2024.07.08	02:26:16.493	0.61432				2
2024.07.08	02:26:21.257	0.61430	0.61432			6
2024.07.08	02:26:26.891	0.61431	0.61433			6
2024.07.08	02:26:58.388	0.61433	0.61435			6
2024.07.08	02:26:58.727	0.61432	0.61434			6
2024.07.08	02:27:00.259	0.61432				2
2024.07.08	02:27:05.209		0.61435			4
2024.07.08	02:27:05.535	0.61433				2
2024.07.08	02:27:06.175	0.61432				2
2024.07.08	02:27:06.478		0.61434			4
2024.07.08	02:27:43.544	0.61431	0.61432			6
2024.07.08	02:27:44.648		0.61433			4
2024.07.08	02:27:47.086	0.61433	0.61436			6
2024.07.08	02:27:56.466		0.61434			4
2024.07.08	02:27:58.673	0.61432				2
2024.07.08	02:28:00.206	0.61432				2
2024.07.08	02:28:03.549	0.61430	0.61432			6
2024.07.08	02:28:04.035	0.61431	0.61433			6
2024.07.08	02:28:05.438		0.61434			4
2024.07.08	02:28:08.042		0.61432			4
2024.07.08	02:28:08.389		0.61434			4
2024.07.08	02:28:11.335	0.61430	0.61433			6
2024.07.08	02:28:21.363		0.61434			4
2024.07.08	02:28:24.343	0.61429	0.61431			6
2024.07.08	02:28:27.444	0.61427	0.61428			6
2024.07.08	02:28:29.346		0.61429			4
2024.07.08	02:28:30.480		0.61428			4
2024.07.08	02:28:33.587		0.61429			4
2024.07.08	02:28:40.203	0.61428				2
2024.07.08	02:28:51.952		0.61431			4
2024.07.08	02:28:54.006		0.61429			4
2024.07.08	02:28:55.447		0.61430			4
2024.07.08	02:29:00.371	0.61428				2
2024.07.08	02:29:02.473		0.61431			4
2024.07.08	02:29:23.251	0.61429				2
2024.07.08	02:29:33.122	0.61428	0.61429			6
2024.07.08	02:29:38.311		0.61430			4
2024.07.08	02:29:40.600		0.61431			4
2024.07.08	02:29:58.021		0.61429			4
2024.07.08	02:30:00.823	0.61428				2
2024.07.08	02:30:17.872		0.61430			4
2024.07.08	02:30:21.295		0.61429			4
2024.07.08	02:30:21.598	0.61427				2
2024.07.08	02:30:27.325	0.61430	0.61433			6
2024.07.08	02:30:27.643		0.61432			4
2024.07.08	02:30:29.141		0.61431			4
2024.07.08	02:30:29.444	0.61429				2
2024.07.08	02:30:32.633	0.61427	0.61429			6
2024.07.08	02:30:34.349	0.61425	0.61427			6
2024.07.08	02:30:38.957		0.61426			4
2024.07.08	02:30:39.265		0.61427			4
2024.07.08	02:30:41.362	0.61424	0.61426			6
2024.07.08	02:30:46.094	0.61425				2
2024.07.08	02:30:51.882	0.61429	0.61431			6
2024.07.08	02:30:56.492		0.61430			4
2024.07.08	02:30:58.987		0.61431			4
2024.07.08	02:30:59.730	0.61430	0.61432			6
2024.07.08	02:31:00.100	0.61430				2
2024.07.08	02:31:00.465		0.61431			4
2024.07.08	02:31:01.388	0.61429				2
2024.07.08	02:31:06.491		0.61430			4
2024.07.08	02:31:14.139		0.61431			4
2024.07.08	02:31:16.062	0.61433	0.61435			6
2024.07.08	02:31:23.447	0.61434	0.61436			6
2024.07.08	02:31:24.717		0.61435			4
2024.07.08	02:31:31.426	0.61433				2
2024.07.08	02:31:43.385		0.61436			4
2024.07.08	02:31:44.035		0.61435			4
2024.07.08	02:31:53.852	0.61430	0.61431			6
2024.07.08	02:31:54.155		0.61432			4
2024.07.08	02:31:54.487		0.61431			4
2024.07.08	02:31:54.801		0.61432			4
2024.07.08	02:31:57.441	0.61429	0.61431			6
2024.07.08	02:31:58.138	0.61430	0.61432			6
2024.07.08	02:32:02.575	0.61430				2
2024.07.08	02:32:16.471	0.61432	0.61434			6
2024.07.08	02:32:27.972	0.61433				2
2024.07.08	02:32:31.066		0.61435			4
2024.07.08	02:32:49.692		0.61434			4
2024.07.08	02:32:58.185	0.61432	0.61433			6
2024.07.08	02:33:01.548	0.61432				2
2024.07.08	02:33:04.333		0.61434			4
2024.07.08	02:33:31.893		0.61433			4
2024.07.08	02:33:51.997	0.61434	0.61437			6
2024.07.08	02:33:52.608	0.61432	0.61434			6
2024.07.08	02:33:52.946	0.61433	0.61435			6
2024.07.08	02:33:59.142	0.61432				2
2024.07.08	02:34:00.333	0.61432				2
2024.07.08	02:34:00.771	0.61433	0.61434			6
2024.07.08	02:34:01.181		0.61435			4
2024.07.08	02:34:07.227	0.61434	0.61436			6
2024.07.08	02:34:47.498		0.61437			4
2024.07.08	02:34:50.724	0.61433	0.61434			6
2024.07.08	02:34:51.191	0.61434	0.61437			6
2024.07.08	02:34:54.901		0.61436			4
2024.07.08	02:34:55.207		0.61437			4
2024.07.08	02:34:58.240	0.61433	0.61435			6
2024.07.08	02:34:59.586		0.61436			4
2024.07.08	02:35:00.093	0.61433				2
2024.07.08	02:35:00.395		0.61435			4
2024.07.08	02:35:00.741	0.61434	0.61436			6
2024.07.08	02:35:19.154	0.61433	0.61435			6
2024.07.08	02:35:19.483	0.61434	0.61436			6
2024.07.08	02:35:23.138	0.61432	0.61434			6
2024.07.08	02:35:23.445	0.61434	0.61436			6
2024.07.08	02:36:00.195	0.61434				2
2024.07.08	02:36:10.608		0.61435			4
2024.07.08	02:36:10.950	0.61433				2
2024.07.08	02:36:12.015	0.61432	0.61434			6
2024.07.08	02:36:12.391		0.61435			4
2024.07.08	02:36:12.712		0.61434			4
2024.07.08	02:36:16.685	0.61430	0.61432			6
2024.07.08	02:36:24.632	0.61429	0.61431			6
2024.07.08	02:36:25.645		0.61432			4
2024.07.08	02:36:26.332	0.61430	0.61433			6
2024.07.08	02:36:27.868		0.61432			4
2024.07.08	02:36:28.183	0.61428	0.61430			6
2024.07.08	02:36:30.355	0.61429	0.61431			6
2024.07.08	02:36:31.599	0.61428	0.61430			6
2024.07.08	02:36:45.983	0.61431	0.61432			6
2024.07.08	02:36:46.285	0.61429	0.61431			6
2024.07.08	02:36:51.448	0.61428	0.61430			6
2024.07.08	02:36:51.769		0.61429			4
2024.07.08	02:36:54.390	0.61427				2
2024.07.08	02:36:58.184	0.61429	0.61430			6
2024.07.08	02:36:58.538	0.61428				2
2024.07.08	02:37:00.450	0.61428				2
2024.07.08	02:37:10.119	0.61429				2
2024.07.08	02:37:10.429	0.61428				2
2024.07.08	02:37:10.755	0.61427				2
2024.07.08	02:37:12.929	0.61428				2
2024.07.08	02:37:15.886		0.61431			4
2024.07.08	02:37:16.916	0.61429				2
2024.07.08	02:37:17.223		0.61432			4
2024.07.08	02:37:20.742	0.61430				2
2024.07.08	02:37:22.482		0.61431			4
2024.07.08	02:37:22.786		0.61432			4
2024.07.08	02:37:41.958		0.61433			4
2024.07.08	02:37:42.263	0.61431				2
2024.07.08	02:37:54.623	0.61430	0.61432			6
2024.07.08	02:37:56.363	0.61429	0.61431			6
2024.07.08	02:38:00.227	0.61429				2
2024.07.08	02:38:00.843	0.61430	0.61432			6
2024.07.08	02:38:07.050	0.61429	0.61431			6
2024.07.08	02:38:23.671		0.61430			4
2024.07.08	02:38:23.974		0.61431			4
2024.07.08	02:38:39.372	0.61430				2
2024.07.08	02:38:40.345	0.61429				2
2024.07.08	02:39:00.461	0.61429				2
2024.07.08	02:39:01.463	0.61428	0.61430			6
2024.07.08	02:39:18.500	0.61430	0.61431			6
2024.07.08	02:39:20.643	0.61431	0.61432			6
2024.07.08	02:39:26.350	0.61432	0.61433			6
2024.07.08	02:39:26.950	0.61431				2
2024.07.08	02:39:27.261	0.61430	0.61432			6
2024.07.08	02:39:28.645		0.61431			4
2024.07.08	02:39:51.364	0.61431	0.61432			6
2024.07.08	02:39:58.197	0.61430				2
2024.07.08	02:40:00.001	0.61430				2
2024.07.08	02:40:01.731		0.61431			4
2024.07.08	02:40:10.972		0.61432			4
2024.07.08	02:40:15.265	0.61431				2
2024.07.08	02:40:15.571	0.61430				2
2024.07.08	02:40:21.648	0.61429	0.61431			6
2024.07.08	02:40:33.146	0.61430	0.61432			6
2024.07.08	02:40:34.080	0.61433	0.61434			6
2024.07.08	02:40:37.354	0.61431	0.61432			6
2024.07.08	02:40:39.507		0.61433			4
2024.07.08	02:40:42.139		0.61432			4
2024.07.08	02:40:42.454	0.61429	0.61431			6
2024.07.08	02:40:43.892	0.61430	0.61432			6
2024.07.08	02:40:44.564	0.61431	0.61433			6
2024.07.08	02:40:56.564	0.61434	0.61436			6
2024.07.08	02:41:00.189	0.61434				2
2024.07.08	02:41:04.650		0.61435			4
2024.07.08	02:41:06.847	0.61433	0.61434			6
2024.07.08	02:41:07.187	0.61434	0.61435			6
2024.07.08	02:41:08.543		0.61436			4
2024.07.08	02:41:43.820		0.61435			4
2024.07.08	02:41:44.156	0.61433	0.61434			6
2024.07.08	02:41:46.600		0.61435			4
2024.07.08	02:41:47.467	0.61429	0.61431			6
2024.07.08	02:41:51.155	0.61428	0.61429			6
2024.07.08	02:41:51.459	0.61427				2
2024.07.08	02:42:00.116	0.61427				2
2024.07.08	02:42:01.105	0.61429	0.61431			6
2024.07.08	02:42:01.428	0.61427	0.61429			6
2024.07.08	02:42:16.955	0.61428	0.61431			6
2024.07.08	02:42:17.278		0.61430			4
2024.07.08	02:42:17.661	0.61429	0.61431			6
2024.07.08	02:42:20.611		0.61430			4
2024.07.08	02:42:21.165		0.61431			4
2024.07.08	02:42:22.173	0.61430				2
2024.07.08	02:42:27.988	0.61428	0.61430			6
2024.07.08	02:42:36.839	0.61426	0.61431			6
2024.07.08	02:42:50.549	0.61427				2
2024.07.08	02:42:51.650		0.61432			4
2024.07.08	02:43:00.676	0.61427				2
2024.07.08	02:43:01.092	0.61428				2
2024.07.08	02:43:05.750	0.61427	0.61431			6
2024.07.08	02:43:09.100	0.61428	0.61432			6
2024.07.08	02:43:46.689	0.61427	0.61431			6
2024.07.08	02:43:47.292		0.61430			4
2024.07.08	02:44:00.242	0.61427				2
2024.07.08	02:44:07.371	0.61426	0.61429			6
2024.07.08	02:44:08.462	0.61427				2
2024.07.08	02:44:09.224		0.61430			4
2024.07.08	02:44:12.147	0.61429	0.61432			6
2024.07.08	02:44:29.065	0.61428	0.61431			6
2024.07.08	02:44:30.631		0.61430			4
2024.07.08	02:44:31.143		0.61431			4
2024.07.08	02:44:43.809	0.61427	0.61430			6
2024.07.08	02:44:45.529	0.61428	0.61431			6
2024.07.08	02:44:49.301	0.61427	0.61430			6
2024.07.08	02:44:52.769	0.61428				2
2024.07.08	02:44:54.500	0.61427				2
2024.07.08	02:44:56.379	0.61428				2
2024.07.08	02:44:59.842	0.61427				2
2024.07.08	02:45:00.286	0.61427	0.61429			6
2024.07.08	02:45:01.960	0.61428				2
2024.07.08	02:45:02.749		0.61430			4
2024.07.08	02:45:03.511	0.61427				2
2024.07.08	02:45:04.193	0.61428	0.61431			6
2024.07.08	02:45:11.915	0.61427	0.61430			6
2024.07.08	02:45:12.327	0.61428				2
2024.07.08	02:45:18.033	0.61427				2
2024.07.08	02:45:26.076	0.61428	0.61431			6
2024.07.08	02:45:26.830	0.61429				2
2024.07.08	02:45:27.242		0.61432			4
2024.07.08	02:45:27.625	0.61428	0.61430			6
2024.07.08	02:45:28.001	0.61427				2
2024.07.08	02:45:28.357	0.61428	0.61431			6
2024.07.08	02:45:28.681	0.61427	0.61430			6
2024.07.08	02:45:30.924	0.61428	0.61431			6
2024.07.08	02:45:31.626	0.61427	0.61430			6
2024.07.08	02:45:32.582	0.61428	0.61431			6
2024.07.08	02:45:33.602	0.61429				2
2024.07.08	02:45:33.956		0.61432			4
2024.07.08	02:45:37.387	0.61430				2
2024.07.08	02:45:38.004		0.61433			4
2024.07.08	02:45:39.506		0.61432			4
2024.07.08	02:45:40.158	0.61429				2
2024.07.08	02:45:46.354	0.61430				2
2024.07.08	02:45:49.614	0.61431	0.61434			6
2024.07.08	02:45:55.463	0.61433	0.61436			6
2024.07.08	02:45:55.800		0.61435			4
2024.07.08	02:46:00.413	0.61433	0.61436			6
2024.07.08	02:46:01.645		0.61435			4
2024.07.08	02:46:03.692		0.61436			4
2024.07.08	02:46:12.076	0.61434				2
2024.07.08	02:46:15.260	0.61435				2
2024.07.08	02:46:15.564	0.61434				2
2024.07.08	02:46:19.016	0.61433				2
2024.07.08	02:46:37.362	0.61434				2
2024.07.08	02:46:38.488	0.61439	0.61441			6
2024.07.08	02:46:42.226	0.61438	0.61440			6
2024.07.08	02:46:48.342		0.61439			4
2024.07.08	02:46:48.645	0.61434	0.61436			6
2024.07.08	02:46:51.819	0.61433	0.61435			6
2024.07.08	02:47:00.532	0.61433				2
2024.07.08	02:47:01.266		0.61436			4
2024.07.08	02:47:05.861	0.61434				2
2024.07.08	02:47:12.280	0.61433				2
2024.07.08	02:47:21.669	0.61432	0.61434			6
2024.07.08	02:47:22.004	0.61431				2
2024.07.08	02:47:23.488	0.61432				2
2024.07.08	02:47:23.843	0.61431				2
2024.07.08	02:47:25.635	0.61432				2
2024.07.08	02:47:26.444	0.61433	0.61436			6
2024.07.08	02:47:34.678	0.61436	0.61438			6
2024.07.08	02:47:35.678	0.61435				2
2024.07.08	02:47:44.707		0.61437			4
2024.07.08	02:47:45.549	0.61434	0.61436			6
2024.07.08	02:47:46.146	0.61433				2
2024.07.08	02:47:48.380	0.61432				2
2024.07.08	02:47:50.348	0.61431	0.61435			6
2024.07.08	02:47:52.166	0.61432				2
2024.07.08	02:47:54.044	0.61431				2
2024.07.08	02:48:00.003	0.61431				2
2024.07.08	02:48:03.440		0.61434			4
2024.07.08	02:48:04.453		0.61433			4
2024.07.08	02:48:04.762	0.61429	0.61432			6
2024.07.08	02:48:06.532		0.61431			4
2024.07.08	02:48:07.277	0.61428				2
2024.07.08	02:48:11.063	0.61425	0.61428			6
2024.07.08	02:48:11.779	0.61426	0.61429			6
2024.07.08	02:48:14.021	0.61427	0.61430			6
2024.07.08	02:48:15.684	0.61428	0.61431			6
2024.07.08	02:48:15.991	0.61427	0.61430			6
2024.07.08	02:48:16.300	0.61428				2
2024.07.08	02:48:17.376		0.61431			4
2024.07.08	02:48:18.352		0.61430			4
2024.07.08	02:48:20.683	0.61427	0.61429			6
2024.07.08	02:48:20.986	0.61426				2
2024.07.08	02:48:22.234	0.61424	0.61425			6
2024.07.08	02:48:23.161	0.61420	0.61423			6
2024.07.08	02:48:23.465	0.61421				2
2024.07.08	02:48:27.395	0.61422	0.61424			6
2024.07.08	02:48:28.418	0.61420	0.61421			6
2024.07.08	02:48:29.470		0.61422			4
2024.07.08	02:48:30.204	0.61421	0.61424			6
2024.07.08	02:48:32.088		0.61422			4
2024.07.08	02:48:32.394		0.61424			4
2024.07.08	02:48:33.108	0.61422				2
2024.07.08	02:48:34.073		0.61425			4
2024.07.08	02:48:34.386	0.61423				2
2024.07.08	02:48:47.122	0.61424	0.61426			6
2024.07.08	02:48:59.163	0.61425	0.61427			6
2024.07.08	02:49:00.063	0.61425				2
2024.07.08	02:49:04.583	0.61424				2
2024.07.08	02:49:07.499		0.61426			4
2024.07.08	02:49:16.887	0.61423				2
2024.07.08	02:49:17.738		0.61425			4
2024.07.08	02:49:19.503		0.61426			4
2024.07.08	02:49:23.292	0.61426	0.61428			6
2024.07.08	02:49:34.742		0.61429			4
2024.07.08	02:49:36.206		0.61428			4
2024.07.08	02:49:39.276	0.61429	0.61431			6
2024.07.08	02:49:40.666	0.61428				2
2024.07.08	02:49:43.961		0.61430			4
2024.07.08	02:49:50.910	0.61424	0.61426			6
2024.07.08	02:49:51.352	0.61421	0.61423			6
2024.07.08	02:49:53.391	0.61422	0.61424			6
2024.07.08	02:49:53.703	0.61421				2
2024.07.08	02:49:54.721		0.61423			4
2024.07.08	02:49:55.191		0.61424			4
2024.07.08	02:49:55.926	0.61423	0.61425			6
2024.07.08	02:49:56.689	0.61424	0.61426			6
2024.07.08	02:50:00.358	0.61424				2
2024.07.08	02:50:01.547	0.61423				2
2024.07.08	02:50:05.726		0.61425			4
2024.07.08	02:50:06.464	0.61424	0.61427			6
2024.07.08	02:50:10.044	0.61426	0.61428			6
2024.07.08	02:50:13.557		0.61427			4
2024.07.08	02:50:15.663	0.61425				2
2024.07.08	02:50:15.968	0.61423	0.61425			6
2024.07.08	02:50:17.067	0.61424	0.61426			6
2024.07.08	02:50:19.715	0.61423				2
2024.07.08	02:50:21.527		0.61425			4
2024.07.08	02:50:23.403	0.61422				2
2024.07.08	02:50:24.032	0.61423				2
2024.07.08	02:50:24.386	0.61422				2
2024.07.08	02:50:25.537	0.61421	0.61423			6
2024.07.08	02:50:25.842	0.61418	0.61420			6
2024.07.08	02:50:30.698	0.61419	0.61421			6
2024.07.08	02:50:31.401	0.61418	0.61420			6
2024.07.08	02:50:38.888	0.61419	0.61421			6
2024.07.08	02:50:46.823	0.61421	0.61423			6
2024.07.08	02:50:47.461		0.61424			4
2024.07.08	02:50:47.907		0.61423			4
2024.07.08	02:50:54.378	0.61423	0.61424			6
2024.07.08	02:50:54.693	0.61421	0.61423			6
2024.07.08	02:50:56.061		0.61422			4
2024.07.08	02:50:58.088		0.61423			4
2024.07.08	02:50:58.464		0.61422			4
2024.07.08	02:51:00.372	0.61421	0.61423			6
2024.07.08	02:51:02.649	0.61424	0.61426			6
2024.07.08	02:51:03.000	0.61423	0.61425			6
2024.07.08	02:51:17.174		0.61424			4
2024.07.08	02:51:17.508	0.61422				2
2024.07.08	02:51:17.810	0.61423	0.61425			6
2024.07.08	02:51:20.542	0.61422	0.61424			6
2024.07.08	02:51:21.211	0.61423	0.61425			6
2024.07.08	02:51:38.997		0.61424			4
2024.07.08	02:51:39.297		0.61425			4
2024.07.08	02:51:39.603	0.61424				2
2024.07.08	02:51:49.135		0.61426			4
2024.07.08	02:51:55.422	0.61425	0.61427			6
2024.07.08	02:51:57.508	0.61424	0.61426			6
2024.07.08	02:51:59.295	0.61425	0.61427			6
2024.07.08	02:52:00.036	0.61425				2
2024.07.08	02:52:01.282	0.61424	0.61426			6
2024.07.08	02:52:04.436	0.61425	0.61427			6
2024.07.08	02:52:04.744	0.61424	0.61426			6
2024.07.08	02:52:06.757		0.61425			4
2024.07.08	02:52:07.775		0.61426			4
2024.07.08	02:52:08.087	0.61425	0.61427			6
2024.07.08	02:52:11.374	0.61427	0.61428			6
2024.07.08	02:52:11.680	0.61425				2
2024.07.08	02:52:11.982	0.61424	0.61426			6
2024.07.08	02:52:12.602	0.61423	0.61425			6
2024.07.08	02:52:13.133	0.61424				2
2024.07.08	02:52:14.706		0.61426			4
2024.07.08	02:52:23.006	0.61426	0.61427			6
2024.07.08	02:52:23.707	0.61425	0.61428			6
2024.07.08	02:52:27.423		0.61427			4
2024.07.08	02:52:36.994	0.61426	0.61428			6
2024.07.08	02:52:38.340	0.61425	0.61427			6
2024.07.08	02:52:50.453	0.61424	0.61426			6
2024.07.08	02:52:51.978	0.61423				2
2024.07.08	02:52:52.345		0.61425			4
2024.07.08	02:53:00.101	0.61423				2
2024.07.08	02:53:06.757	0.61424	0.61426			6
2024.07.08	02:53:07.205	0.61423	0.61425			6
2024.07.08	02:53:09.919		0.61424			4
2024.07.08	02:53:10.240		0.61425			4
2024.07.08	02:53:11.297	0.61422	0.61424			6
2024.07.08	02:53:14.307	0.61423	0.61425			6
2024.07.08	02:53:15.689	0.61424	0.61426			6
2024.07.08	02:53:16.035	0.61423	0.61425			6
2024.07.08	02:53:21.785	0.61424				2
2024.07.08	02:53:22.094	0.61426	0.61428			6
2024.07.08	02:53:27.271	0.61427				2
2024.07.08	02:53:27.575	0.61426				2
2024.07.08	02:53:29.423	0.61425	0.61427			6
2024.07.08	02:53:30.359	0.61426	0.61428			6
2024.07.08	02:53:32.173	0.61425	0.61427			6
2024.07.08	02:53:34.502	0.61426	0.61428			6
2024.07.08	02:53:38.824	0.61425	0.61427			6
2024.07.08	02:53:40.266	0.61426	0.61428			6
2024.07.08	02:53:46.366	0.61423	0.61425			6
2024.07.08	02:53:47.911	0.61424	0.61426			6
2024.07.08	02:53:51.218	0.61423	0.61425			6
2024.07.08	02:54:00.355	0.61423				2
2024.07.08	02:54:06.922	0.61424	0.61426			6
2024.07.08	02:54:08.129	0.61425	0.61427			6
2024.07.08	02:54:17.641	0.61426	0.61428			6
2024.07.08	02:54:18.015	0.61425	0.61427			6
2024.07.08	02:54:22.721	0.61426	0.61428			6
2024.07.08	02:54:23.483	0.61427	0.61429			6
2024.07.08	02:54:24.441	0.61428	0.61430			6
2024.07.08	02:54:31.396	0.61426	0.61429			6
2024.07.08	02:54:31.698		0.61428			4
2024.07.08	02:54:36.934	0.61427	0.61429			6
2024.07.08	02:54:43.588	0.61426	0.61428			6
2024.07.08	02:54:46.112	0.61427	0.61429			6
2024.07.08	02:54:47.391	0.61426	0.61428			6
2024.07.08	02:54:47.773	0.61427	0.61429			6
2024.07.08	02:54:53.343	0.61426	0.61428			6
2024.07.08	02:54:57.774	0.61427	0.61429			6
2024.07.08	02:54:58.452	0.61426	0.61428			6
2024.07.08	02:55:00.044	0.61426				2
2024.07.08	02:55:01.938	0.61424	0.61425			6
2024.07.08	02:55:02.345		0.61426			4
2024.07.08	02:55:02.742	0.61423	0.61425			6
2024.07.08	02:55:12.550	0.61424	0.61426			6
2024.07.08	02:55:13.459	0.61426	0.61428			6
2024.07.08	02:55:19.329	0.61423	0.61425			6
2024.07.08	02:55:32.750		0.61424			4
2024.07.08	02:55:33.054	0.61420	0.61423			6
2024.07.08	02:55:33.430		0.61422			4
2024.07.08	02:55:33.755	0.61421	0.61423			6
2024.07.08	02:55:38.143	0.61420	0.61422			6
2024.07.08	02:55:40.063	0.61421	0.61423			6
2024.07.08	02:55:47.441		0.61422			4
2024.07.08	02:55:47.813		0.61423			4
2024.07.08	02:55:48.228	0.61422	0.61424			6
2024.07.08	02:56:01.255	0.61422				2
2024.07.08	02:56:01.660	0.61421	0.61422			6
2024.07.08	02:56:07.068		0.61423			4
2024.07.08	02:56:08.284	0.61423	0.61425			6
2024.07.08	02:56:12.128	0.61424				2
2024.07.08	02:56:20.095	0.61423				2
2024.07.08	02:56:23.226	0.61422	0.61424			6
2024.07.08	02:56:23.541	0.61421	0.61423			6
2024.07.08	02:56:26.723	0.61422	0.61424			6
2024.07.08	02:56:27.027	0.61421				2
2024.07.08	02:56:27.545	0.61422	0.61423			6
2024.07.08	02:56:27.863		0.61424			4
2024.07.08	02:56:28.503	0.61423	0.61425			6
2024.07.08	02:56:39.571	0.61424				2
2024.07.08	02:56:40.205	0.61425	0.61426			6
2024.07.08	02:56:42.061	0.61424	0.61425			6
2024.07.08	02:56:45.183		0.61426			4
2024.07.08	02:56:46.073		0.61425			4
2024.07.08	02:56:47.087		0.61426			4
2024.07.08	02:56:48.223		0.61425			4
2024.07.08	02:56:51.370	0.61421	0.61422			6
2024.07.08	02:56:51.675		0.61423			4
2024.07.08	02:56:56.743		0.61422			4
2024.07.08	02:56:57.941		0.61423			4
2024.07.08	02:56:58.288		0.61422			4
2024.07.08	02:56:59.937		0.61423			4
2024.07.08	02:57:00.299	0.61421				2
2024.07.08	02:57:00.640	0.61419	0.61421			6
2024.07.08	02:57:04.967	0.61420	0.61422			6
2024.07.08	02:57:07.111	0.61419	0.61421			6
2024.07.08	02:57:08.227	0.61420	0.61422			6
2024.07.08	02:57:08.553	0.61418	0.61420			6
2024.07.08	02:57:09.701	0.61419	0.61421			6
2024.07.08	02:57:12.281	0.61417	0.61419			6
2024.07.08	02:57:12.618	0.61416	0.61418			6
2024.07.08	02:57:12.925	0.61417				2
2024.07.08	02:57:20.421	0.61418	0.61419			6
2024.07.08	02:57:20.740	0.61416				2
2024.07.08	02:57:28.178	0.61418	0.61420			6
2024.07.08	02:57:29.206	0.61416	0.61418			6
2024.07.08	02:57:32.320	0.61415				2
2024.07.08	02:57:36.489	0.61414	0.61416			6
2024.07.08	02:57:49.700		0.61417			4
2024.07.08	02:57:59.069	0.61410	0.61412			6
2024.07.08	02:57:59.410		0.61413			4
2024.07.08	02:58:00.101	0.61410				2
2024.07.08	02:58:00.413		0.61411			4
2024.07.08	02:58:00.719	0.61409	0.61412			6
2024.07.08	02:58:01.471	0.61411				2
2024.07.08	02:58:01.848		0.61414			4
2024.07.08	02:58:03.612	0.61412				2
2024.07.08	02:58:05.620	0.61410	0.61412			6
2024.07.08	02:58:07.449	0.61411	0.61413			6
2024.07.08	02:58:18.866	0.61412				2
2024.07.08	02:58:19.170	0.61411				2
2024.07.08	02:58:19.935		0.61414			4
2024.07.08	02:58:20.245		0.61413			4
2024.07.08	02:58:21.541	0.61406	0.61408			6
2024.07.08	02:58:21.842	0.61408	0.61410			6
2024.07.08	02:58:28.297		0.61411			4
2024.07.08	02:58:31.723	0.61409				2
2024.07.08	02:58:42.626	0.61405	0.61408			6
2024.07.08	02:58:43.080		0.61407			4
2024.07.08	02:58:44.281	0.61406	0.61408			6
2024.07.08	02:58:46.392		0.61409			4
2024.07.08	02:58:47.229	0.61409	0.61410			6
2024.07.08	02:58:47.589	0.61406	0.61409			6
2024.07.08	02:58:48.184	0.61407				2
2024.07.08	02:58:48.722	0.61406				2
2024.07.08	02:58:51.413	0.61407				2
2024.07.08	02:58:51.746	0.61408	0.61410			6
2024.07.08	02:58:57.306	0.61409				2
2024.07.08	02:58:59.501	0.61405	0.61408			6
2024.07.08	02:58:59.862	0.61404	0.61406			6
2024.07.08	02:59:00.209	0.61404				2
2024.07.08	02:59:00.648	0.61407	0.61408			6
2024.07.08	02:59:01.400	0.61406				2
2024.07.08	02:59:03.170		0.61407			4
2024.07.08	02:59:05.208		0.61408			4
2024.07.08	02:59:09.183		0.61407			4
2024.07.08	02:59:09.563		0.61408			4
2024.07.08	02:59:10.316	0.61407	0.61409			6
2024.07.08	02:59:10.623	0.61406				2
2024.07.08	02:59:15.059	0.61405				2
2024.07.08	02:59:15.364		0.61407			4
2024.07.08	02:59:15.742	0.61404	0.61406			6
2024.07.08	02:59:16.300	0.61405				2
2024.07.08	02:59:16.719	0.61404				2
2024.07.08	02:59:18.163	0.61402	0.61404			6
2024.07.08	02:59:18.828		0.61405			4
2024.07.08	02:59:20.719	0.61403	0.61406			6
2024.07.08	02:59:21.024	0.61402	0.61405			6
2024.07.08	02:59:21.410	0.61403				2
2024.07.08	02:59:23.340	0.61402				2
2024.07.08	02:59:26.127	0.61404	0.61406			6
