<DATE>	<TIME>	<BID>	<ASK>	<LAST>	<VOLUME>	<FLAGS>
2024.11.25	00:00:00.189	0.58506	0.58625			6
2024.11.25	00:00:31.112	0.58513	0.58614			6
2024.11.25	00:00:39.609	0.58511	0.58611			6
2024.11.25	00:00:46.164	0.58513	0.58614			6
2024.11.25	00:00:48.381	0.58517	0.58620			6
2024.11.25	00:01:01.069	0.58517				2
2024.11.25	00:01:09.269	0.58515	0.58617			6
2024.11.25	00:01:10.449		0.58601			4
2024.11.25	00:01:23.140	0.58513				2
2024.11.25	00:01:49.739		0.58594			4
2024.11.25	00:01:53.972	0.58511				2
2024.11.25	00:02:01.072	0.58511				2
2024.11.25	00:02:03.271	0.58509				2
2024.11.25	00:02:11.074	0.58480				2
2024.11.25	00:02:12.649	0.58484				2
2024.11.25	00:02:53.040		0.58594			4
2024.11.25	00:02:58.532	0.58479	0.58591			6
2024.11.25	00:03:00.044	0.58479				2
2024.11.25	00:03:33.615		0.58594			4
2024.11.25	00:04:00.303	0.58479				2
2024.11.25	00:04:10.841	0.58480				2
2024.11.25	00:04:22.631	0.58479				2
2024.11.25	00:04:45.001		0.58594			4
2024.11.25	00:05:00.305	0.58479				2
2024.11.25	00:05:32.939		0.58578			4
2024.11.25	00:05:37.500		0.58577			4
2024.11.25	00:05:41.320		0.58580			4
2024.11.25	00:05:49.987		0.58581			4
2024.11.25	00:06:01.464	0.58479				2
2024.11.25	00:06:02.535		0.58580			4
2024.11.25	00:06:08.210		0.58579			4
2024.11.25	00:06:51.009		0.58580			4
2024.11.25	00:07:01.205	0.58479				2
2024.11.25	00:07:07.052	0.58478	0.58577			6
2024.11.25	00:08:00.116	0.58478				2
2024.11.25	00:08:00.495		0.58576			4
2024.11.25	00:08:21.967		0.58572			4
2024.11.25	00:09:01.015	0.58478				2
2024.11.25	00:09:25.004		0.58572			4
2024.11.25	00:09:41.067		0.58573			4
2024.11.25	00:10:00.310	0.58478				2
2024.11.25	00:10:41.285		0.58573			4
2024.11.25	00:10:41.999		0.58574			4
2024.11.25	00:11:00.604	0.58478				2
2024.11.25	00:11:04.153	0.58491				2
2024.11.25	00:11:04.729	0.58490				2
2024.11.25	00:11:05.053	0.58488				2
2024.11.25	00:11:06.421	0.58487				2
2024.11.25	00:11:08.515	0.58488				2
2024.11.25	00:11:33.657	0.58491	0.58577			6
2024.11.25	00:12:04.232	0.58491	0.58573			6
2024.11.25	00:12:11.246	0.58509	0.58586			6
2024.11.25	00:12:15.109		0.58587			4
2024.11.25	00:12:28.499		0.58586			4
2024.11.25	00:12:31.336		0.58587			4
2024.11.25	00:12:35.102		0.58586			4
2024.11.25	00:12:38.018		0.58585			4
2024.11.25	00:12:39.860	0.58507				2
2024.11.25	00:12:40.178	0.58506				2
2024.11.25	00:12:43.051	0.58507				2
2024.11.25	00:13:02.818	0.58507				2
2024.11.25	00:13:09.203	0.58487	0.58573			6
2024.11.25	00:13:21.366	0.58504				2
2024.11.25	00:13:21.681		0.58565			4
2024.11.25	00:13:30.506	0.58487	0.58574			6
2024.11.25	00:14:16.895	0.58487				2
2024.11.25	00:14:39.001		0.58574			4
2024.11.25	00:14:49.798		0.58573			4
2024.11.25	00:15:00.498	0.58487	0.58575			6
2024.11.25	00:15:04.890		0.58576			4
2024.11.25	00:15:11.101		0.58577			4
2024.11.25	00:16:07.020	0.58487	0.58578			6
2024.11.25	00:16:57.527	0.58515	0.58588			6
2024.11.25	00:16:59.141		0.58587			4
2024.11.25	00:17:03.421	0.58515	0.58588			6
2024.11.25	00:17:04.799		0.58589			4
2024.11.25	00:17:07.679		0.58590			4
2024.11.25	00:17:11.396	0.58514				2
2024.11.25	00:17:37.798		0.58589			4
2024.11.25	00:18:02.698	0.58514				2
2024.11.25	00:18:13.799		0.58588			4
2024.11.25	00:18:43.798		0.58587			4
2024.11.25	00:18:57.162		0.58588			4
2024.11.25	00:19:00.733	0.58514				2
2024.11.25	00:19:35.698		0.58587			4
2024.11.25	00:19:56.754		0.58586			4
2024.11.25	00:20:09.742	0.58514				2
2024.11.25	00:20:24.937		0.58585			4
2024.11.25	00:20:52.761	0.58522	0.58589			6
2024.11.25	00:21:02.509	0.58522				2
2024.11.25	00:21:48.291	0.58521	0.58584			6
2024.11.25	00:21:48.626		0.58581			4
2024.11.25	00:22:00.108	0.58521				2
2024.11.25	00:22:28.755	0.58522				2
2024.11.25	00:22:30.608	0.58512	0.58577			6
2024.11.25	00:22:40.908	0.58508	0.58562			6
2024.11.25	00:22:42.141	0.58507				2
2024.11.25	00:22:42.805	0.58508				2
2024.11.25	00:22:47.183	0.58506				2
2024.11.25	00:22:54.312	0.58507				2
2024.11.25	00:23:00.103	0.58507				2
2024.11.25	00:23:10.605	0.58506				2
2024.11.25	00:23:41.079		0.58562			4
2024.11.25	00:24:00.414	0.58506	0.58561			6
2024.11.25	00:25:05.564	0.58506	0.58561			6
2024.11.25	00:26:09.905	0.58506	0.58561			6
2024.11.25	00:27:24.604	0.58506	0.58561			6
2024.11.25	00:27:51.313	0.58503				2
2024.11.25	00:27:52.425	0.58506				2
2024.11.25	00:28:59.800	0.58512	0.58565			6
2024.11.25	00:29:03.442	0.58512				2
2024.11.25	00:29:34.966		0.58566			4
2024.11.25	00:30:00.465	0.58512	0.58565			6
2024.11.25	00:30:01.724		0.58566			4
2024.11.25	00:30:04.815		0.58571			4
2024.11.25	00:30:21.830	0.58510	0.58572			6
2024.11.25	00:30:22.366	0.58512				2
2024.11.25	00:31:03.231	0.58512				2
2024.11.25	00:31:12.341	0.58513	0.58574			6
2024.11.25	00:31:12.704	0.58514				2
2024.11.25	00:31:21.588	0.58513				2
2024.11.25	00:31:23.507	0.58514				2
2024.11.25	00:31:52.837	0.58513				2
2024.11.25	00:32:06.619	0.58512				2
2024.11.25	00:32:08.802	0.58511				2
2024.11.25	00:32:19.007		0.58574			4
2024.11.25	00:32:33.139	0.58509	0.58573			6
2024.11.25	00:32:37.193	0.58510				2
2024.11.25	00:32:40.348	0.58508	0.58572			6
2024.11.25	00:32:42.989		0.58571			4
2024.11.25	00:32:49.019		0.58572			4
2024.11.25	00:33:01.071	0.58508				2
2024.11.25	00:33:04.486	0.58520				2
2024.11.25	00:33:05.343	0.58508				2
2024.11.25	00:33:05.812		0.58571			4
2024.11.25	00:33:08.504		0.58572			4
2024.11.25	00:33:20.205	0.58512	0.58574			6
2024.11.25	00:33:21.285	0.58513				2
2024.11.25	00:33:25.489	0.58512				2
2024.11.25	00:33:53.752	0.58509				2
2024.11.25	00:34:00.344	0.58509	0.58573			6
2024.11.25	00:34:01.027	0.58508				2
2024.11.25	00:34:02.398	0.58510				2
2024.11.25	00:34:05.040	0.58509				2
2024.11.25	00:34:13.188	0.58508				2
2024.11.25	00:34:29.447	0.58518	0.58574			6
2024.11.25	00:35:00.055	0.58518				2
2024.11.25	00:35:31.002		0.58574			4
2024.11.25	00:35:37.806	0.58519				2
2024.11.25	00:35:43.272	0.58518				2
2024.11.25	00:35:53.069		0.58568			4
2024.11.25	00:35:55.183		0.58574			4
2024.11.25	00:36:01.008	0.58518				2
2024.11.25	00:36:06.889	0.58519				2
2024.11.25	00:36:07.206	0.58518				2
2024.11.25	00:36:21.791	0.58519				2
2024.11.25	00:36:23.159	0.58518				2
2024.11.25	00:36:30.493	0.58519				2
2024.11.25	00:36:30.896	0.58518				2
2024.11.25	00:36:40.172	0.58510	0.58573			6
2024.11.25	00:36:44.764	0.58509	0.58572			6
2024.11.25	00:36:45.106	0.58510	0.58573			6
2024.11.25	00:36:55.305		0.58572			4
2024.11.25	00:36:56.577	0.58508	0.58571			6
2024.11.25	00:36:59.093	0.58509	0.58572			6
2024.11.25	00:37:00.758	0.58509				2
2024.11.25	00:37:28.852	0.58508				2
2024.11.25	00:37:31.721	0.58509	0.58573			6
2024.11.25	00:37:36.243	0.58510				2
2024.11.25	00:37:39.584		0.58575			4
2024.11.25	00:37:44.387	0.58511				2
2024.11.25	00:37:46.948	0.58510				2
2024.11.25	00:37:55.309	0.58511				2
2024.11.25	00:37:56.335		0.58574			4
2024.11.25	00:37:56.637	0.58510				2
2024.11.25	00:37:57.434		0.58575			4
2024.11.25	00:37:59.096	0.58511	0.58576			6
2024.11.25	00:38:00.301	0.58511				2
2024.11.25	00:38:02.512	0.58510	0.58575			6
2024.11.25	00:38:05.955	0.58515	0.58580			6
2024.11.25	00:38:10.471	0.58514	0.58579			6
2024.11.25	00:38:13.122	0.58513				2
2024.11.25	00:38:15.127		0.58578			4
2024.11.25	00:38:19.001		0.58579			4
2024.11.25	00:38:23.172	0.58514				2
2024.11.25	00:38:25.126	0.58513				2
2024.11.25	00:38:32.376	0.58514	0.58580			6
2024.11.25	00:38:37.309	0.58513				2
2024.11.25	00:38:56.503		0.58581			4
2024.11.25	00:39:00.015	0.58513				2
2024.11.25	00:39:00.372	0.58512	0.58580			6
2024.11.25	00:39:05.994	0.58511	0.58579			6
2024.11.25	00:39:09.704	0.58510	0.58578			6
2024.11.25	00:39:27.960		0.58579			4
2024.11.25	00:39:28.261	0.58513	0.58581			6
2024.11.25	00:39:28.609	0.58512	0.58580			6
2024.11.25	00:39:32.518		0.58581			4
2024.11.25	00:39:38.176		0.58580			4
2024.11.25	00:39:46.431		0.58581			4
2024.11.25	00:39:56.240	0.58511				2
2024.11.25	00:40:00.032	0.58512				2
2024.11.25	00:40:10.487	0.58511				2
2024.11.25	00:40:10.840	0.58510				2
2024.11.25	00:40:11.641	0.58511				2
2024.11.25	00:40:16.087	0.58512				2
2024.11.25	00:40:26.241	0.58511				2
2024.11.25	00:40:26.557	0.58512				2
2024.11.25	00:40:32.402	0.58513	0.58582			6
2024.11.25	00:40:52.196	0.58514				2
2024.11.25	00:40:57.413	0.58513				2
2024.11.25	00:41:03.295	0.58513				2
2024.11.25	00:41:10.304	0.58514				2
2024.11.25	00:41:14.988	0.58515				2
2024.11.25	00:41:21.743	0.58514				2
2024.11.25	00:41:22.294	0.58515				2
2024.11.25	00:41:29.386	0.58516				2
2024.11.25	00:41:32.691	0.58515	0.58582			6
2024.11.25	00:41:41.688	0.58514				2
2024.11.25	00:41:48.287	0.58515				2
2024.11.25	00:41:59.218	0.58516				2
2024.11.25	00:42:00.280	0.58523				2
2024.11.25	00:42:01.646	0.58526				2
2024.11.25	00:42:07.188	0.58527				2
2024.11.25	00:42:21.107	0.58528				2
2024.11.25	00:42:23.647	0.58527				2
2024.11.25	00:42:25.687	0.58528				2
2024.11.25	00:42:29.707	0.58527				2
2024.11.25	00:42:32.912	0.58528	0.58582			6
2024.11.25	00:42:35.943	0.58527				2
2024.11.25	00:42:36.451	0.58528				2
2024.11.25	00:42:39.424	0.58527				2
2024.11.25	00:42:50.184	0.58530				2
2024.11.25	00:42:51.067	0.58529				2
2024.11.25	00:42:52.609	0.58530				2
2024.11.25	00:42:54.299	0.58531				2
2024.11.25	00:42:55.784	0.58530				2
2024.11.25	00:43:02.990	0.58530				2
2024.11.25	00:43:03.403	0.58531				2
2024.11.25	00:43:08.611	0.58530				2
2024.11.25	00:43:08.953	0.58531				2
2024.11.25	00:43:15.653	0.58530				2
2024.11.25	00:43:17.388	0.58531				2
2024.11.25	00:43:22.517	0.58530				2
2024.11.25	00:43:23.504	0.58531				2
2024.11.25	00:43:27.363	0.58530				2
2024.11.25	00:43:28.190	0.58531				2
2024.11.25	00:43:31.212	0.58530				2
2024.11.25	00:43:32.733	0.58531				2
2024.11.25	00:43:36.399		0.58582			4
2024.11.25	00:43:43.859	0.58530				2
2024.11.25	00:43:45.828	0.58531				2
2024.11.25	00:43:55.683	0.58532				2
2024.11.25	00:43:59.765	0.58531				2
2024.11.25	00:44:00.835	0.58531				2
2024.11.25	00:44:03.594	0.58532				2
2024.11.25	00:44:10.329	0.58530				2
2024.11.25	00:44:10.636	0.58532				2
2024.11.25	00:44:11.367	0.58531				2
2024.11.25	00:44:12.387	0.58532				2
2024.11.25	00:44:13.380	0.58531				2
2024.11.25	00:44:16.135	0.58532				2
2024.11.25	00:44:19.254	0.58531				2
2024.11.25	00:44:26.176	0.58532				2
2024.11.25	00:44:27.848	0.58533				2
2024.11.25	00:44:30.481	0.58532				2
2024.11.25	00:44:36.241	0.58533				2
2024.11.25	00:44:37.589		0.58582			4
2024.11.25	00:44:39.616	0.58532				2
2024.11.25	00:44:50.087	0.58533				2
2024.11.25	00:44:57.291	0.58534				2
2024.11.25	00:45:00.435	0.58533				2
2024.11.25	00:45:01.819	0.58532				2
2024.11.25	00:45:02.205		0.58587			4
2024.11.25	00:45:04.176		0.58582			4
2024.11.25	00:45:08.220	0.58541	0.58568			6
2024.11.25	00:45:15.468	0.58542				2
2024.11.25	00:45:19.215	0.58544				2
2024.11.25	00:45:19.595	0.58542				2
2024.11.25	00:45:26.752	0.58543				2
2024.11.25	00:45:29.095	0.58542				2
2024.11.25	00:45:29.759	0.58543				2
2024.11.25	00:45:36.723	0.58546				2
2024.11.25	00:45:54.387	0.58545				2
2024.11.25	00:45:56.583	0.58537				2
2024.11.25	00:45:56.901	0.58543				2
2024.11.25	00:45:57.517	0.58542				2
2024.11.25	00:46:00.367	0.58542				2
2024.11.25	00:46:11.204		0.58568			4
2024.11.25	00:46:17.665	0.58545				2
2024.11.25	00:46:57.477	0.58547				2
2024.11.25	00:47:01.555	0.58545				2
2024.11.25	00:47:02.154	0.58538	0.58583			6
2024.11.25	00:47:03.983	0.58545	0.58568			6
2024.11.25	00:47:04.513	0.58538				2
2024.11.25	00:47:06.029	0.58545	0.58593			6
2024.11.25	00:47:08.814	0.58547				2
2024.11.25	00:47:19.004	0.58546				2
2024.11.25	00:47:19.606	0.58547				2
2024.11.25	00:47:20.387	0.58551				2
2024.11.25	00:47:21.698	0.58548				2
2024.11.25	00:47:22.312	0.58546				2
2024.11.25	00:47:23.044	0.58547				2
2024.11.25	00:47:23.369	0.58546				2
2024.11.25	00:47:24.673	0.58547				2
2024.11.25	00:47:24.981	0.58551				2
2024.11.25	00:47:27.194	0.58546				2
2024.11.25	00:47:28.708	0.58548	0.58600			6
2024.11.25	00:47:29.025	0.58549	0.58599			6
2024.11.25	00:47:30.533	0.58551	0.58603			6
2024.11.25	00:47:30.844	0.58554				2
2024.11.25	00:47:31.801	0.58550	0.58598			6
2024.11.25	00:47:32.434	0.58549				2
2024.11.25	00:47:36.109	0.58556	0.58603			6
2024.11.25	00:47:37.669	0.58550	0.58644			6
2024.11.25	00:47:38.624	0.58551				2
2024.11.25	00:47:38.932	0.58553				2
2024.11.25	00:47:39.251	0.58545				2
2024.11.25	00:47:39.603	0.58548				2
2024.11.25	00:47:39.915	0.58554				2
2024.11.25	00:47:40.381	0.58553				2
2024.11.25	00:47:40.681	0.58550				2
2024.11.25	00:47:41.292	0.58552				2
2024.11.25	00:47:41.637	0.58551				2
2024.11.25	00:47:41.962	0.58548				2
2024.11.25	00:47:42.290	0.58552				2
2024.11.25	00:47:42.686	0.58551				2
2024.11.25	00:47:43.003	0.58548				2
2024.11.25	00:47:43.385	0.58550				2
2024.11.25	00:47:44.556	0.58546				2
2024.11.25	00:47:45.023	0.58547				2
2024.11.25	00:47:45.354	0.58544				2
2024.11.25	00:47:46.607	0.58553				2
2024.11.25	00:47:47.221	0.58552				2
2024.11.25	00:47:47.561	0.58553				2
2024.11.25	00:47:47.958	0.58551				2
2024.11.25	00:47:48.353	0.58544				2
2024.11.25	00:47:48.693	0.58549				2
2024.11.25	00:47:49.028	0.58545				2
2024.11.25	00:47:49.330	0.58549				2
2024.11.25	00:47:49.636	0.58555				2
2024.11.25	00:47:49.991	0.58553				2
2024.11.25	00:47:50.309	0.58552				2
2024.11.25	00:47:50.661	0.58554				2
2024.11.25	00:47:51.416	0.58555				2
2024.11.25	00:47:51.734	0.58554				2
2024.11.25	00:47:53.952	0.58555				2
2024.11.25	00:47:54.262	0.58558				2
2024.11.25	00:47:54.704	0.58564				2
2024.11.25	00:47:56.520		0.58641			4
2024.11.25	00:47:58.719	0.58566				2
2024.11.25	00:48:00.228	0.58566				2
2024.11.25	00:48:00.531	0.58571				2
2024.11.25	00:48:06.330	0.58570				2
2024.11.25	00:48:06.981	0.58563				2
2024.11.25	00:48:09.160	0.58569	0.58640			6
2024.11.25	00:48:34.385	0.58579	0.58639			6
2024.11.25	00:49:00.425	0.58579				2
2024.11.25	00:49:06.304	0.58569	0.58640			6
2024.11.25	00:49:07.008	0.58570				2
2024.11.25	00:49:08.249	0.58569				2
2024.11.25	00:49:10.011	0.58570				2
2024.11.25	00:49:10.615	0.58569				2
2024.11.25	00:49:13.132	0.58570				2
2024.11.25	00:49:13.736	0.58563				2
2024.11.25	00:49:14.039	0.58568	0.58638			6
2024.11.25	00:49:14.643	0.58563	0.58640			6
2024.11.25	00:49:14.945	0.58557	0.58631			6
2024.11.25	00:49:15.347		0.58632			4
2024.11.25	00:49:16.331	0.58554	0.58631			6
2024.11.25	00:49:16.954	0.58555				2
2024.11.25	00:49:17.800	0.58554				2
2024.11.25	00:49:18.188	0.58550	0.58620			6
2024.11.25	00:49:20.080	0.58555	0.58621			6
2024.11.25	00:49:20.381	0.58550				2
2024.11.25	00:49:20.685		0.58620			4
2024.11.25	00:49:21.037	0.58555	0.58624			6
2024.11.25	00:49:22.243	0.58550	0.58620			6
2024.11.25	00:49:22.849	0.58554	0.58624			6
2024.11.25	00:49:24.662	0.58551	0.58621			6
2024.11.25	00:49:25.567		0.58620			4
2024.11.25	00:49:26.173	0.58555	0.58625			6
2024.11.25	00:49:27.380	0.58550	0.58621			6
2024.11.25	00:49:28.289		0.58620			4
2024.11.25	00:49:28.591		0.58619			4
2024.11.25	00:49:28.891	0.58553	0.58623			6
2024.11.25	00:49:29.194	0.58550	0.58619			6
2024.11.25	00:49:29.498		0.58620			4
2024.11.25	00:49:30.405	0.58554	0.58623			6
2024.11.25	00:49:31.008	0.58555	0.58624			6
2024.11.25	00:49:31.613	0.58550	0.58621			6
2024.11.25	00:49:31.915	0.58552	0.58622			6
2024.11.25	00:49:32.821	0.58551	0.58621			6
2024.11.25	00:49:33.123	0.58555	0.58624			6
2024.11.25	00:49:33.426	0.58551	0.58622			6
2024.11.25	00:49:33.729	0.58550	0.58623			6
2024.11.25	00:49:34.032		0.58622			4
2024.11.25	00:49:35.592		0.58621			4
2024.11.25	00:49:36.502	0.58551				2
2024.11.25	00:49:38.966		0.58624			4
2024.11.25	00:49:39.268	0.58555				2
2024.11.25	00:49:39.569		0.58623			4
2024.11.25	00:49:39.872	0.58554				2
2024.11.25	00:49:40.174	0.58555	0.58624			6
2024.11.25	00:49:40.477	0.58550	0.58622			6
2024.11.25	00:49:49.243	0.58552				2
2024.11.25	00:49:50.497	0.58550				2
2024.11.25	00:49:51.101		0.58620			4
2024.11.25	00:49:51.403	0.58551	0.58621			6
2024.11.25	00:49:51.707	0.58550	0.58619			6
2024.11.25	00:49:52.611	0.58551	0.58620			6
2024.11.25	00:49:54.728	0.58552	0.58621			6
2024.11.25	00:49:55.030	0.58551				2
2024.11.25	00:49:56.540	0.58550	0.58619			6
2024.11.25	00:49:57.143	0.58551	0.58620			6
2024.11.25	00:49:57.448	0.58550	0.58619			6
2024.11.25	00:49:57.749	0.58552	0.58620			6
2024.11.25	00:49:58.051		0.58619			4
2024.11.25	00:49:58.352	0.58550				2
2024.11.25	00:49:58.654	0.58551	0.58621			6
2024.11.25	00:49:58.956	0.58549	0.58618			6
2024.11.25	00:49:59.259		0.58621			4
2024.11.25	00:49:59.560	0.58552				2
2024.11.25	00:49:59.864	0.58551	0.58620			6
2024.11.25	00:50:00.166	0.58551				2
2024.11.25	00:50:00.770	0.58552				2
2024.11.25	00:50:02.581	0.58551	0.58621			6
2024.11.25	00:50:03.186	0.58553	0.58622			6
2024.11.25	00:50:03.790	0.58551	0.58621			6
2024.11.25	00:50:05.608		0.58622			4
2024.11.25	00:50:05.909		0.58620			4
2024.11.25	00:50:07.724	0.58550	0.58622			6
2024.11.25	00:50:08.075	0.58554	0.58623			6
2024.11.25	00:50:09.585		0.58622			4
2024.11.25	00:50:09.888		0.58625			4
2024.11.25	00:50:10.192	0.58560	0.58628			6
2024.11.25	00:50:11.450		0.58629			4
2024.11.25	00:50:11.752	0.58561				2
2024.11.25	00:50:12.658	0.58560				2
2024.11.25	00:50:12.961	0.58561	0.58628			6
2024.11.25	00:50:13.261	0.58560				2
2024.11.25	00:50:13.566	0.58557	0.58625			6
2024.11.25	00:50:14.775	0.58560	0.58628			6
2024.11.25	00:50:15.680	0.58559	0.58627			6
2024.11.25	00:50:17.190		0.58625			4
2024.11.25	00:50:17.490	0.58557				2
2024.11.25	00:50:17.795		0.58627			4
2024.11.25	00:50:18.097	0.58559	0.58625			6
2024.11.25	00:50:18.400	0.58557				2
2024.11.25	00:50:19.002	0.58560	0.58627			6
2024.11.25	00:50:19.304	0.58557	0.58624			6
2024.11.25	00:50:20.211	0.58560	0.58627			6
2024.11.25	00:50:20.819	0.58557	0.58624			6
2024.11.25	00:50:21.725	0.58560	0.58627			6
2024.11.25	00:50:22.026	0.58558	0.58625			6
2024.11.25	00:50:22.630		0.58624			4
2024.11.25	00:50:22.933	0.58560	0.58627			6
2024.11.25	00:50:23.235	0.58557	0.58623			6
2024.11.25	00:50:23.538	0.58560	0.58627			6
2024.11.25	00:50:24.142	0.58559	0.58626			6
2024.11.25	00:50:24.444	0.58556	0.58622			6
2024.11.25	00:50:25.349		0.58621			4
2024.11.25	00:50:25.653	0.58560	0.58626			6
2024.11.25	00:50:25.956		0.58625			4
2024.11.25	00:50:26.258	0.58556	0.58626			6
2024.11.25	00:50:26.558	0.58560				2
2024.11.25	00:50:27.163	0.58559	0.58625			6
2024.11.25	00:50:28.674	0.58560	0.58626			6
2024.11.25	00:50:28.977	0.58556				2
2024.11.25	00:50:29.279	0.58560				2
2024.11.25	00:50:29.883	0.58559	0.58625			6
2024.11.25	00:50:30.185		0.58626			4
2024.11.25	00:50:34.719	0.58557				2
2024.11.25	00:50:35.019	0.58560				2
2024.11.25	00:50:38.949	0.58559	0.58625			6
2024.11.25	00:50:39.251	0.58555	0.58620			6
2024.11.25	00:50:39.554	0.58560	0.58625			6
2024.11.25	00:50:39.856	0.58559				2
2024.11.25	00:50:40.460	0.58556	0.58624			6
2024.11.25	00:50:40.763	0.58559				2
2024.11.25	00:50:44.740	0.58560	0.58620			6
2024.11.25	00:50:45.044	0.58559	0.58624			6
2024.11.25	00:50:45.347		0.58625			4
2024.11.25	00:50:48.066	0.58556	0.58623			6
2024.11.25	00:50:48.368	0.58560	0.58624			6
2024.11.25	00:50:51.994	0.58559				2
2024.11.25	00:50:53.809	0.58560				2
2024.11.25	00:50:54.113	0.58559				2
2024.11.25	00:51:00.156	0.58559				2
2024.11.25	00:51:04.386	0.58560				2
2024.11.25	00:51:04.688	0.58556	0.58623			6
2024.11.25	00:51:04.990	0.58560				2
2024.11.25	00:51:08.620		0.58622			4
2024.11.25	00:51:08.921		0.58623			4
2024.11.25	00:51:13.455	0.58556	0.58622			6
2024.11.25	00:51:13.757	0.58560	0.58623			6
2024.11.25	00:51:20.755		0.58622			4
2024.11.25	00:51:24.684		0.58623			4
2024.11.25	00:51:27.401	0.58558	0.58618			6
2024.11.25	00:51:27.720	0.58561	0.58623			6
2024.11.25	00:51:29.572	0.58560	0.58622			6
2024.11.25	00:51:30.479		0.58619			4
2024.11.25	00:51:30.781		0.58622			4
2024.11.25	00:51:31.383	0.58561				2
2024.11.25	00:51:32.592		0.58621			4
2024.11.25	00:51:32.895		0.58623			4
2024.11.25	00:51:33.196		0.58622			4
2024.11.25	00:51:34.456	0.58560				2
2024.11.25	00:51:50.218	0.58561				2
2024.11.25	00:51:56.260	0.58560				2
2024.11.25	00:52:00.192	0.58560				2
2024.11.25	00:52:02.912	0.58558	0.58619			6
2024.11.25	00:52:03.214	0.58562	0.58621			6
2024.11.25	00:52:03.516		0.58622			4
2024.11.25	00:52:20.490	0.58560				2
2024.11.25	00:52:20.792	0.58563				2
2024.11.25	00:52:21.096		0.58623			4
2024.11.25	00:52:25.075	0.58562				2
2024.11.25	00:52:33.839		0.58622			4
2024.11.25	00:52:50.156		0.58623			4
2024.11.25	00:52:52.576	0.58557	0.58616			6
2024.11.25	00:52:52.918	0.58558				2
2024.11.25	00:52:53.229	0.58566	0.58628			6
2024.11.25	00:52:56.307	0.58567	0.58629			6
2024.11.25	00:52:59.169	0.58569	0.58631			6
2024.11.25	00:53:00.369	0.58569				2
2024.11.25	00:53:13.679	0.58570	0.58632			6
2024.11.25	00:53:15.617	0.58569	0.58631			6
2024.11.25	00:53:19.814		0.58634			4
2024.11.25	00:53:20.121	0.58571	0.58636			6
2024.11.25	00:53:24.908	0.58563	0.58629			6
2024.11.25	00:53:25.336		0.58628			4
2024.11.25	00:53:26.731	0.58567	0.58632			6
2024.11.25	00:53:27.034		0.58631			4
2024.11.25	00:53:27.343	0.58564	0.58624			6
2024.11.25	00:53:27.663	0.58569	0.58636			6
2024.11.25	00:53:41.987	0.58568	0.58635			6
2024.11.25	00:53:43.110	0.58566				2
2024.11.25	00:53:43.430	0.58568				2
2024.11.25	00:53:47.990	0.58566				2
2024.11.25	00:53:48.319	0.58568				2
2024.11.25	00:53:51.350	0.58569	0.58636			6
2024.11.25	00:53:52.494	0.58568	0.58635			6
2024.11.25	00:53:54.065	0.58569	0.58636			6
2024.11.25	00:53:54.498	0.58568	0.58635			6
2024.11.25	00:53:54.904	0.58566				2
2024.11.25	00:53:55.212		0.58629			4
2024.11.25	00:53:55.514	0.58568	0.58635			6
2024.11.25	00:53:56.361	0.58569	0.58636			6
2024.11.25	00:54:00.228	0.58566	0.58630			6
2024.11.25	00:54:00.538	0.58568	0.58635			6
2024.11.25	00:54:00.877	0.58569	0.58636			6
2024.11.25	00:54:01.338	0.58568	0.58635			6
2024.11.25	00:54:01.675	0.58565	0.58634			6
2024.11.25	00:54:01.980	0.58568	0.58635			6
2024.11.25	00:54:05.216	0.58567	0.58629			6
2024.11.25	00:54:05.561	0.58568	0.58635			6
2024.11.25	00:54:07.493	0.58566				2
2024.11.25	00:54:07.807	0.58568				2
2024.11.25	00:54:08.811	0.58569	0.58636			6
2024.11.25	00:54:09.233	0.58568	0.58635			6
2024.11.25	00:54:09.634	0.58569	0.58636			6
2024.11.25	00:54:10.015	0.58568	0.58635			6
2024.11.25	00:54:10.797	0.58569	0.58636			6
2024.11.25	00:54:11.114		0.58630			4
2024.11.25	00:54:11.423	0.58568	0.58635			6
2024.11.25	00:54:13.308	0.58569	0.58636			6
2024.11.25	00:54:14.459	0.58568	0.58635			6
2024.11.25	00:54:16.032	0.58569	0.58636			6
2024.11.25	00:54:17.214	0.58568	0.58635			6
2024.11.25	00:54:17.998	0.58569	0.58636			6
2024.11.25	00:54:18.782	0.58568	0.58635			6
2024.11.25	00:54:19.578	0.58569	0.58636			6
2024.11.25	00:54:19.965	0.58568	0.58635			6
2024.11.25	00:54:20.447	0.58569	0.58636			6
2024.11.25	00:54:22.242	0.58568	0.58635			6
2024.11.25	00:54:24.403	0.58567	0.58636			6
2024.11.25	00:54:24.712	0.58569				2
2024.11.25	00:54:25.791	0.58568	0.58635			6
2024.11.25	00:54:26.189	0.58569	0.58636			6
2024.11.25	00:54:27.069	0.58568	0.58635			6
2024.11.25	00:54:27.400		0.58636			4
2024.11.25	00:54:27.704	0.58569				2
2024.11.25	00:54:33.002	0.58565	0.58634			6
2024.11.25	00:54:33.308	0.58569	0.58635			6
2024.11.25	00:54:33.634		0.58636			4
2024.11.25	00:54:45.704	0.58570	0.58637			6
2024.11.25	00:54:46.022	0.58568	0.58635			6
2024.11.25	00:54:46.327	0.58569	0.58636			6
2024.11.25	00:54:46.668		0.58637			4
2024.11.25	00:54:47.322	0.58567	0.58636			6
2024.11.25	00:54:47.629	0.58569				2
2024.11.25	00:54:48.331	0.58570	0.58637			6
2024.11.25	00:54:48.640	0.58569	0.58636			6
2024.11.25	00:54:50.884		0.58634			4
2024.11.25	00:54:51.833	0.58566	0.58632			6
2024.11.25	00:54:52.440	0.58567	0.58634			6
2024.11.25	00:54:53.026	0.58565	0.58628			6
2024.11.25	00:54:53.348	0.58564				2
2024.11.25	00:54:53.951	0.58567	0.58634			6
2024.11.25	00:54:56.714		0.58631			4
2024.11.25	00:54:57.021	0.58569	0.58633			6
2024.11.25	00:54:57.325		0.58636			4
2024.11.25	00:55:00.359	0.58569				2
2024.11.25	00:55:03.761		0.58637			4
2024.11.25	00:55:10.330	0.58570				2
2024.11.25	00:55:18.799	0.58571	0.58639			6
2024.11.25	00:55:23.973	0.58572				2
2024.11.25	00:55:24.594	0.58571				2
2024.11.25	00:55:28.164	0.58570	0.58638			6
2024.11.25	00:55:28.605	0.58568				2
2024.11.25	00:55:28.907	0.58571	0.58639			6
2024.11.25	00:55:43.002	0.58572				2
2024.11.25	00:55:43.876	0.58570	0.58638			6
2024.11.25	00:55:45.594	0.58569				2
2024.11.25	00:55:45.902	0.58568	0.58635			6
2024.11.25	00:55:46.205	0.58571	0.58639			6
2024.11.25	00:55:55.245	0.58570				2
2024.11.25	00:55:55.562	0.58572				2
2024.11.25	00:55:58.569	0.58573				2
2024.11.25	00:56:04.009	0.58573				2
2024.11.25	00:56:06.395	0.58571				2
2024.11.25	00:56:12.409	0.58573				2
2024.11.25	00:56:18.323	0.58575				2
2024.11.25	00:56:18.692	0.58576				2
2024.11.25	00:56:19.054	0.58577				2
2024.11.25	00:56:19.363	0.58578				2
2024.11.25	00:56:21.605	0.58575				2
2024.11.25	00:56:30.712	0.58577				2
2024.11.25	00:56:32.501	0.58583				2
2024.11.25	00:56:33.580	0.58584				2
2024.11.25	00:56:36.969	0.58582				2
2024.11.25	00:56:47.206		0.58639			4
2024.11.25	00:56:47.605	0.58575				2
2024.11.25	00:56:55.515	0.58578				2
2024.11.25	00:57:01.011	0.58580				2
2024.11.25	00:57:03.016	0.58582				2
2024.11.25	00:57:03.717	0.58583				2
2024.11.25	00:57:16.731	0.58582				2
2024.11.25	00:57:20.632	0.58584				2
2024.11.25	00:57:24.680	0.58586				2
2024.11.25	00:57:27.858	0.58565	0.58630			6
2024.11.25	00:57:28.164	0.58564	0.58628			6
2024.11.25	00:57:28.490		0.58627			4
2024.11.25	00:57:28.792	0.58562				2
2024.11.25	00:57:29.698		0.58628			4
2024.11.25	00:57:30.605	0.58561	0.58634			6
2024.11.25	00:57:30.907	0.58559	0.58633			6
2024.11.25	00:57:32.719		0.58632			4
2024.11.25	00:57:33.023		0.58630			4
2024.11.25	00:57:36.395	0.58560				2
2024.11.25	00:57:37.603	0.58562	0.58627			6
2024.11.25	00:57:38.206		0.58625			4
2024.11.25	00:57:38.509	0.58560	0.58635			6
2024.11.25	00:57:38.907	0.58559	0.58633			6
2024.11.25	00:57:39.214		0.58632			4
2024.11.25	00:57:39.516	0.58567	0.58639			6
2024.11.25	00:57:42.519		0.58638			4
2024.11.25	00:57:42.839		0.58636			4
2024.11.25	00:57:43.140	0.58568				2
2024.11.25	00:57:44.655	0.58567				2
2024.11.25	00:57:44.955	0.58566	0.58637			6
2024.11.25	00:57:45.308	0.58567				2
2024.11.25	00:57:45.610	0.58557	0.58636			6
2024.11.25	00:57:45.960		0.58633			4
2024.11.25	00:57:47.170		0.58634			4
2024.11.25	00:57:47.470	0.58555	0.58636			6
2024.11.25	00:57:47.773	0.58559	0.58637			6
2024.11.25	00:57:48.077	0.58556	0.58635			6
2024.11.25	00:57:48.679	0.58558				2
2024.11.25	00:57:49.585	0.58556	0.58634			6
2024.11.25	00:57:49.889	0.58557	0.58632			6
2024.11.25	00:57:51.700	0.58558	0.58633			6
2024.11.25	00:57:52.657	0.58557	0.58631			6
2024.11.25	00:57:52.960	0.58559	0.58639			6
2024.11.25	00:57:53.262	0.58564				2
2024.11.25	00:57:56.507	0.58563				2
2024.11.25	00:57:57.837	0.58562				2
2024.11.25	00:57:59.142	0.58561				2
2024.11.25	00:58:00.009	0.58561				2
2024.11.25	00:58:08.496	0.58560				2
2024.11.25	00:58:12.135	0.58563				2
2024.11.25	00:58:12.498	0.58564				2
2024.11.25	00:58:12.803	0.58563				2
2024.11.25	00:58:13.250	0.58562				2
2024.11.25	00:58:13.649	0.58560				2
2024.11.25	00:58:14.700	0.58559				2
2024.11.25	00:58:15.743	0.58558				2
2024.11.25	00:58:20.569	0.58561				2
2024.11.25	00:58:22.108	0.58562				2
2024.11.25	00:58:24.808	0.58561				2
2024.11.25	00:58:27.509	0.58562				2
2024.11.25	00:58:29.377	0.58561				2
2024.11.25	00:58:31.063	0.58562				2
2024.11.25	00:58:31.773	0.58560				2
2024.11.25	00:58:33.148	0.58559				2
2024.11.25	00:58:36.573	0.58560				2
2024.11.25	00:58:38.537	0.58559				2
2024.11.25	00:58:40.652	0.58558				2
2024.11.25	00:58:42.163		0.58638			4
2024.11.25	00:58:42.766	0.58557				2
2024.11.25	00:58:44.279		0.58637			4
2024.11.25	00:58:44.630	0.58558	0.58639			6
2024.11.25	00:58:46.141	0.58557	0.58637			6
2024.11.25	00:58:48.254	0.58556				2
2024.11.25	00:58:50.068		0.58636			4
2024.11.25	00:58:50.673	0.58557				2
2024.11.25	00:58:56.715	0.58556	0.58637			6
2024.11.25	00:58:58.833	0.58557				2
2024.11.25	00:59:00.040	0.58557				2
2024.11.25	00:59:04.569	0.58554				2
2024.11.25	00:59:04.874	0.58557	0.58638			6
2024.11.25	00:59:05.780		0.58637			4
2024.11.25	00:59:06.737	0.58556	0.58635			6
2024.11.25	00:59:07.944		0.58634			4
2024.11.25	00:59:10.059		0.58635			4
2024.11.25	00:59:10.364	0.58557				2
2024.11.25	00:59:14.289		0.58636			4
2024.11.25	00:59:16.708		0.58638			4
2024.11.25	00:59:17.614		0.58637			4
2024.11.25	00:59:18.823	0.58558				2
2024.11.25	00:59:20.083	0.58557				2
2024.11.25	00:59:20.737		0.58636			4
2024.11.25	00:59:21.341	0.58556				2
2024.11.25	00:59:22.248		0.58635			4
2024.11.25	00:59:23.154	0.58558	0.58638			6
2024.11.25	00:59:23.456	0.58557				2
2024.11.25	00:59:24.060	0.58558				2
2024.11.25	00:59:28.593		0.58637			4
2024.11.25	00:59:28.896	0.58557				2
2024.11.25	00:59:30.407	0.58558	0.58638			6
2024.11.25	00:59:30.708	0.58559	0.58639			6
2024.11.25	00:59:31.312		0.58640			4
2024.11.25	00:59:31.612		0.58638			4
2024.11.25	00:59:32.521	0.58558				2
2024.11.25	00:59:33.428	0.58556				2
2024.11.25	00:59:36.148		0.58637			4
2024.11.25	00:59:41.282		0.58638			4
2024.11.25	00:59:42.492		0.58637			4
2024.11.25	00:59:43.398	0.58557				2
2024.11.25	00:59:43.700	0.58559				2
2024.11.25	00:59:44.206		0.58638			4
2024.11.25	00:59:46.009		0.58639			4
2024.11.25	00:59:47.677		0.58638			4
2024.11.25	00:59:48.887		0.58639			4
2024.11.25	00:59:49.491		0.58638			4
2024.11.25	00:59:52.514		0.58639			4
2024.11.25	00:59:58.255		0.58640			4
2024.11.25	01:00:00.066	0.58578				2
2024.11.25	01:00:00.377	0.58572	0.58620			6
2024.11.25	01:00:00.678	0.58533	0.58614			6
2024.11.25	01:00:00.985		0.58592			4
2024.11.25	01:00:01.286		0.58585			4
2024.11.25	01:00:01.594	0.58508	0.58582			6
2024.11.25	01:00:01.903		0.58579			4
2024.11.25	01:00:02.204		0.58582			4
2024.11.25	01:00:02.509	0.58499	0.58577			6
2024.11.25	01:00:02.811	0.58492	0.58575			6
2024.11.25	01:00:03.151	0.58491				2
2024.11.25	01:00:03.454	0.58490	0.58574			6
2024.11.25	01:00:04.061	0.58487	0.58570			6
2024.11.25	01:00:04.668	0.58500	0.58553			6
2024.11.25	01:00:05.535	0.58504	0.58580			6
2024.11.25	01:00:05.843	0.58506	0.58571			6
2024.11.25	01:00:06.181	0.58505				2
2024.11.25	01:00:06.484	0.58504				2
2024.11.25	01:00:06.810		0.58567			4
2024.11.25	01:00:10.240	0.58522	0.58581			6
2024.11.25	01:00:11.681		0.58575			4
2024.11.25	01:00:12.891	0.58525				2
2024.11.25	01:00:13.194	0.58522				2
2024.11.25	01:00:15.008	0.58523				2
2024.11.25	01:00:16.520	0.58526				2
2024.11.25	01:00:17.730	0.58524				2
2024.11.25	01:00:20.758	0.58526				2
2024.11.25	01:00:21.062	0.58537				2
2024.11.25	01:00:22.272	0.58528				2
2024.11.25	01:00:24.135	0.58534				2
2024.11.25	01:00:25.344	0.58535				2
2024.11.25	01:00:25.645	0.58536				2
2024.11.25	01:00:27.461	0.58545				2
2024.11.25	01:00:28.065	0.58529				2
2024.11.25	01:00:28.371	0.58523	0.58550			6
2024.11.25	01:00:28.672	0.58536	0.58543			6
2024.11.25	01:00:28.976	0.58535	0.58542			6
2024.11.25	01:00:29.278	0.58556	0.58561			6
2024.11.25	01:00:35.071		0.58585			4
2024.11.25	01:00:35.416	0.58557				2
2024.11.25	01:00:46.017	0.58550	0.58572			6
2024.11.25	01:00:47.273	0.58554				2
2024.11.25	01:00:53.772		0.58574			4
2024.11.25	01:00:58.050		0.58571			4
2024.11.25	01:00:59.946	0.58555				2
2024.11.25	01:01:00.277	0.58555				2
2024.11.25	01:01:01.188		0.58570			4
2024.11.25	01:01:06.426	0.58557				2
2024.11.25	01:01:13.698	0.58556				2
2024.11.25	01:01:17.805	0.58561	0.58565			6
2024.11.25	01:01:19.357	0.58560				2
2024.11.25	01:01:22.085	0.58558	0.58563			6
2024.11.25	01:01:29.089	0.58552	0.58568			6
2024.11.25	01:01:30.000	0.58558	0.58563			6
2024.11.25	01:01:31.213	0.58557				2
2024.11.25	01:01:32.120	0.58558	0.58564			6
2024.11.25	01:01:32.426	0.58559				2
2024.11.25	01:01:33.333	0.58561	0.58566			6
2024.11.25	01:01:33.636	0.58562	0.58567			6
2024.11.25	01:01:42.429	0.58567	0.58572			6
2024.11.25	01:01:42.732	0.58584	0.58589			6
2024.11.25	01:01:44.246	0.58583				2
2024.11.25	01:01:49.400	0.58584	0.58590			6
2024.11.25	01:01:50.307	0.58583	0.58589			6
2024.11.25	01:01:52.128	0.58584				2
2024.11.25	01:01:53.946	0.58582	0.58587			6
2024.11.25	01:01:54.552	0.58584	0.58589			6
2024.11.25	01:01:54.854	0.58582	0.58587			6
2024.11.25	01:02:00.005	0.58582				2
2024.11.25	01:02:03.037	0.58581	0.58586			6
2024.11.25	01:02:03.643	0.58579	0.58584			6
2024.11.25	01:02:04.250	0.58580	0.58585			6
2024.11.25	01:02:06.370	0.58582	0.58587			6
2024.11.25	01:02:06.978	0.58581	0.58586			6
2024.11.25	01:02:07.582	0.58582	0.58587			6
2024.11.25	01:02:07.888	0.58581	0.58586			6
2024.11.25	01:02:08.494	0.58580	0.58585			6
2024.11.25	01:02:08.795	0.58581	0.58586			6
2024.11.25	01:02:09.402	0.58580	0.58585			6
2024.11.25	01:02:10.011	0.58579	0.58584			6
2024.11.25	01:02:12.735	0.58581	0.58586			6
2024.11.25	01:02:14.253	0.58580	0.58585			6
2024.11.25	01:02:16.677	0.58579	0.58584			6
2024.11.25	01:02:17.888	0.58580	0.58585			6
2024.11.25	01:02:23.953	0.58579	0.58584			6
2024.11.25	01:02:34.560	0.58578	0.58583			6
2024.11.25	01:02:34.862	0.58579	0.58584			6
2024.11.25	01:02:36.985	0.58580				2
2024.11.25	01:02:37.286	0.58581	0.58586			6
2024.11.25	01:02:50.926	0.58582	0.58587			6
2024.11.25	01:02:51.532	0.58583	0.58588			6
2024.11.25	01:02:53.350	0.58585	0.58590			6
2024.11.25	01:02:58.201	0.58588	0.58593			6
2024.11.25	01:02:58.505	0.58583	0.58588			6
2024.11.25	01:02:59.161	0.58585	0.58590			6
2024.11.25	01:03:00.071	0.58585				2
2024.11.25	01:03:00.374	0.58586	0.58591			6
2024.11.25	01:03:00.677	0.58585	0.58590			6
2024.11.25	01:03:14.413	0.58587	0.58592			6
2024.11.25	01:03:14.718	0.58585	0.58590			6
2024.11.25	01:03:21.182	0.58588	0.58593			6
2024.11.25	01:03:23.908	0.58589	0.58594			6
2024.11.25	01:03:26.637	0.58588	0.58593			6
2024.11.25	01:03:27.544	0.58589	0.58594			6
2024.11.25	01:03:33.913	0.58588	0.58593			6
2024.11.25	01:03:40.631	0.58589	0.58594			6
2024.11.25	01:03:41.237	0.58591	0.58596			6
2024.11.25	01:03:50.937	0.58589	0.58594			6
2024.11.25	01:03:51.843	0.58591	0.58596			6
2024.11.25	01:04:00.028	0.58591				2
2024.11.25	01:04:08.515	0.58593				2
2024.11.25	01:04:16.091		0.58598			4
2024.11.25	01:04:18.211	0.58602	0.58607			6
2024.11.25	01:04:18.516	0.58600	0.58605			6
2024.11.25	01:04:19.119	0.58602	0.58607			6
2024.11.25	01:04:19.425		0.58608			4
2024.11.25	01:04:21.241	0.58617	0.58622			6
2024.11.25	01:04:23.060	0.58619	0.58625			6
2024.11.25	01:04:25.180	0.58620	0.58626			6
2024.11.25	01:04:25.486	0.58630	0.58636			6
2024.11.25	01:04:31.899	0.58633	0.58639			6
2024.11.25	01:04:33.414	0.58634	0.58640			6
2024.11.25	01:04:35.233	0.58633	0.58639			6
2024.11.25	01:04:39.173		0.58638			4
2024.11.25	01:04:40.439	0.58634	0.58639			6
2024.11.25	01:04:41.094	0.58633	0.58638			6
2024.11.25	01:04:42.001	0.58634	0.58639			6
2024.11.25	01:04:43.214	0.58635	0.58640			6
2024.11.25	01:04:43.821	0.58636	0.58641			6
2024.11.25	01:04:44.882	0.58637	0.58642			6
2024.11.25	01:04:45.193	0.58639	0.58644			6
2024.11.25	01:04:50.386	0.58640	0.58645			6
2024.11.25	01:04:51.600	0.58641	0.58646			6
2024.11.25	01:04:52.510	0.58640	0.58645			6
2024.11.25	01:04:52.811	0.58641	0.58646			6
2024.11.25	01:04:54.327		0.58645			4
2024.11.25	01:04:55.540	0.58643	0.58647			6
2024.11.25	01:04:55.843	0.58642	0.58646			6
2024.11.25	01:04:56.145	0.58638	0.58642			6
2024.11.25	01:04:57.409		0.58643			4
2024.11.25	01:04:59.831	0.58637	0.58642			6
2024.11.25	01:05:00.140	0.58637				2
2024.11.25	01:05:04.125	0.58638				2
2024.11.25	01:05:05.942	0.58636	0.58640			6
2024.11.25	01:05:07.457	0.58637	0.58641			6
2024.11.25	01:05:08.066	0.58636	0.58640			6
2024.11.25	01:05:09.275	0.58637	0.58641			6
2024.11.25	01:05:09.583	0.58636	0.58640			6
2024.11.25	01:05:09.933	0.58634	0.58638			6
2024.11.25	01:05:10.236	0.58633	0.58637			6
2024.11.25	01:05:12.406	0.58632	0.58636			6
2024.11.25	01:05:15.437	0.58631	0.58635			6
2024.11.25	01:05:20.589	0.58630	0.58634			6
2024.11.25	01:05:20.894	0.58629	0.58633			6
2024.11.25	01:05:22.408	0.58627	0.58631			6
2024.11.25	01:05:22.714	0.58628	0.58632			6
2024.11.25	01:05:23.066	0.58630	0.58634			6
2024.11.25	01:05:23.368	0.58629	0.58633			6
2024.11.25	01:05:23.671	0.58627	0.58631			6
2024.11.25	01:05:23.977	0.58629	0.58633			6
2024.11.25	01:05:24.330		0.58634			4
2024.11.25	01:05:25.241	0.58628	0.58632			6
2024.11.25	01:05:26.450	0.58627	0.58631			6
2024.11.25	01:05:28.575	0.58630	0.58634			6
2024.11.25	01:05:29.182	0.58632	0.58637			6
2024.11.25	01:05:30.747	0.58629	0.58634			6
2024.11.25	01:05:31.051	0.58628	0.58633			6
2024.11.25	01:05:31.354		0.58634			4
2024.11.25	01:05:34.384		0.58633			4
2024.11.25	01:05:40.143	0.58629				2
2024.11.25	01:05:45.299	0.58628	0.58632			6
2024.11.25	01:05:48.024	0.58629	0.58633			6
2024.11.25	01:05:49.240		0.58632			4
2024.11.25	01:05:51.415		0.58633			4
2024.11.25	01:05:51.718		0.58632			4
2024.11.25	01:05:52.021	0.58628				2
2024.11.25	01:05:52.323	0.58629				2
2024.11.25	01:05:53.233	0.58628				2
2024.11.25	01:05:54.746	0.58629				2
2024.11.25	01:06:00.202	0.58629				2
2024.11.25	01:06:06.868	0.58628	0.58631			6
2024.11.25	01:06:07.172	0.58627				2
2024.11.25	01:06:09.292	0.58626	0.58630			6
2024.11.25	01:06:09.595	0.58630	0.58634			6
2024.11.25	01:06:10.204	0.58629	0.58635			6
2024.11.25	01:06:10.810	0.58630	0.58636			6
2024.11.25	01:06:13.235		0.58635			4
2024.11.25	01:06:15.354	0.58629	0.58634			6
2024.11.25	01:06:15.962	0.58630	0.58635			6
2024.11.25	01:06:20.812	0.58628	0.58633			6
2024.11.25	01:06:25.357	0.58627	0.58631			6
2024.11.25	01:06:25.658	0.58624	0.58629			6
2024.11.25	01:06:26.265	0.58623				2
2024.11.25	01:06:26.870	0.58624	0.58630			6
2024.11.25	01:06:27.177	0.58625	0.58631			6
2024.11.25	01:06:28.693	0.58624	0.58630			6
2024.11.25	01:06:33.239	0.58625				2
2024.11.25	01:06:36.576	0.58626	0.58631			6
2024.11.25	01:06:37.789	0.58625	0.58630			6
2024.11.25	01:06:40.212	0.58626	0.58631			6
2024.11.25	01:06:42.940	0.58625	0.58630			6
2024.11.25	01:06:45.668	0.58624	0.58629			6
2024.11.25	01:06:47.789	0.58623	0.58628			6
2024.11.25	01:06:50.217	0.58624				2
2024.11.25	01:07:00.219	0.58623	0.58627			6
2024.11.25	01:07:02.341		0.58628			4
2024.11.25	01:07:05.373	0.58624				2
2024.11.25	01:07:16.895	0.58623	0.58627			6
2024.11.25	01:07:17.804	0.58624	0.58628			6
2024.11.25	01:07:19.321	0.58623	0.58627			6
2024.11.25	01:07:20.227		0.58628			4
2024.11.25	01:07:21.137		0.58627			4
2024.11.25	01:07:29.680	0.58619	0.58623			6
2024.11.25	01:07:29.983	0.58618	0.58622			6
2024.11.25	01:07:30.284	0.58617	0.58623			6
2024.11.25	01:07:30.592	0.58618	0.58624			6
2024.11.25	01:07:37.614	0.58617	0.58623			6
2024.11.25	01:07:42.160		0.58622			4
2024.11.25	01:07:45.495	0.58607	0.58612			6
2024.11.25	01:07:45.798	0.58613	0.58618			6
2024.11.25	01:07:46.151		0.58619			4
2024.11.25	01:07:48.877	0.58614	0.58620			6
2024.11.25	01:07:49.181	0.58613	0.58619			6
2024.11.25	01:07:54.386	0.58614				2
2024.11.25	01:07:55.898	0.58611	0.58616			6
2024.11.25	01:07:56.206		0.58617			4
2024.11.25	01:08:00.144	0.58611	0.58616			6
2024.11.25	01:08:05.299		0.58615			4
2024.11.25	01:08:09.846	0.58613	0.58617			6
2024.11.25	01:08:10.147	0.58612				2
2024.11.25	01:08:14.393		0.58616			4
2024.11.25	01:08:21.361	0.58613				2
2024.11.25	01:08:24.693	0.58614	0.58617			6
2024.11.25	01:08:25.300	0.58613				2
2024.11.25	01:08:29.541	0.58612	0.58616			6
2024.11.25	01:08:30.198	0.58610				2
2024.11.25	01:08:35.348	0.58611				2
2024.11.25	01:08:38.983	0.58610	0.58615			6
2024.11.25	01:08:39.284	0.58608	0.58613			6
2024.11.25	01:08:39.588	0.58601	0.58606			6
2024.11.25	01:08:40.194	0.58600	0.58605			6
2024.11.25	01:08:41.405		0.58606			4
2024.11.25	01:08:45.037	0.58599	0.58605			6
2024.11.25	01:08:45.341	0.58600	0.58606			6
2024.11.25	01:08:48.064	0.58599	0.58605			6
2024.11.25	01:08:49.275	0.58600	0.58606			6
2024.11.25	01:08:54.422	0.58601				2
2024.11.25	01:08:57.150		0.58605			4
2024.11.25	01:09:00.186	0.58601	0.58604			6
2024.11.25	01:09:02.053	0.58602	0.58605			6
2024.11.25	01:09:06.291	0.58603	0.58606			6
2024.11.25	01:09:08.461	0.58601	0.58604			6
2024.11.25	01:09:09.371	0.58600				2
2024.11.25	01:09:11.795	0.58601	0.58605			6
2024.11.25	01:09:12.096	0.58597	0.58598			6
2024.11.25	01:09:12.399	0.58583	0.58587			6
2024.11.25	01:09:13.004	0.58582	0.58586			6
2024.11.25	01:09:13.310	0.58581	0.58587			6
2024.11.25	01:09:13.612	0.58578	0.58584			6
2024.11.25	01:09:14.521	0.58576	0.58582			6
2024.11.25	01:09:15.128	0.58574	0.58580			6
2024.11.25	01:09:15.433	0.58573	0.58579			6
2024.11.25	01:09:15.782	0.58572	0.58578			6
2024.11.25	01:09:16.086	0.58574	0.58580			6
2024.11.25	01:09:16.396	0.58572	0.58578			6
2024.11.25	01:09:17.348	0.58582	0.58588			6
2024.11.25	01:09:19.166	0.58586	0.58592			6
2024.11.25	01:09:24.616	0.58585	0.58591			6
2024.11.25	01:09:25.527	0.58584	0.58590			6
2024.11.25	01:09:26.737	0.58586	0.58592			6
2024.11.25	01:09:27.478	0.58589	0.58595			6
2024.11.25	01:09:29.312	0.58590	0.58596			6
2024.11.25	01:09:32.391		0.58595			4
2024.11.25	01:09:32.694	0.58589	0.58594			6
2024.11.25	01:09:37.338	0.58590				2
2024.11.25	01:09:39.460	0.58589	0.58593			6
2024.11.25	01:09:40.418	0.58588	0.58592			6
2024.11.25	01:09:41.326	0.58587				2
2024.11.25	01:09:42.234	0.58589	0.58594			6
2024.11.25	01:09:43.749	0.58590	0.58595			6
2024.11.25	01:09:44.353	0.58595	0.58600			6
2024.11.25	01:09:44.658	0.58593	0.58597			6
2024.11.25	01:09:45.283	0.58595	0.58601			6
2024.11.25	01:09:46.221	0.58592	0.58598			6
2024.11.25	01:09:46.524	0.58595	0.58601			6
2024.11.25	01:09:48.341		0.58600			4
2024.11.25	01:09:52.278	0.58594	0.58599			6
2024.11.25	01:09:52.582	0.58592	0.58597			6
2024.11.25	01:09:53.187	0.58594	0.58599			6
2024.11.25	01:09:54.398	0.58599	0.58604			6
2024.11.25	01:09:55.006	0.58597	0.58602			6
2024.11.25	01:09:55.913	0.58594	0.58600			6
2024.11.25	01:09:56.217	0.58592	0.58597			6
2024.11.25	01:09:56.520	0.58591				2
2024.11.25	01:09:57.123	0.58595	0.58601			6
2024.11.25	01:09:59.853	0.58596	0.58602			6
2024.11.25	01:10:00.154	0.58596				2
2024.11.25	01:10:00.458	0.58591	0.58597			6
2024.11.25	01:10:01.065	0.58594	0.58600			6
2024.11.25	01:10:05.912	0.58596				2
2024.11.25	01:10:06.213		0.58599			4
2024.11.25	01:10:06.517		0.58600			4
2024.11.25	01:10:06.821	0.58595				2
2024.11.25	01:10:07.120	0.58600	0.58605			6
2024.11.25	01:10:07.428	0.58597	0.58602			6
2024.11.25	01:10:11.361		0.58601			4
2024.11.25	01:10:12.927	0.58599	0.58603			6
2024.11.25	01:10:15.350	0.58597	0.58601			6
2024.11.25	01:10:16.864	0.58599	0.58603			6
2024.11.25	01:10:17.468	0.58596	0.58600			6
2024.11.25	01:10:20.194	0.58597				2
2024.11.25	01:10:29.281		0.58599			4
2024.11.25	01:10:35.640	0.58598				2
2024.11.25	01:10:35.945	0.58602	0.58604			6
2024.11.25	01:10:37.203	0.58600	0.58606			6
2024.11.25	01:10:38.415		0.58605			4
2024.11.25	01:10:42.357	0.58601				2
2024.11.25	01:10:45.131	0.58602				2
2024.11.25	01:10:46.345	0.58597	0.58600			6
2024.11.25	01:10:46.950	0.58598	0.58601			6
2024.11.25	01:10:47.255	0.58596	0.58602			6
2024.11.25	01:10:47.912	0.58595	0.58601			6
2024.11.25	01:10:50.081	0.58592	0.58598			6
2024.11.25	01:10:50.385	0.58591	0.58596			6
2024.11.25	01:10:51.040	0.58590	0.58595			6
2024.11.25	01:10:51.341		0.58596			4
2024.11.25	01:10:51.649	0.58596	0.58602			6
2024.11.25	01:10:51.999	0.58595	0.58601			6
2024.11.25	01:10:53.211	0.58598	0.58603			6
2024.11.25	01:10:53.514		0.58604			4
2024.11.25	01:10:54.169	0.58600	0.58606			6
2024.11.25	01:10:57.199	0.58601	0.58607			6
2024.11.25	01:11:00.022	0.58601				2
2024.11.25	01:11:00.329	0.58602				2
2024.11.25	01:11:01.235	0.58601	0.58606			6
2024.11.25	01:11:02.145	0.58602	0.58607			6
2024.11.25	01:11:03.354		0.58606			4
2024.11.25	01:11:05.177	0.58603				2
2024.11.25	01:11:09.414		0.58605			4
2024.11.25	01:11:09.718	0.58609	0.58611			6
2024.11.25	01:11:10.020	0.58610	0.58612			6
2024.11.25	01:11:10.323	0.58608	0.58613			6
2024.11.25	01:11:13.657	0.58609	0.58614			6
2024.11.25	01:11:14.261	0.58607	0.58612			6
2024.11.25	01:11:15.171	0.58606				2
2024.11.25	01:11:16.081	0.58604	0.58610			6
2024.11.25	01:11:18.201	0.58605				2
2024.11.25	01:11:20.321		0.58609			4
2024.11.25	01:11:22.138	0.58606				2
2024.11.25	01:11:23.049	0.58607	0.58610			6
2024.11.25	01:11:26.126		0.58609			4
2024.11.25	01:11:27.034	0.58605	0.58606			6
2024.11.25	01:11:28.247		0.58607			4
2024.11.25	01:11:28.652		0.58610			4
2024.11.25	01:11:29.258		0.58611			4
2024.11.25	01:11:29.770	0.58607				2
2024.11.25	01:11:30.202	0.58602	0.58607			6
2024.11.25	01:11:30.510		0.58605			4
2024.11.25	01:11:30.821		0.58608			4
2024.11.25	01:11:33.243	0.58603				2
2024.11.25	01:11:34.350	0.58601	0.58604			6
2024.11.25	01:11:34.660	0.58600	0.58602			6
2024.11.25	01:11:35.263	0.58596				2
2024.11.25	01:11:35.870	0.58595	0.58601			6
2024.11.25	01:11:36.173	0.58594	0.58600			6
2024.11.25	01:11:36.483	0.58596	0.58602			6
2024.11.25	01:11:40.162		0.58601			4
2024.11.25	01:11:41.979	0.58599	0.58602			6
2024.11.25	01:11:42.282	0.58596	0.58600			6
2024.11.25	01:11:45.361		0.58599			4
2024.11.25	01:11:47.177	0.58597				2
2024.11.25	01:11:48.392	0.58596	0.58598			6
2024.11.25	01:11:48.713	0.58597	0.58599			6
2024.11.25	01:11:51.471	0.58599	0.58601			6
2024.11.25	01:11:52.379	0.58598				2
2024.11.25	01:11:52.682	0.58599				2
2024.11.25	01:11:56.014	0.58602	0.58604			6
2024.11.25	01:11:56.316	0.58601	0.58605			6
2024.11.25	01:11:59.350	0.58609	0.58612			6
2024.11.25	01:12:00.306	0.58611	0.58616			6
2024.11.25	01:12:02.122	0.58607	0.58613			6
2024.11.25	01:12:02.727	0.58610	0.58615			6
2024.11.25	01:12:06.666	0.58606	0.58612			6
2024.11.25	01:12:11.209		0.58611			4
2024.11.25	01:12:13.331	0.58607				2
2024.11.25	01:12:14.239		0.58610			4
2024.11.25	01:12:15.149	0.58608				2
2024.11.25	01:12:16.360	0.58609	0.58611			6
2024.11.25	01:12:21.207	0.58614	0.58616			6
2024.11.25	01:12:21.813	0.58617	0.58618			6
2024.11.25	01:12:22.116	0.58613	0.58615			6
2024.11.25	01:12:22.419	0.58611	0.58617			6
2024.11.25	01:12:24.239	0.58612				2
2024.11.25	01:12:26.359		0.58616			4
2024.11.25	01:12:26.964	0.58617	0.58621			6
2024.11.25	01:12:27.268	0.58615				2
2024.11.25	01:12:30.295		0.58620			4
2024.11.25	01:12:31.203	0.58616				2
2024.11.25	01:12:31.806	0.58615	0.58619			6
2024.11.25	01:12:32.111	0.58613	0.58617			6
2024.11.25	01:12:32.414	0.58612	0.58615			6
2024.11.25	01:12:33.341	0.58611	0.58616			6
2024.11.25	01:12:33.977	0.58614	0.58620			6
2024.11.25	01:12:40.341	0.58615				2
2024.11.25	01:12:41.250		0.58619			4
2024.11.25	01:12:42.156	0.58616				2
2024.11.25	01:12:43.369		0.58618			4
2024.11.25	01:12:49.727	0.58615	0.58617			6
2024.11.25	01:12:50.034	0.58616	0.58618			6
2024.11.25	01:13:00.079	0.58616				2
2024.11.25	01:13:11.280	0.58618	0.58620			6
2024.11.25	01:13:11.584	0.58617	0.58619			6
2024.11.25	01:13:13.757	0.58619	0.58621			6
2024.11.25	01:13:14.362	0.58621	0.58623			6
2024.11.25	01:13:16.232	0.58618	0.58622			6
2024.11.25	01:13:16.532	0.58617	0.58621			6
2024.11.25	01:13:17.138	0.58616	0.58622			6
2024.11.25	01:13:18.349	0.58617				2
2024.11.25	01:13:21.380		0.58621			4
2024.11.25	01:13:22.892	0.58624	0.58628			6
2024.11.25	01:13:23.201	0.58626	0.58629			6
2024.11.25	01:13:23.522	0.58627	0.58630			6
2024.11.25	01:13:24.126	0.58626	0.58632			6
2024.11.25	01:13:27.185	0.58627	0.58633			6
2024.11.25	01:13:30.518	0.58628	0.58634			6
2024.11.25	01:13:30.819	0.58630	0.58636			6
2024.11.25	01:13:36.323	0.58631				2
2024.11.25	01:13:36.929	0.58627	0.58632			6
2024.11.25	01:13:38.140		0.58633			4
2024.11.25	01:13:41.169		0.58632			4
2024.11.25	01:13:43.289	0.58628				2
2024.11.25	01:13:44.197		0.58631			4
2024.11.25	01:13:45.105	0.58629	0.58632			6
2024.11.25	01:13:46.314		0.58631			4
2024.11.25	01:13:47.832	0.58632	0.58634			6
2024.11.25	01:13:49.342	0.58631	0.58636			6
2024.11.25	01:13:51.161		0.58635			4
2024.11.25	01:13:52.372	0.58632				2
2024.11.25	01:13:54.188		0.58634			4
2024.11.25	01:13:56.310	0.58633	0.58635			6
2024.11.25	01:13:56.919	0.58630	0.58632			6
2024.11.25	01:13:58.177	0.58628	0.58634			6
2024.11.25	01:13:59.389		0.58633			4
2024.11.25	01:14:00.295	0.58629				2
2024.11.25	01:14:00.601	0.58628	0.58632			6
2024.11.25	01:14:01.205	0.58639	0.58643			6
2024.11.25	01:14:02.164	0.58638	0.58644			6
2024.11.25	01:14:02.468	0.58639	0.58645			6
2024.11.25	01:14:02.770	0.58640	0.58646			6
2024.11.25	01:14:04.284	0.58639	0.58645			6
2024.11.25	01:14:05.192	0.58640	0.58646			6
2024.11.25	01:14:10.040	0.58636	0.58642			6
2024.11.25	01:14:12.766	0.58637	0.58643			6
2024.11.25	01:14:15.189	0.58636	0.58642			6
2024.11.25	01:14:16.149		0.58641			4
2024.11.25	01:14:18.270		0.58640			4
2024.11.25	01:14:19.179	0.58637				2
2024.11.25	01:14:21.300		0.58639			4
2024.11.25	01:14:22.814	0.58638	0.58640			6
2024.11.25	01:14:23.117	0.58637	0.58639			6
2024.11.25	01:14:28.874	0.58638	0.58640			6
2024.11.25	01:14:30.135	0.58634	0.58636			6
2024.11.25	01:14:31.398	0.58632	0.58638			6
2024.11.25	01:14:32.306		0.58637			4
2024.11.25	01:14:33.215	0.58633				2
2024.11.25	01:14:33.518	0.58636	0.58640			6
2024.11.25	01:14:34.124	0.58635	0.58641			6
2024.11.25	01:14:35.638	0.58637	0.58643			6
2024.11.25	01:14:36.246	0.58638				2
2024.11.25	01:14:37.152	0.58637				2
2024.11.25	01:14:38.063	0.58638	0.58644			6
2024.11.25	01:14:38.367		0.58643			4
2024.11.25	01:14:39.879	0.58645	0.58650			6
2024.11.25	01:14:40.182	0.58642	0.58646			6
2024.11.25	01:14:41.392		0.58647			4
2024.11.25	01:14:41.697	0.58641	0.58646			6
2024.11.25	01:14:43.211	0.58642				2
2024.11.25	01:14:43.818	0.58641	0.58645			6
2024.11.25	01:14:44.424	0.58642	0.58646			6
2024.11.25	01:14:45.382	0.58643				2
2024.11.25	01:14:45.684	0.58642	0.58645			6
2024.11.25	01:14:45.989	0.58643	0.58646			6
2024.11.25	01:14:47.199		0.58645			4
2024.11.25	01:14:51.495	0.58644	0.58646			6
2024.11.25	01:14:53.308	0.58643	0.58645			6
2024.11.25	01:14:53.917	0.58645	0.58647			6
2024.11.25	01:14:54.218	0.58646	0.58648			6
2024.11.25	01:14:55.125	0.58645				2
2024.11.25	01:14:56.037	0.58644	0.58645			6
2024.11.25	01:14:56.338	0.58645	0.58648			6
2024.11.25	01:14:58.155		0.58647			4
2024.11.25	01:14:58.761	0.58646	0.58648			6
2024.11.25	01:14:59.367	0.58645	0.58647			6
2024.11.25	01:14:59.672	0.58644	0.58646			6
2024.11.25	01:14:59.973	0.58641	0.58643			6
2024.11.25	01:15:00.274	0.58641	0.58644			6
2024.11.25	01:15:00.578	0.58639	0.58642			6
2024.11.25	01:15:00.880	0.58636	0.58639			6
2024.11.25	01:15:01.184	0.58637	0.58640			6
2024.11.25	01:15:02.239	0.58636				2
2024.11.25	01:15:02.630	0.58637	0.58641			6
2024.11.25	01:15:02.941	0.58638				2
2024.11.25	01:15:03.245	0.58634	0.58636			6
2024.11.25	01:15:04.352	0.58631				2
2024.11.25	01:15:05.578	0.58633				2
2024.11.25	01:15:05.880	0.58631				2
2024.11.25	01:15:06.484	0.58632	0.58637			6
2024.11.25	01:15:07.393		0.58636			4
2024.11.25	01:15:12.239	0.58633				2
2024.11.25	01:15:14.059	0.58635	0.58637			6
2024.11.25	01:15:14.360		0.58638			4
2024.11.25	01:15:14.664	0.58637				2
2024.11.25	01:15:14.966		0.58640			4
2024.11.25	01:15:15.269	0.58636				2
2024.11.25	01:15:16.176	0.58637				2
2024.11.25	01:15:16.480	0.58636				2
2024.11.25	01:15:16.927	0.58635	0.58638			6
2024.11.25	01:15:18.162	0.58634	0.58636			6
2024.11.25	01:15:18.916	0.58635	0.58638			6
2024.11.25	01:15:19.936	0.58636				2
2024.11.25	01:15:20.266	0.58639	0.58641			6
2024.11.25	01:15:20.569	0.58636	0.58639			6
2024.11.25	01:15:22.133	0.58637				2
2024.11.25	01:15:22.739	0.58636	0.58637			6
2024.11.25	01:15:23.043	0.58634	0.58636			6
2024.11.25	01:15:26.304	0.58633	0.58635			6
2024.11.25	01:15:27.237	0.58632				2
2024.11.25	01:15:28.142	0.58633				2
2024.11.25	01:15:30.920	0.58634				2
2024.11.25	01:15:33.649	0.58633				2
2024.11.25	01:15:34.555	0.58634				2
2024.11.25	01:15:37.889	0.58633				2
2024.11.25	01:15:41.826		0.58634			4
2024.11.25	01:15:42.433	0.58634	0.58635			6
2024.11.25	01:15:42.734	0.58635	0.58636			6
2024.11.25	01:15:43.038	0.58634				2
2024.11.25	01:15:43.945		0.58635			4
2024.11.25	01:15:44.249	0.58633				2
2024.11.25	01:15:45.460	0.58630	0.58632			6
2024.11.25	01:15:47.659	0.58631				2
2024.11.25	01:15:55.756	0.58626	0.58627			6
2024.11.25	01:15:56.063	0.58624	0.58626			6
2024.11.25	01:15:58.150	0.58625				2
2024.11.25	01:15:58.844	0.58620	0.58621			6
2024.11.25	01:16:00.302	0.58616	0.58619			6
2024.11.25	01:16:04.349	0.58617				2
2024.11.25	01:16:05.294	0.58619	0.58621			6
2024.11.25	01:16:06.507	0.58620	0.58623			6
2024.11.25	01:16:07.547	0.58622				2
2024.11.25	01:16:08.177		0.58625			4
2024.11.25	01:16:08.476		0.58627			4
2024.11.25	01:16:09.556	0.58621	0.58626			6
2024.11.25	01:16:09.864		0.58627			4
2024.11.25	01:16:10.396	0.58622				2
2024.11.25	01:16:11.373		0.58626			4
2024.11.25	01:16:12.282	0.58623				2
2024.11.25	01:16:14.102		0.58625			4
2024.11.25	01:16:15.615	0.58627	0.58629			6
2024.11.25	01:16:16.228	0.58625	0.58631			6
2024.11.25	01:16:17.079	0.58626	0.58630			6
2024.11.25	01:16:17.713	0.58629	0.58633			6
2024.11.25	01:16:18.317	0.58628				2
2024.11.25	01:16:18.719	0.58629				2
2024.11.25	01:16:19.768	0.58630				2
2024.11.25	01:16:22.599	0.58629	0.58632			6
2024.11.25	01:16:24.127	0.58634	0.58638			6
2024.11.25	01:16:24.431	0.58636	0.58639			6
2024.11.25	01:16:24.743	0.58641	0.58645			6
2024.11.25	01:16:25.084	0.58640	0.58644			6
2024.11.25	01:16:25.386	0.58639	0.58645			6
2024.11.25	01:16:25.993		0.58644			4
2024.11.25	01:16:29.676		0.58643			4
2024.11.25	01:16:31.795		0.58644			4
2024.11.25	01:16:32.703	0.58635	0.58640			6
2024.11.25	01:16:33.613		0.58641			4
2024.11.25	01:16:33.920	0.58636	0.58642			6
2024.11.25	01:16:34.568	0.58635	0.58641			6
2024.11.25	01:16:34.872	0.58636	0.58642			6
2024.11.25	01:16:35.177	0.58638	0.58644			6
2024.11.25	01:16:35.478	0.58637	0.58643			6
2024.11.25	01:16:35.783	0.58638				2
2024.11.25	01:16:36.089	0.58635	0.58641			6
2024.11.25	01:16:36.440	0.58636				2
2024.11.25	01:16:37.061	0.58637	0.58642			6
2024.11.25	01:16:37.364	0.58635	0.58640			6
2024.11.25	01:16:39.219	0.58636				2
2024.11.25	01:16:40.430	0.58634	0.58639			6
2024.11.25	01:16:40.731		0.58638			4
2024.11.25	01:16:41.033	0.58635	0.58641			6
2024.11.25	01:16:41.639	0.58636	0.58642			6
2024.11.25	01:16:41.946	0.58637	0.58643			6
2024.11.25	01:16:43.201		0.58642			4
2024.11.25	01:16:44.112	0.58638				2
2024.11.25	01:16:44.413	0.58639	0.58644			6
2024.11.25	01:16:45.019	0.58637	0.58642			6
2024.11.25	01:16:45.322	0.58638				2
2024.11.25	01:16:46.231		0.58641			4
2024.11.25	01:16:46.836	0.58639	0.58642			6
2024.11.25	01:16:48.369		0.58641			4
2024.11.25	01:16:51.729	0.58641	0.58642			6
2024.11.25	01:16:52.034	0.58644	0.58646			6
2024.11.25	01:16:52.385	0.58642	0.58648			6
2024.11.25	01:16:53.039	0.58643				2
2024.11.25	01:16:53.340	0.58642				2
2024.11.25	01:16:55.257	0.58643				2
2024.11.25	01:16:55.561	0.58642	0.58646			6
2024.11.25	01:16:55.865	0.58641				2
2024.11.25	01:16:56.205	0.58639	0.58645			6
2024.11.25	01:16:58.133	0.58637	0.58643			6
2024.11.25	01:16:59.394	0.58638				2
2024.11.25	01:17:00.000	0.58638				2
2024.11.25	01:17:01.210	0.58640				2
2024.11.25	01:17:01.514	0.58639	0.58642			6
2024.11.25	01:17:04.240		0.58641			4
2024.11.25	01:17:06.055	0.58638	0.58640			6
2024.11.25	01:17:08.475	0.58640	0.58642			6
2024.11.25	01:17:09.387	0.58637	0.58639			6
2024.11.25	01:17:09.993	0.58638	0.58640			6
2024.11.25	01:17:10.296	0.58639	0.58641			6
2024.11.25	01:17:12.462	0.58638	0.58640			6
2024.11.25	01:17:13.725	0.58635	0.58637			6
2024.11.25	01:17:15.239	0.58634				2
2024.11.25	01:17:15.542	0.58635	0.58638			6
2024.11.25	01:17:16.147	0.58634	0.58637			6
2024.11.25	01:17:17.103	0.58637	0.58640			6
2024.11.25	01:17:17.409	0.58639	0.58641			6
2024.11.25	01:17:18.334	0.58637	0.58643			6
2024.11.25	01:17:19.878	0.58638	0.58644			6
2024.11.25	01:17:20.181	0.58639				2
2024.11.25	01:17:21.089	0.58638	0.58643			6
2024.11.25	01:17:21.745	0.58637	0.58642			6
2024.11.25	01:17:22.356	0.58638				2
2024.11.25	01:17:24.215		0.58641			4
2024.11.25	01:17:24.519	0.58636	0.58639			6
2024.11.25	01:17:25.749	0.58634	0.58637			6
2024.11.25	01:17:26.082	0.58636	0.58639			6
2024.11.25	01:17:26.387		0.58640			4
2024.11.25	01:17:26.690	0.58637	0.58641			6
2024.11.25	01:17:26.992	0.58636	0.58640			6
2024.11.25	01:17:27.344	0.58637				2
2024.11.25	01:17:28.253	0.58636	0.58639			6
2024.11.25	01:17:28.859	0.58637	0.58640			6
2024.11.25	01:17:30.370		0.58639			4
2024.11.25	01:17:30.671	0.58638	0.58640			6
2024.11.25	01:17:30.977	0.58637	0.58639			6
2024.11.25	01:17:32.821	0.58636	0.58638			6
2024.11.25	01:17:33.143	0.58637	0.58639			6
2024.11.25	01:17:33.451	0.58636	0.58638			6
2024.11.25	01:17:34.101	0.58637	0.58639			6
2024.11.25	01:17:39.245	0.58638	0.58640			6
2024.11.25	01:17:39.851	0.58635	0.58637			6
2024.11.25	01:17:40.201	0.58636	0.58638			6
2024.11.25	01:17:40.506	0.58635	0.58637			6
2024.11.25	01:17:40.810	0.58636	0.58638			6
2024.11.25	01:17:41.160	0.58635				2
2024.11.25	01:17:42.370	0.58636	0.58639			6
2024.11.25	01:17:42.674	0.58635	0.58638			6
2024.11.25	01:17:43.277	0.58636				2
2024.11.25	01:17:46.908	0.58639	0.58641			6
2024.11.25	01:17:47.215	0.58638	0.58640			6
2024.11.25	01:17:47.868	0.58639	0.58641			6
2024.11.25	01:17:48.170	0.58638	0.58642			6
2024.11.25	01:17:48.775	0.58637	0.58641			6
2024.11.25	01:17:49.380		0.58640			4
2024.11.25	01:17:50.288	0.58638	0.58642			6
2024.11.25	01:17:50.591	0.58637	0.58641			6
2024.11.25	01:17:53.012	0.58634	0.58638			6
2024.11.25	01:17:53.313		0.58637			4
2024.11.25	01:17:54.221	0.58633	0.58639			6
2024.11.25	01:17:54.526	0.58634	0.58640			6
2024.11.25	01:17:56.341	0.58635	0.58641			6
2024.11.25	01:17:56.947	0.58636	0.58642			6
2024.11.25	01:17:57.248	0.58637				2
2024.11.25	01:17:59.971	0.58636	0.58641			6
2024.11.25	01:18:00.276	0.58637	0.58642			6
2024.11.25	01:18:01.233		0.58641			4
2024.11.25	01:18:02.747	0.58636	0.58640			6
2024.11.25	01:18:03.403	0.58637				2
2024.11.25	01:18:03.707	0.58638	0.58641			6
2024.11.25	01:18:05.823	0.58637	0.58640			6
2024.11.25	01:18:07.035	0.58638	0.58641			6
2024.11.25	01:18:07.638	0.58637	0.58640			6
2024.11.25	01:18:08.850	0.58638	0.58641			6
2024.11.25	01:18:09.152	0.58637				2
2024.11.25	01:18:10.363	0.58638				2
2024.11.25	01:18:11.271	0.58637	0.58640			6
2024.11.25	01:18:13.793	0.58638	0.58641			6
2024.11.25	01:18:17.173	0.58637	0.58640			6
2024.11.25	01:18:17.475	0.58638	0.58641			6
2024.11.25	01:18:18.381	0.58637	0.58640			6
2024.11.25	01:18:18.685	0.58638	0.58641			6
2024.11.25	01:18:20.197	0.58637				2
2024.11.25	01:18:21.413		0.58640			4
2024.11.25	01:18:22.015	0.58636	0.58639			6
2024.11.25	01:18:22.317		0.58640			4
2024.11.25	01:18:23.226	0.58637				2
2024.11.25	01:18:23.529	0.58638	0.58641			6
2024.11.25	01:18:23.833	0.58637	0.58640			6
2024.11.25	01:18:24.183	0.58636	0.58641			6
2024.11.25	01:18:26.352	0.58637				2
2024.11.25	01:18:28.169	0.58636	0.58640			6
2024.11.25	01:18:28.777	0.58637	0.58641			6
2024.11.25	01:18:29.078	0.58636	0.58640			6
2024.11.25	01:18:29.987	0.58637	0.58641			6
2024.11.25	01:18:30.288		0.58640			4
2024.11.25	01:18:30.894	0.58638	0.58641			6
2024.11.25	01:18:31.194	0.58637	0.58640			6
2024.11.25	01:18:33.010	0.58638	0.58641			6
2024.11.25	01:18:33.615	0.58637	0.58640			6
2024.11.25	01:18:34.270		0.58641			4
2024.11.25	01:18:35.183	0.58638	0.58642			6
2024.11.25	01:18:36.137		0.58643			4
2024.11.25	01:18:39.164		0.58642			4
2024.11.25	01:18:39.769	0.58639	0.58643			6
2024.11.25	01:18:41.284		0.58644			4
2024.11.25	01:18:42.239		0.58643			4
2024.11.25	01:18:42.541	0.58640	0.58644			6
2024.11.25	01:18:42.846	0.58639	0.58643			6
2024.11.25	01:18:43.196	0.58641	0.58645			6
2024.11.25	01:18:44.153	0.58640				2
2024.11.25	01:18:47.179	0.58643	0.58648			6
2024.11.25	01:18:47.482	0.58642	0.58647			6
2024.11.25	01:18:48.389	0.58641				2
2024.11.25	01:18:49.298		0.58646			4
2024.11.25	01:18:50.223	0.58640	0.58645			6
2024.11.25	01:18:50.561	0.58642	0.58647			6
2024.11.25	01:18:52.677	0.58641	0.58646			6
2024.11.25	01:18:52.980	0.58642	0.58647			6
2024.11.25	01:18:56.308	0.58643				2
2024.11.25	01:18:57.215	0.58644	0.58648			6
2024.11.25	01:19:00.238	0.58644				2
2024.11.25	01:19:00.541	0.58645	0.58649			6
2024.11.25	01:19:01.147	0.58643	0.58647			6
2024.11.25	01:19:02.357	0.58642	0.58648			6
2024.11.25	01:19:02.691	0.58643	0.58649			6
2024.11.25	01:19:03.010	0.58641	0.58646			6
2024.11.25	01:19:04.221		0.58647			4
2024.11.25	01:19:04.824	0.58640	0.58646			6
2024.11.25	01:19:05.130	0.58643	0.58648			6
2024.11.25	01:19:06.391	0.58642				2
2024.11.25	01:19:06.984	0.58641	0.58647			6
2024.11.25	01:19:07.601	0.58643	0.58648			6
2024.11.25	01:19:09.415	0.58639	0.58645			6
2024.11.25	01:19:09.717	0.58640	0.58646			6
2024.11.25	01:19:15.165		0.58645			4
2024.11.25	01:19:16.979	0.58641	0.58646			6
2024.11.25	01:19:17.936	0.58638	0.58643			6
2024.11.25	01:19:19.195	0.58642	0.58648			6
2024.11.25	01:19:19.502	0.58643				2
2024.11.25	01:19:20.460		0.58649			4
2024.11.25	01:19:27.920	0.58646	0.58652			6
2024.11.25	01:19:28.224	0.58644	0.58650			6
2024.11.25	01:19:30.639	0.58645	0.58651			6
2024.11.25	01:19:31.296		0.58650			4
2024.11.25	01:19:32.856	0.58646	0.58651			6
2024.11.25	01:19:34.372		0.58650			4
2024.11.25	01:19:37.145	0.58647				2
2024.11.25	01:19:37.446	0.58645	0.58648			6
2024.11.25	01:19:38.356		0.58649			4
2024.11.25	01:19:39.262		0.58648			4
2024.11.25	01:19:43.194	0.58646				2
2024.11.25	01:19:43.801	0.58645	0.58647			6
2024.11.25	01:19:44.405	0.58644				2
2024.11.25	01:19:46.222	0.58645				2
2024.11.25	01:19:49.848	0.58637	0.58639			6
2024.11.25	01:19:50.151		0.58642			4
2024.11.25	01:19:50.455		0.58640			4
2024.11.25	01:19:50.815		0.58641			4
2024.11.25	01:19:52.243	0.58638	0.58642			6
2024.11.25	01:19:53.887	0.58633	0.58638			6
2024.11.25	01:19:54.191	0.58634				2
2024.11.25	01:19:54.698	0.58636	0.58639			6
2024.11.25	01:19:55.598		0.58642			4
2024.11.25	01:19:55.897		0.58641			4
2024.11.25	01:19:56.204	0.58631	0.58634			6
2024.11.25	01:20:00.357	0.58631				2
2024.11.25	01:20:01.368	0.58628				2
2024.11.25	01:20:02.134	0.58629				2
2024.11.25	01:20:02.445	0.58631	0.58636			6
2024.11.25	01:20:02.762	0.58630				2
2024.11.25	01:20:05.277	0.58631	0.58637			6
2024.11.25	01:20:05.679	0.58630	0.58636			6
2024.11.25	01:20:08.101	0.58629	0.58635			6
2024.11.25	01:20:08.404	0.58631	0.58636			6
2024.11.25	01:20:09.614	0.58630	0.58635			6
2024.11.25	01:20:09.917		0.58634			4
2024.11.25	01:20:11.731	0.58631	0.58635			6
2024.11.25	01:20:12.335	0.58630	0.58634			6
2024.11.25	01:20:12.940	0.58631	0.58636			6
2024.11.25	01:20:14.284	0.58632				2
2024.11.25	01:20:14.606		0.58637			4
2024.11.25	01:20:15.259		0.58636			4
2024.11.25	01:20:17.378	0.58633				2
2024.11.25	01:20:18.284	0.58635	0.58637			6
2024.11.25	01:20:18.588	0.58637	0.58640			6
2024.11.25	01:20:18.891	0.58638	0.58641			6
2024.11.25	01:20:19.243	0.58637				2
2024.11.25	01:20:19.907	0.58635				2
2024.11.25	01:20:20.299	0.58637	0.58643			6
2024.11.25	01:20:20.687	0.58638				2
2024.11.25	01:20:21.181		0.58644			4
2024.11.25	01:20:22.379		0.58643			4
2024.11.25	01:20:23.929		0.58644			4
2024.11.25	01:20:25.172		0.58643			4
2024.11.25	01:20:27.306		0.58642			4
2024.11.25	01:20:28.521	0.58640	0.58644			6
2024.11.25	01:20:29.129	0.58639				2
2024.11.25	01:20:30.080	0.58640				2
2024.11.25	01:20:32.203		0.58643			4
2024.11.25	01:20:32.807	0.58644	0.58647			6
2024.11.25	01:20:33.115		0.58649			4
2024.11.25	01:20:33.507	0.58643				2
2024.11.25	01:20:33.894	0.58644				2
2024.11.25	01:20:35.634	0.58640	0.58646			6
2024.11.25	01:20:35.945	0.58643	0.58648			6
2024.11.25	01:20:37.341	0.58642	0.58647			6
2024.11.25	01:20:37.948	0.58644	0.58648			6
2024.11.25	01:20:38.253	0.58643				2
2024.11.25	01:20:39.208	0.58648	0.58652			6
2024.11.25	01:20:39.513	0.58649	0.58653			6
2024.11.25	01:20:40.167		0.58654			4
2024.11.25	01:20:40.475	0.58648	0.58653			6
2024.11.25	01:20:45.460		0.58654			4
2024.11.25	01:20:45.761	0.58647	0.58653			6
2024.11.25	01:20:46.366	0.58648				2
2024.11.25	01:20:47.275		0.58652			4
2024.11.25	01:20:48.231		0.58653			4
2024.11.25	01:20:48.847		0.58652			4
2024.11.25	01:20:50.066	0.58649	0.58653			6
2024.11.25	01:20:50.400		0.58652			4
2024.11.25	01:20:51.914	0.58648	0.58651			6
2024.11.25	01:20:52.570	0.58645	0.58648			6
2024.11.25	01:20:53.174	0.58643	0.58649			6
2024.11.25	01:20:54.079		0.58648			4
2024.11.25	01:20:54.382		0.58647			4
2024.11.25	01:20:55.290	0.58642				2
2024.11.25	01:20:57.152		0.58646			4
2024.11.25	01:20:57.759	0.58643				2
2024.11.25	01:20:58.665	0.58644	0.58647			6
2024.11.25	01:20:59.272	0.58643	0.58648			6
2024.11.25	01:21:00.014	0.58643				2
2024.11.25	01:21:00.319		0.58647			4
2024.11.25	01:21:00.630	0.58651	0.58655			6
2024.11.25	01:21:01.242	0.58650				2
2024.11.25	01:21:02.194	0.58649				2
2024.11.25	01:21:03.011	0.58650				2
2024.11.25	01:21:03.339		0.58653			4
2024.11.25	01:21:03.644	0.58647	0.58650			6
2024.11.25	01:21:03.947	0.58646				2
2024.11.25	01:21:04.283	0.58648	0.58652			6
2024.11.25	01:21:05.197		0.58654			4
2024.11.25	01:21:05.521	0.58647	0.58653			6
2024.11.25	01:21:07.315	0.58648				2
2024.11.25	01:21:07.665	0.58647				2
2024.11.25	01:21:08.463	0.58648				2
2024.11.25	01:21:08.798	0.58650	0.58655			6
2024.11.25	01:21:09.102	0.58649				2
2024.11.25	01:21:09.591	0.58650	0.58656			6
2024.11.25	01:21:10.210	0.58651				2
2024.11.25	01:21:11.421	0.58649	0.58655			6
2024.11.25	01:21:12.931	0.58648	0.58653			6
2024.11.25	01:21:13.892	0.58645	0.58650			6
2024.11.25	01:21:15.756		0.58651			4
2024.11.25	01:21:16.190		0.58650			4
2024.11.25	01:21:16.815		0.58651			4
2024.11.25	01:21:17.125	0.58651	0.58655			6
2024.11.25	01:21:17.428	0.58650				2
2024.11.25	01:21:17.772	0.58649				2
2024.11.25	01:21:18.274		0.58654			4
2024.11.25	01:21:18.580	0.58650	0.58655			6
2024.11.25	01:21:19.185	0.58649				2
2024.11.25	01:21:21.299	0.58646	0.58651			6
2024.11.25	01:21:21.957	0.58648	0.58652			6
2024.11.25	01:21:22.258		0.58653			4
2024.11.25	01:21:22.567	0.58647	0.58652			6
2024.11.25	01:21:24.701		0.58653			4
2024.11.25	01:21:25.326	0.58648				2
2024.11.25	01:21:25.637		0.58652			4
2024.11.25	01:21:26.594	0.58647	0.58651			6
2024.11.25	01:21:28.193	0.58648				2
2024.11.25	01:21:29.720	0.58647	0.58650			6
2024.11.25	01:21:30.328	0.58648	0.58651			6
2024.11.25	01:21:32.188	0.58649				2
2024.11.25	01:21:33.097	0.58648	0.58650			6
2024.11.25	01:21:33.400	0.58649	0.58651			6
2024.11.25	01:21:33.700	0.58651	0.58653			6
2024.11.25	01:21:34.307	0.58650				2
2024.11.25	01:21:36.122	0.58651	0.58654			6
2024.11.25	01:21:36.423	0.58653	0.58655			6
2024.11.25	01:21:37.353	0.58652				2
2024.11.25	01:21:37.689	0.58653	0.58656			6
2024.11.25	01:21:38.946	0.58652	0.58655			6
2024.11.25	01:21:40.156		0.58654			4
2024.11.25	01:21:41.063	0.58653	0.58655			6
2024.11.25	01:21:41.668	0.58655	0.58657			6
2024.11.25	01:21:42.283	0.58656	0.58658			6
2024.11.25	01:21:42.625	0.58655				2
2024.11.25	01:21:44.140	0.58653	0.58656			6
2024.11.25	01:21:45.353	0.58652				2
2024.11.25	01:21:45.655	0.58651	0.58655			6
2024.11.25	01:21:45.960		0.58656			4
2024.11.25	01:21:46.312	0.58652	0.58655			6
2024.11.25	01:21:47.219	0.58653				2
2024.11.25	01:21:48.428	0.58652				2
2024.11.25	01:21:49.335		0.58654			4
2024.11.25	01:21:49.637	0.58653	0.58655			6
2024.11.25	01:21:50.544	0.58652	0.58654			6
2024.11.25	01:21:52.057	0.58653	0.58655			6
2024.11.25	01:21:53.268	0.58650	0.58652			6
2024.11.25	01:21:54.178	0.58649				2
2024.11.25	01:21:54.784	0.58650	0.58653			6
2024.11.25	01:21:56.598	0.58654	0.58656			6
2024.11.25	01:21:56.902	0.58652	0.58655			6
2024.11.25	01:21:57.201	0.58651				2
2024.11.25	01:21:57.508	0.58652	0.58656			6
2024.11.25	01:21:58.766		0.58655			4
2024.11.25	01:21:59.067		0.58656			4
2024.11.25	01:22:01.355	0.58652				2
2024.11.25	01:22:02.069		0.58655			4
2024.11.25	01:22:02.345		0.58654			4
2024.11.25	01:22:02.652		0.58655			4
2024.11.25	01:22:03.253		0.58654			4
2024.11.25	01:22:04.160	0.58653				2
2024.11.25	01:22:04.465	0.58652				2
2024.11.25	01:22:05.694	0.58653	0.58655			6
2024.11.25	01:22:05.995	0.58654	0.58656			6
2024.11.25	01:22:06.309	0.58653				2
2024.11.25	01:22:06.932	0.58654				2
2024.11.25	01:22:10.310	0.58655	0.58657			6
2024.11.25	01:22:11.823	0.58658	0.58660			6
2024.11.25	01:22:13.386	0.58656				2
2024.11.25	01:22:14.294	0.58655				2
2024.11.25	01:22:14.611		0.58659			4
2024.11.25	01:22:15.110	0.58656				2
2024.11.25	01:22:16.057		0.58660			4
2024.11.25	01:22:16.360	0.58657				2
2024.11.25	01:22:18.527	0.58663	0.58665			6
2024.11.25	01:22:18.832	0.58661				2
2024.11.25	01:22:19.163		0.58664			4
2024.11.25	01:22:19.471	0.58662	0.58665			6
2024.11.25	01:22:19.788	0.58663	0.58666			6
2024.11.25	01:22:20.090	0.58664	0.58667			6
2024.11.25	01:22:20.392	0.58662	0.58666			6
2024.11.25	01:22:20.707	0.58663	0.58668			6
2024.11.25	01:22:22.423	0.58664	0.58669			6
2024.11.25	01:22:22.747	0.58663	0.58668			6
2024.11.25	01:22:23.837	0.58664	0.58669			6
2024.11.25	01:22:24.967	0.58663	0.58668			6
2024.11.25	01:22:27.293	0.58664				2
2024.11.25	01:22:27.596	0.58669	0.58674			6
2024.11.25	01:22:27.905		0.58673			4
2024.11.25	01:22:28.538	0.58668	0.58672			6
2024.11.25	01:22:29.141		0.58673			4
2024.11.25	01:22:30.355	0.58671	0.58676			6
2024.11.25	01:22:30.673	0.58673	0.58678			6
2024.11.25	01:22:30.985	0.58671	0.58675			6
2024.11.25	01:22:31.607	0.58672	0.58676			6
2024.11.25	01:22:31.946		0.58675			4
2024.11.25	01:22:32.266		0.58676			4
2024.11.25	01:22:32.904	0.58673				2
2024.11.25	01:22:33.207		0.58677			4
2024.11.25	01:22:34.750	0.58671	0.58674			6
2024.11.25	01:22:35.376		0.58675			4
2024.11.25	01:22:36.901	0.58672				2
2024.11.25	01:22:37.223	0.58671				2
2024.11.25	01:22:38.195	0.58673	0.58676			6
2024.11.25	01:22:38.802	0.58672	0.58675			6
2024.11.25	01:22:39.406		0.58674			4
2024.11.25	01:22:39.711	0.58669	0.58672			6
2024.11.25	01:22:40.334	0.58668	0.58671			6
2024.11.25	01:22:40.970	0.58669	0.58672			6
2024.11.25	01:22:41.273		0.58673			4
2024.11.25	01:22:43.780		0.58674			4
2024.11.25	01:22:44.145	0.58671	0.58676			6
2024.11.25	01:22:45.281		0.58675			4
2024.11.25	01:22:45.608	0.58680	0.58683			6
2024.11.25	01:22:45.910		0.58684			4
2024.11.25	01:22:46.818	0.58681				2
2024.11.25	01:22:47.122	0.58680				2
2024.11.25	01:22:51.306	0.58681	0.58685			6
2024.11.25	01:22:51.608	0.58685	0.58686			6
2024.11.25	01:22:51.912	0.58686	0.58690			6
2024.11.25	01:22:52.242		0.58689			4
2024.11.25	01:22:52.639	0.58684	0.58688			6
2024.11.25	01:22:52.997		0.58687			4
2024.11.25	01:22:54.330	0.58680	0.58684			6
2024.11.25	01:22:55.459	0.58682	0.58686			6
2024.11.25	01:22:56.063	0.58681				2
2024.11.25	01:22:57.870	0.58683	0.58687			6
2024.11.25	01:22:58.506	0.58684	0.58688			6
2024.11.25	01:22:59.737	0.58686	0.58690			6
2024.11.25	01:23:00.081	0.58686				2
2024.11.25	01:23:00.427	0.58687	0.58691			6
2024.11.25	01:23:00.775	0.58686	0.58690			6
2024.11.25	01:23:01.081	0.58685				2
2024.11.25	01:23:01.932	0.58686				2
2024.11.25	01:23:02.244	0.58685				2
2024.11.25	01:23:02.730	0.58684	0.58687			6
2024.11.25	01:23:03.357	0.58688	0.58689			6
2024.11.25	01:23:03.661	0.58690	0.58693			6
2024.11.25	01:23:06.036	0.58688	0.58691			6
2024.11.25	01:23:08.209		0.58692			4
2024.11.25	01:23:10.978	0.58689				2
2024.11.25	01:23:11.361	0.58688	0.58691			6
2024.11.25	01:23:13.188		0.58690			4
2024.11.25	01:23:14.701	0.58689	0.58691			6
2024.11.25	01:23:17.141	0.58688	0.58689			6
2024.11.25	01:23:21.406	0.58689	0.58690			6
2024.11.25	01:23:25.942	0.58690	0.58691			6
2024.11.25	01:23:26.245		0.58692			4
2024.11.25	01:23:26.900		0.58691			4
2024.11.25	01:23:27.203	0.58689				2
2024.11.25	01:23:27.505	0.58688	0.58690			6
2024.11.25	01:23:28.414		0.58691			4
2024.11.25	01:23:29.020	0.58690				2
2024.11.25	01:23:35.420	0.58689				2
2024.11.25	01:23:35.725	0.58690	0.58692			6
2024.11.25	01:23:36.028	0.58689	0.58691			6
2024.11.25	01:23:38.747	0.58688	0.58690			6
2024.11.25	01:23:40.567		0.58689			4
2024.11.25	01:23:40.869	0.58686	0.58688			6
2024.11.25	01:23:41.221	0.58684	0.58686			6
2024.11.25	01:23:42.129	0.58683	0.58688			6
2024.11.25	01:23:43.308		0.58687			4
2024.11.25	01:23:49.121	0.58684				2
2024.11.25	01:23:49.437	0.58683	0.58686			6
2024.11.25	01:23:51.306		0.58685			4
2024.11.25	01:23:53.781	0.58684	0.58686			6
2024.11.25	01:23:54.098	0.58685	0.58687			6
2024.11.25	01:23:54.731	0.58689	0.58691			6
2024.11.25	01:23:55.387		0.58692			4
2024.11.25	01:23:56.295		0.58694			4
2024.11.25	01:23:59.033		0.58693			4
2024.11.25	01:24:00.014	0.58689				2
2024.11.25	01:24:00.742	0.58688				2
2024.11.25	01:24:01.978	0.58689				2
2024.11.25	01:24:03.253		0.58692			4
2024.11.25	01:24:04.180	0.58688	0.58691			6
2024.11.25	01:24:04.482	0.58686	0.58689			6
2024.11.25	01:24:05.420	0.58685	0.58690			6
2024.11.25	01:24:05.722		0.58691			4
2024.11.25	01:24:06.110	0.58686				2
2024.11.25	01:24:07.939	0.58684	0.58688			6
2024.11.25	01:24:08.250	0.58683				2
2024.11.25	01:24:09.500		0.58687			4
2024.11.25	01:24:10.002		0.58688			4
2024.11.25	01:24:10.307	0.58688	0.58693			6
2024.11.25	01:24:11.267		0.58692			4
2024.11.25	01:24:14.181	0.58686	0.58691			6
2024.11.25	01:24:16.942	0.58687	0.58692			6
2024.11.25	01:24:17.790	0.58688	0.58693			6
2024.11.25	01:24:18.423		0.58692			4
2024.11.25	01:24:20.238		0.58691			4
2024.11.25	01:24:20.841	0.58689	0.58692			6
2024.11.25	01:24:21.451	0.58690	0.58693			6
2024.11.25	01:24:23.312		0.58692			4
2024.11.25	01:24:24.524	0.58687	0.58689			6
2024.11.25	01:24:25.128	0.58685				2
2024.11.25	01:24:26.639	0.58686	0.58690			6
2024.11.25	01:24:27.246	0.58685				2
2024.11.25	01:24:29.735	0.58687				2
2024.11.25	01:24:31.229		0.58689			4
2024.11.25	01:24:38.539	0.58689	0.58691			6
2024.11.25	01:24:39.148		0.58692			4
2024.11.25	01:24:40.054	0.58688				2
2024.11.25	01:24:40.358	0.58689				2
2024.11.25	01:24:41.265		0.58691			4
2024.11.25	01:24:46.759	0.58684	0.58686			6
2024.11.25	01:24:47.363	0.58683	0.58688			6
2024.11.25	01:24:47.989	0.58682	0.58687			6
2024.11.25	01:24:48.770		0.58685			4
2024.11.25	01:24:49.231	0.58683	0.58687			6
2024.11.25	01:24:54.721	0.58685				2
2024.11.25	01:24:55.027	0.58684				2
2024.11.25	01:24:56.257	0.58681	0.58684			6
2024.11.25	01:24:57.196	0.58680				2
2024.11.25	01:25:00.085	0.58680				2
2024.11.25	01:25:00.423		0.58683			4
2024.11.25	01:25:01.936	0.58681				2
2024.11.25	01:25:02.865	0.58679	0.58681			6
2024.11.25	01:25:03.166	0.58678				2
2024.11.25	01:25:03.801	0.58680	0.58682			6
2024.11.25	01:25:04.123	0.58681				2
2024.11.25	01:25:06.274	0.58677	0.58679			6
2024.11.25	01:25:06.588		0.58678			4
2024.11.25	01:25:07.200		0.58679			4
2024.11.25	01:25:10.510	0.58675	0.58677			6
2024.11.25	01:25:10.815	0.58672	0.58674			6
2024.11.25	01:25:11.128	0.58673	0.58675			6
2024.11.25	01:25:12.059	0.58672	0.58674			6
2024.11.25	01:25:21.247		0.58673			4
2024.11.25	01:25:22.778	0.58669	0.58671			6
2024.11.25	01:25:23.124	0.58667	0.58669			6
2024.11.25	01:25:23.861	0.58669	0.58671			6
2024.11.25	01:25:24.195	0.58670	0.58672			6
2024.11.25	01:25:25.039	0.58671	0.58673			6
2024.11.25	01:25:25.351	0.58672	0.58674			6
2024.11.25	01:25:27.304		0.58673			4
2024.11.25	01:25:27.608	0.58671				2
2024.11.25	01:25:30.601	0.58668	0.58671			6
2024.11.25	01:25:33.152		0.58670			4
2024.11.25	01:25:34.510	0.58670	0.58672			6
2024.11.25	01:25:34.812		0.58673			4
2024.11.25	01:25:35.372	0.58668	0.58672			6
2024.11.25	01:25:35.692	0.58669	0.58673			6
2024.11.25	01:25:37.636	0.58670	0.58672			6
2024.11.25	01:25:37.982		0.58673			4
2024.11.25	01:25:38.304	0.58669				2
2024.11.25	01:25:38.652	0.58668	0.58672			6
2024.11.25	01:25:40.148	0.58669	0.58673			6
2024.11.25	01:25:41.443	0.58668	0.58672			6
2024.11.25	01:25:42.312	0.58669	0.58673			6
2024.11.25	01:25:42.656	0.58668				2
2024.11.25	01:25:43.158	0.58670	0.58674			6
2024.11.25	01:25:43.466	0.58673	0.58677			6
2024.11.25	01:25:44.085	0.58672				2
2024.11.25	01:25:44.422	0.58675	0.58678			6
2024.11.25	01:25:45.054		0.58679			4
2024.11.25	01:25:50.134	0.58679	0.58684			6
2024.11.25	01:25:50.448	0.58681				2
2024.11.25	01:25:51.090	0.58680	0.58683			6
2024.11.25	01:25:55.717	0.58682	0.58686			6
2024.11.25	01:25:56.025		0.58685			4
2024.11.25	01:25:57.239		0.58686			4
2024.11.25	01:26:00.192	0.58682				2
2024.11.25	01:26:00.531		0.58685			4
2024.11.25	01:26:02.384		0.58684			4
2024.11.25	01:26:06.032		0.58685			4
2024.11.25	01:26:06.349		0.58684			4
2024.11.25	01:26:12.163	0.58681	0.58683			6
2024.11.25	01:26:12.468	0.58682	0.58684			6
2024.11.25	01:26:15.590		0.58683			4
2024.11.25	01:26:18.008	0.58686	0.58687			6
2024.11.25	01:26:19.220		0.58689			4
2024.11.25	01:26:22.125	0.58685	0.58688			6
2024.11.25	01:26:22.906	0.58686				2
2024.11.25	01:26:23.251	0.58684	0.58687			6
2024.11.25	01:26:23.858	0.58685	0.58688			6
2024.11.25	01:26:25.376	0.58682	0.58684			6
2024.11.25	01:26:26.298		0.58686			4
2024.11.25	01:26:26.606		0.58685			4
2024.11.25	01:26:28.141	0.58681				2
2024.11.25	01:26:28.448		0.58684			4
2024.11.25	01:26:29.033		0.58683			4
2024.11.25	01:26:32.096		0.58682			4
2024.11.25	01:26:42.409	0.58685	0.58687			6
2024.11.25	01:26:42.713	0.58684	0.58686			6
2024.11.25	01:26:43.317	0.58682				2
2024.11.25	01:26:48.848	0.58685	0.58688			6
2024.11.25	01:26:51.886	0.58688	0.58691			6
2024.11.25	01:26:52.191	0.58687	0.58690			6
2024.11.25	01:26:52.493	0.58683	0.58686			6
2024.11.25	01:26:53.206	0.58682	0.58685			6
2024.11.25	01:26:53.853		0.58686			4
2024.11.25	01:26:54.154		0.58685			4
2024.11.25	01:26:57.097	0.58680	0.58684			6
2024.11.25	01:26:57.407	0.58677	0.58680			6
2024.11.25	01:27:00.125	0.58677				2
2024.11.25	01:27:02.428	0.58676				2
2024.11.25	01:27:05.137		0.58679			4
2024.11.25	01:27:05.451	0.58675	0.58678			6
2024.11.25	01:27:08.225		0.58677			4
2024.11.25	01:27:08.526	0.58674	0.58676			6
2024.11.25	01:27:08.838	0.58673	0.58675			6
2024.11.25	01:27:09.153	0.58671	0.58674			6
2024.11.25	01:27:12.259		0.58673			4
2024.11.25	01:27:18.306	0.58669	0.58671			6
2024.11.25	01:27:18.612	0.58671	0.58673			6
2024.11.25	01:27:33.954	0.58672	0.58674			6
2024.11.25	01:27:34.587		0.58673			4
2024.11.25	01:27:43.106	0.58675	0.58676			6
2024.11.25	01:27:43.411	0.58674				2
2024.11.25	01:27:43.711		0.58675			4
2024.11.25	01:27:44.316		0.58676			4
2024.11.25	01:27:45.064	0.58673	0.58675			6
2024.11.25	01:27:45.366	0.58671	0.58673			6
2024.11.25	01:27:46.281	0.58670				2
2024.11.25	01:27:48.850		0.58672			4
2024.11.25	01:27:50.696	0.58669	0.58671			6
2024.11.25	01:27:51.555		0.58670			4
2024.11.25	01:27:51.881	0.58667				2
2024.11.25	01:27:54.976	0.58669	0.58671			6
2024.11.25	01:28:00.162	0.58669				2
2024.11.25	01:28:01.285	0.58670	0.58672			6
2024.11.25	01:28:04.379		0.58671			4
2024.11.25	01:28:04.705	0.58668				2
2024.11.25	01:28:05.076	0.58669				2
2024.11.25	01:28:05.460	0.58670				2
2024.11.25	01:28:08.249	0.58671	0.58672			6
2024.11.25	01:28:15.002		0.58673			4
2024.11.25	01:28:24.786	0.58675	0.58676			6
2024.11.25	01:28:25.105	0.58674	0.58675			6
2024.11.25	01:28:25.408	0.58673				2
2024.11.25	01:28:29.698	0.58674	0.58676			6
2024.11.25	01:28:30.647	0.58673				2
2024.11.25	01:28:30.965	0.58671	0.58675			6
2024.11.25	01:28:31.271	0.58673				2
2024.11.25	01:28:32.628	0.58666	0.58668			6
2024.11.25	01:28:33.746	0.58665				2
2024.11.25	01:28:34.405	0.58666				2
2024.11.25	01:28:38.233	0.58669	0.58671			6
2024.11.25	01:28:39.648	0.58667	0.58670			6
2024.11.25	01:28:39.962	0.58669	0.58671			6
2024.11.25	01:28:40.404		0.58672			4
2024.11.25	01:28:41.579	0.58667	0.58671			6
2024.11.25	01:28:42.238	0.58666	0.58668			6
2024.11.25	01:28:45.378		0.58669			4
2024.11.25	01:28:45.752		0.58668			4
2024.11.25	01:28:46.748		0.58669			4
2024.11.25	01:28:47.267		0.58668			4
2024.11.25	01:28:50.709		0.58670			4
2024.11.25	01:28:51.026	0.58667				2
2024.11.25	01:28:52.408		0.58668			4
2024.11.25	01:28:52.729	0.58666				2
2024.11.25	01:28:55.796	0.58668	0.58672			6
2024.11.25	01:28:56.113	0.58669				2
2024.11.25	01:28:58.696	0.58666	0.58670			6
2024.11.25	01:28:59.208		0.58669			4
2024.11.25	01:29:00.416	0.58666	0.58668			6
2024.11.25	01:29:01.665	0.58667	0.58672			6
2024.11.25	01:29:01.966		0.58671			4
2024.11.25	01:29:02.609	0.58669				2
2024.11.25	01:29:03.031	0.58667				2
2024.11.25	01:29:04.410	0.58669				2
2024.11.25	01:29:05.235		0.58672			4
2024.11.25	01:29:06.108	0.58666	0.58668			6
2024.11.25	01:29:08.717	0.58669	0.58671			6
2024.11.25	01:29:13.728		0.58672			4
2024.11.25	01:29:14.066		0.58671			4
2024.11.25	01:29:20.606	0.58670	0.58672			6
2024.11.25	01:29:20.918	0.58664	0.58665			6
2024.11.25	01:29:21.226	0.58666	0.58668			6
2024.11.25	01:29:21.844	0.58665	0.58667			6
2024.11.25	01:29:22.146	0.58666				2
2024.11.25	01:29:22.478		0.58669			4
2024.11.25	01:29:24.404	0.58669	0.58671			6
2024.11.25	01:29:24.724	0.58671	0.58673			6
2024.11.25	01:29:25.871		0.58674			4
2024.11.25	01:29:28.388		0.58673			4
2024.11.25	01:29:30.270	0.58670				2
2024.11.25	01:29:30.581	0.58666	0.58670			6
2024.11.25	01:29:31.597	0.58669	0.58673			6
2024.11.25	01:29:31.962	0.58670				2
2024.11.25	01:29:32.276	0.58671				2
2024.11.25	01:29:32.584	0.58670	0.58674			6
2024.11.25	01:29:32.886	0.58669				2
2024.11.25	01:29:33.186	0.58670				2
2024.11.25	01:29:34.793	0.58672				2
2024.11.25	01:29:35.106	0.58670				2
2024.11.25	01:29:35.479		0.58673			4
2024.11.25	01:29:36.416		0.58674			4
2024.11.25	01:29:37.066		0.58676			4
2024.11.25	01:29:38.936	0.58671				2
2024.11.25	01:29:39.275	0.58670	0.58675			6
2024.11.25	01:29:40.194	0.58671				2
2024.11.25	01:29:41.402		0.58674			4
2024.11.25	01:29:42.664	0.58673	0.58676			6
2024.11.25	01:29:42.969	0.58677	0.58680			6
2024.11.25	01:29:43.271		0.58679			4
2024.11.25	01:29:43.574	0.58676	0.58678			6
2024.11.25	01:29:44.179	0.58674	0.58680			6
2024.11.25	01:29:44.783	0.58675				2
2024.11.25	01:29:46.351		0.58681			4
2024.11.25	01:29:47.224	0.58674	0.58678			6
2024.11.25	01:29:49.081	0.58669	0.58671			6
2024.11.25	01:29:50.362	0.58670	0.58672			6
2024.11.25	01:29:51.198	0.58668	0.58671			6
2024.11.25	01:29:51.855	0.58667	0.58670			6
2024.11.25	01:29:52.594	0.58666				2
2024.11.25	01:29:52.928		0.58668			4
2024.11.25	01:29:53.268		0.58670			4
2024.11.25	01:29:55.396	0.58667	0.58671			6
2024.11.25	01:29:56.054	0.58666	0.58669			6
2024.11.25	01:29:57.245	0.58664	0.58667			6
2024.11.25	01:29:58.705		0.58666			4
2024.11.25	01:30:00.405	0.58664				2
2024.11.25	01:30:01.182	0.58662	0.58665			6
2024.11.25	01:30:01.540	0.58661				2
2024.11.25	01:30:02.193		0.58666			4
2024.11.25	01:30:02.790	0.58662	0.58667			6
2024.11.25	01:30:03.090	0.58663	0.58668			6
2024.11.25	01:30:03.400	0.58662				2
2024.11.25	01:30:03.747	0.58663	0.58669			6
2024.11.25	01:30:04.049	0.58665	0.58668			6
2024.11.25	01:30:04.359		0.58667			4
2024.11.25	01:30:06.161		0.58668			4
2024.11.25	01:30:06.964	0.58663	0.58666			6
2024.11.25	01:30:07.275	0.58664	0.58667			6
2024.11.25	01:30:07.652	0.58663				2
2024.11.25	01:30:07.965	0.58664				2
2024.11.25	01:30:10.573	0.58660	0.58663			6
2024.11.25	01:30:10.889	0.58662	0.58665			6
2024.11.25	01:30:12.774	0.58661				2
2024.11.25	01:30:13.516	0.58660	0.58663			6
2024.11.25	01:30:14.482		0.58664			4
2024.11.25	01:30:15.648	0.58658	0.58661			6
2024.11.25	01:30:15.968	0.58655	0.58658			6
2024.11.25	01:30:16.593	0.58656				2
2024.11.25	01:30:16.910	0.58655				2
2024.11.25	01:30:17.661		0.58657			4
2024.11.25	01:30:19.905	0.58656	0.58658			6
2024.11.25	01:30:20.367	0.58655				2
2024.11.25	01:30:20.675	0.58654				2
2024.11.25	01:30:21.676	0.58655				2
2024.11.25	01:30:21.981	0.58654				2
2024.11.25	01:30:22.291	0.58653	0.58657			6
2024.11.25	01:30:23.815		0.58656			4
2024.11.25	01:30:25.347		0.58655			4
2024.11.25	01:30:25.647	0.58654	0.58656			6
2024.11.25	01:30:26.252	0.58655	0.58658			6
2024.11.25	01:30:26.564	0.58654	0.58657			6
2024.11.25	01:30:26.891		0.58656			4
2024.11.25	01:30:28.803		0.58657			4
2024.11.25	01:30:30.314	0.58655				2
2024.11.25	01:30:30.617	0.58654	0.58656			6
2024.11.25	01:30:33.944	0.58653	0.58655			6
2024.11.25	01:30:34.901	0.58654	0.58656			6
2024.11.25	01:30:35.204	0.58653	0.58655			6
2024.11.25	01:30:35.505	0.58654	0.58656			6
2024.11.25	01:30:35.810	0.58653	0.58655			6
2024.11.25	01:30:37.069	0.58652	0.58654			6
2024.11.25	01:30:37.373	0.58653	0.58655			6
2024.11.25	01:30:40.500	0.58654	0.58656			6
2024.11.25	01:30:40.808	0.58653	0.58655			6
2024.11.25	01:30:45.494	0.58652	0.58654			6
2024.11.25	01:30:46.402	0.58654	0.58656			6
2024.11.25	01:30:46.705	0.58655	0.58657			6
2024.11.25	01:30:47.309	0.58658	0.58662			6
2024.11.25	01:30:47.719	0.58659				2
2024.11.25	01:30:50.458	0.58655	0.58660			6
2024.11.25	01:30:50.765	0.58656				2
2024.11.25	01:30:51.782	0.58655				2
2024.11.25	01:30:52.174	0.58656				2
2024.11.25	01:30:52.484	0.58655				2
2024.11.25	01:30:52.804	0.58656				2
2024.11.25	01:30:53.242		0.58661			4
2024.11.25	01:30:53.914	0.58654	0.58660			6
2024.11.25	01:30:54.233	0.58655				2
2024.11.25	01:30:55.128	0.58657				2
2024.11.25	01:30:55.429	0.58656	0.58659			6
2024.11.25	01:30:55.733		0.58660			4
2024.11.25	01:30:56.514		0.58659			4
2024.11.25	01:30:56.826	0.58655				2
2024.11.25	01:30:57.443	0.58656				2
2024.11.25	01:30:57.746		0.58660			4
2024.11.25	01:30:58.365	0.58657	0.58661			6
2024.11.25	01:30:59.335	0.58661	0.58662			6
2024.11.25	01:30:59.637	0.58659	0.58661			6
2024.11.25	01:31:00.267	0.58661	0.58663			6
2024.11.25	01:31:00.642	0.58659	0.58660			6
2024.11.25	01:31:01.275		0.58661			4
2024.11.25	01:31:02.484		0.58662			4
2024.11.25	01:31:03.943	0.58661	0.58663			6
2024.11.25	01:31:04.853	0.58659	0.58661			6
2024.11.25	01:31:05.457	0.58660	0.58663			6
2024.11.25	01:31:08.180		0.58662			4
2024.11.25	01:31:10.905	0.58659	0.58661			6
2024.11.25	01:31:11.209	0.58658	0.58660			6
2024.11.25	01:31:12.167	0.58657	0.58661			6
2024.11.25	01:31:13.122		0.58660			4
2024.11.25	01:31:14.635	0.58661	0.58663			6
2024.11.25	01:31:15.240		0.58664			4
2024.11.25	01:31:15.671	0.58656	0.58660			6
2024.11.25	01:31:23.403	0.58658	0.58662			6
2024.11.25	01:31:23.712		0.58661			4
2024.11.25	01:31:24.362	0.58654	0.58657			6
2024.11.25	01:31:24.666	0.58653				2
2024.11.25	01:31:26.581	0.58649	0.58654			6
2024.11.25	01:31:26.883	0.58650				2
2024.11.25	01:31:28.235	0.58655	0.58657			6
2024.11.25	01:31:28.602	0.58654				2
2024.11.25	01:31:29.564	0.58656	0.58658			6
2024.11.25	01:31:32.038	0.58658	0.58662			6
2024.11.25	01:31:32.365	0.58659				2
2024.11.25	01:31:32.985	0.58655	0.58659			6
2024.11.25	01:31:33.295	0.58656				2
2024.11.25	01:31:36.239	0.58654	0.58657			6
2024.11.25	01:31:37.075		0.58658			4
2024.11.25	01:31:38.424	0.58653	0.58657			6
2024.11.25	01:31:41.509		0.58656			4
2024.11.25	01:31:42.459	0.58650	0.58655			6
2024.11.25	01:31:42.891	0.58651				2
2024.11.25	01:31:43.215	0.58652				2
2024.11.25	01:31:46.258		0.58654			4
2024.11.25	01:31:47.166	0.58650	0.58653			6
2024.11.25	01:31:49.313		0.58652			4
2024.11.25	01:31:56.932	0.58651	0.58653			6
2024.11.25	01:32:00.310	0.58652				2
2024.11.25	01:32:00.615	0.58651				2
2024.11.25	01:32:02.480	0.58649	0.58651			6
2024.11.25	01:32:10.399	0.58648	0.58650			6
2024.11.25	01:32:18.264	0.58647	0.58649			6
2024.11.25	01:32:19.224	0.58643	0.58644			6
2024.11.25	01:32:19.525	0.58644	0.58645			6
2024.11.25	01:32:20.133		0.58647			4
2024.11.25	01:32:20.464	0.58643				2
2024.11.25	01:32:21.601	0.58644				2
2024.11.25	01:32:26.266		0.58646			4
2024.11.25	01:32:26.587		0.58647			4
2024.11.25	01:32:27.249	0.58649	0.58651			6
2024.11.25	01:32:27.564		0.58652			4
2024.11.25	01:32:27.867		0.58651			4
2024.11.25	01:32:28.199		0.58652			4
2024.11.25	01:32:30.696	0.58648	0.58651			6
2024.11.25	01:32:32.444	0.58649	0.58652			6
2024.11.25	01:32:33.937		0.58651			4
2024.11.25	01:32:34.241	0.58648				2
2024.11.25	01:32:36.071	0.58649				2
2024.11.25	01:32:36.996	0.58647	0.58650			6
2024.11.25	01:32:37.299	0.58645	0.58649			6
2024.11.25	01:32:37.933	0.58646				2
2024.11.25	01:32:38.239	0.58645				2
2024.11.25	01:32:38.541	0.58644	0.58647			6
2024.11.25	01:32:39.194		0.58648			4
2024.11.25	01:32:39.501	0.58643				2
2024.11.25	01:32:39.836	0.58646	0.58649			6
2024.11.25	01:32:40.593	0.58643	0.58647			6
2024.11.25	01:32:42.120	0.58644				2
2024.11.25	01:32:42.422	0.58646	0.58648			6
2024.11.25	01:32:43.381		0.58649			4
2024.11.25	01:32:46.171		0.58648			4
2024.11.25	01:32:46.477		0.58649			4
2024.11.25	01:32:47.418		0.58648			4
2024.11.25	01:32:49.233		0.58647			4
2024.11.25	01:32:49.537		0.58648			4
2024.11.25	01:32:50.191	0.58648	0.58649			6
2024.11.25	01:32:50.495		0.58650			4
2024.11.25	01:32:50.795	0.58649	0.58651			6
2024.11.25	01:32:51.403		0.58652			4
2024.11.25	01:32:51.852	0.58650				2
2024.11.25	01:32:52.905	0.58649				2
2024.11.25	01:32:54.513	0.58647	0.58651			6
2024.11.25	01:32:54.821	0.58649	0.58652			6
2024.11.25	01:32:55.384		0.58651			4
2024.11.25	01:32:58.414		0.58650			4
2024.11.25	01:33:00.226	0.58649				2
2024.11.25	01:33:01.488		0.58651			4
2024.11.25	01:33:07.943	0.58646	0.58648			6
2024.11.25	01:33:08.245	0.58645	0.58647			6
2024.11.25	01:33:09.153		0.58649			4
2024.11.25	01:33:12.355	0.58649	0.58652			6
2024.11.25	01:33:12.665		0.58653			4
2024.11.25	01:33:15.488	0.58645	0.58649			6
2024.11.25	01:33:15.794	0.58646				2
2024.11.25	01:33:17.149	0.58645				2
2024.11.25	01:33:17.813		0.58648			4
2024.11.25	01:33:20.719	0.58646				2
2024.11.25	01:33:21.752		0.58649			4
2024.11.25	01:33:26.996	0.58645				2
2024.11.25	01:33:27.410		0.58648			4
2024.11.25	01:33:28.319	0.58646				2
2024.11.25	01:33:29.225	0.58647				2
2024.11.25	01:33:29.530	0.58646				2
2024.11.25	01:33:29.832	0.58647				2
2024.11.25	01:33:30.135	0.58646				2
2024.11.25	01:33:30.759	0.58647	0.58649			6
2024.11.25	01:33:31.699	0.58646	0.58648			6
2024.11.25	01:33:33.513	0.58647	0.58649			6
2024.11.25	01:33:34.420	0.58643	0.58645			6
2024.11.25	01:33:36.239		0.58646			4
2024.11.25	01:33:42.661		0.58645			4
2024.11.25	01:33:43.267		0.58644			4
2024.11.25	01:33:45.082	0.58642				2
2024.11.25	01:33:45.687	0.58639	0.58641			6
2024.11.25	01:33:45.992	0.58638	0.58640			6
2024.11.25	01:33:47.231		0.58641			4
2024.11.25	01:33:52.754	0.58636				2
2024.11.25	01:33:53.062	0.58638				2
2024.11.25	01:33:53.468	0.58637				2
2024.11.25	01:33:54.216		0.58640			4
2024.11.25	01:33:54.538	0.58639				2
2024.11.25	01:33:55.447	0.58638				2
2024.11.25	01:33:55.751	0.58637				2
2024.11.25	01:33:56.053	0.58638				2
2024.11.25	01:33:57.269	0.58639				2
2024.11.25	01:33:58.222	0.58640	0.58642			6
2024.11.25	01:34:00.039	0.58640				2
2024.11.25	01:34:00.341	0.58639				2
2024.11.25	01:34:00.645	0.58636	0.58640			6
2024.11.25	01:34:01.299	0.58637				2
2024.11.25	01:34:01.601	0.58638	0.58639			6
2024.11.25	01:34:01.906	0.58635	0.58637			6
2024.11.25	01:34:02.239	0.58634	0.58636			6
2024.11.25	01:34:03.168		0.58637			4
2024.11.25	01:34:07.622	0.58632	0.58636			6
2024.11.25	01:34:09.579	0.58633				2
2024.11.25	01:34:10.379		0.58635			4
2024.11.25	01:34:11.589	0.58629	0.58631			6
2024.11.25	01:34:12.192		0.58632			4
2024.11.25	01:34:14.271		0.58630			4
2024.11.25	01:34:14.574	0.58630	0.58631			6
2024.11.25	01:34:21.348	0.58629				2
2024.11.25	01:34:21.971		0.58630			4
2024.11.25	01:34:22.889		0.58631			4
2024.11.25	01:34:23.764		0.58630			4
2024.11.25	01:34:24.402	0.58625	0.58626			6
2024.11.25	01:34:25.307		0.58628			4
2024.11.25	01:34:27.236	0.58627	0.58630			6
2024.11.25	01:34:28.157	0.58626				2
2024.11.25	01:34:28.504	0.58627				2
2024.11.25	01:34:29.182	0.58628	0.58631			6
2024.11.25	01:34:30.764	0.58634	0.58636			6
2024.11.25	01:34:32.544	0.58636	0.58637			6
2024.11.25	01:34:33.332		0.58640			4
2024.11.25	01:34:33.639	0.58638				2
2024.11.25	01:34:33.979	0.58637				2
2024.11.25	01:34:36.349	0.58639				2
2024.11.25	01:34:38.276	0.58637				2
2024.11.25	01:34:38.577	0.58638				2
2024.11.25	01:34:38.923	0.58637	0.58641			6
2024.11.25	01:34:40.484		0.58640			4
2024.11.25	01:34:41.362	0.58638	0.58641			6
2024.11.25	01:34:42.198	0.58639				2
2024.11.25	01:34:42.503	0.58638				2
2024.11.25	01:34:43.403		0.58640			4
2024.11.25	01:34:45.516	0.58637	0.58639			6
2024.11.25	01:34:45.822	0.58634	0.58636			6
2024.11.25	01:34:46.122	0.58633	0.58635			6
2024.11.25	01:34:46.425		0.58636			4
2024.11.25	01:34:47.028	0.58634				2
2024.11.25	01:34:47.332		0.58637			4
2024.11.25	01:34:50.086	0.58633				2
2024.11.25	01:34:50.403	0.58634	0.58636			6
2024.11.25	01:34:51.313	0.58635	0.58637			6
2024.11.25	01:34:51.975	0.58638	0.58640			6
2024.11.25	01:34:52.281	0.58637				2
2024.11.25	01:34:54.135	0.58636				2
2024.11.25	01:34:54.901	0.58639	0.58641			6
2024.11.25	01:34:55.548	0.58638				2
2024.11.25	01:34:55.931	0.58635	0.58639			6
2024.11.25	01:34:56.244	0.58639	0.58640			6
2024.11.25	01:34:56.552		0.58641			4
2024.11.25	01:34:58.066	0.58638				2
2024.11.25	01:34:58.438	0.58635	0.58639			6
2024.11.25	01:34:58.747		0.58637			4
2024.11.25	01:34:59.051		0.58638			4
2024.11.25	01:35:00.108	0.58635				2
2024.11.25	01:35:00.935	0.58638	0.58641			6
2024.11.25	01:35:01.257	0.58639	0.58642			6
2024.11.25	01:35:03.528	0.58637	0.58641			6
2024.11.25	01:35:03.839	0.58638				2
2024.11.25	01:35:07.929	0.58639				2
2024.11.25	01:35:08.299	0.58638				2
2024.11.25	01:35:09.474	0.58637	0.58640			6
2024.11.25	01:35:09.787	0.58638				2
2024.11.25	01:35:11.298	0.58635	0.58637			6
2024.11.25	01:35:11.607	0.58634	0.58636			6
2024.11.25	01:35:11.909	0.58635	0.58637			6
2024.11.25	01:35:12.238	0.58634	0.58638			6
2024.11.25	01:35:12.958	0.58638	0.58640			6
2024.11.25	01:35:13.821	0.58633	0.58636			6
2024.11.25	01:35:14.154	0.58634				2
2024.11.25	01:35:25.392	0.58633	0.58634			6
2024.11.25	01:35:25.697	0.58637	0.58639			6
2024.11.25	01:35:26.301	0.58638	0.58640			6
2024.11.25	01:35:28.097	0.58637				2
2024.11.25	01:35:30.092	0.58639	0.58641			6
2024.11.25	01:35:34.359		0.58640			4
2024.11.25	01:35:34.666	0.58634	0.58635			6
2024.11.25	01:35:34.970	0.58639	0.58640			6
2024.11.25	01:35:35.288	0.58643	0.58646			6
2024.11.25	01:35:35.609	0.58644				2
2024.11.25	01:35:36.265	0.58641	0.58643			6
2024.11.25	01:35:36.599	0.58640				2
2024.11.25	01:35:36.913	0.58638	0.58641			6
2024.11.25	01:35:37.284	0.58635	0.58639			6
2024.11.25	01:35:37.904		0.58638			4
2024.11.25	01:35:38.539	0.58634				2
2024.11.25	01:35:38.845	0.58635				2
2024.11.25	01:35:42.016	0.58639	0.58641			6
2024.11.25	01:35:42.325	0.58640				2
2024.11.25	01:35:43.040	0.58638				2
2024.11.25	01:35:43.342	0.58635	0.58639			6
2024.11.25	01:35:45.266		0.58638			4
2024.11.25	01:35:49.777	0.58640	0.58643			6
2024.11.25	01:35:50.102	0.58641				2
2024.11.25	01:35:51.124	0.58640				2
2024.11.25	01:35:51.428	0.58641				2
2024.11.25	01:35:58.718	0.58645	0.58646			6
2024.11.25	01:35:59.341		0.58647			4
2024.11.25	01:35:59.952		0.58648			4
2024.11.25	01:36:00.279	0.58645	0.58647			6
2024.11.25	01:36:00.603	0.58644	0.58646			6
2024.11.25	01:36:00.909	0.58642	0.58645			6
2024.11.25	01:36:01.258	0.58644	0.58646			6
2024.11.25	01:36:02.563	0.58640	0.58643			6
2024.11.25	01:36:02.865		0.58645			4
2024.11.25	01:36:03.184	0.58641				2
2024.11.25	01:36:03.489	0.58640				2
2024.11.25	01:36:03.844	0.58643				2
2024.11.25	01:36:08.130	0.58641	0.58643			6
2024.11.25	01:36:08.444		0.58642			4
2024.11.25	01:36:09.363		0.58643			4
2024.11.25	01:36:10.269	0.58640				2
2024.11.25	01:36:10.876	0.58641				2
2024.11.25	01:36:11.480		0.58644			4
2024.11.25	01:36:11.831	0.58643	0.58645			6
2024.11.25	01:36:12.137		0.58646			4
2024.11.25	01:36:12.487	0.58642	0.58645			6
2024.11.25	01:36:12.790	0.58641				2
2024.11.25	01:36:13.444	0.58643				2
2024.11.25	01:36:15.256	0.58644				2
2024.11.25	01:36:22.558	0.58642	0.58644			6
2024.11.25	01:36:24.374	0.58644	0.58645			6
2024.11.25	01:36:24.677	0.58643				2
2024.11.25	01:36:24.978	0.58641	0.58643			6
2024.11.25	01:36:26.539	0.58642				2
2024.11.25	01:36:29.259	0.58641				2
2024.11.25	01:36:32.634	0.58638	0.58640			6
2024.11.25	01:36:33.238	0.58637	0.58641			6
2024.11.25	01:36:33.540	0.58638				2
2024.11.25	01:36:37.167	0.58635	0.58639			6
2024.11.25	01:36:37.469	0.58636				2
2024.11.25	01:36:37.773	0.58637	0.58640			6
2024.11.25	01:36:39.585	0.58638	0.58639			6
2024.11.25	01:36:39.887	0.58637	0.58640			6
2024.11.25	01:36:42.053	0.58641	0.58642			6
2024.11.25	01:36:42.358	0.58644	0.58647			6
2024.11.25	01:36:43.314		0.58649			4
2024.11.25	01:36:44.346	0.58643	0.58648			6
2024.11.25	01:36:45.860	0.58644	0.58649			6
2024.11.25	01:36:47.904	0.58643	0.58648			6
2024.11.25	01:36:50.664	0.58646	0.58650			6
2024.11.25	01:36:50.965	0.58647	0.58651			6
2024.11.25	01:36:51.270		0.58652			4
2024.11.25	01:36:52.068	0.58645	0.58650			6
2024.11.25	01:36:53.639		0.58651			4
2024.11.25	01:36:54.297		0.58650			4
2024.11.25	01:36:54.646	0.58644	0.58649			6
2024.11.25	01:36:55.252	0.58645	0.58650			6
2024.11.25	01:36:56.208	0.58646				2
2024.11.25	01:36:58.323		0.58649			4
2024.11.25	01:37:00.139	0.58647				2
2024.11.25	01:37:00.768	0.58646	0.58648			6
2024.11.25	01:37:01.398	0.58645				2
2024.11.25	01:37:02.305	0.58646				2
2024.11.25	01:37:02.607	0.58645	0.58647			6
2024.11.25	01:37:02.908	0.58644	0.58646			6
2024.11.25	01:37:05.051	0.58649	0.58652			6
2024.11.25	01:37:05.719	0.58651	0.58653			6
2024.11.25	01:37:06.025	0.58652	0.58655			6
2024.11.25	01:37:06.335	0.58651	0.58656			6
2024.11.25	01:37:08.207	0.58654	0.58659			6
2024.11.25	01:37:08.933	0.58653				2
2024.11.25	01:37:10.425	0.58654				2
2024.11.25	01:37:11.146	0.58653	0.58658			6
2024.11.25	01:37:11.464	0.58654	0.58659			6
2024.11.25	01:37:12.251	0.58653				2
2024.11.25	01:37:12.586		0.58658			4
2024.11.25	01:37:13.645	0.58654				2
2024.11.25	01:37:14.868	0.58650	0.58655			6
2024.11.25	01:37:15.752	0.58651	0.58656			6
2024.11.25	01:37:16.785	0.58652				2
2024.11.25	01:37:17.099	0.58651				2
2024.11.25	01:37:18.506	0.58654	0.58657			6
2024.11.25	01:37:20.131		0.58656			4
2024.11.25	01:37:26.235	0.58655				2
2024.11.25	01:37:26.539	0.58657	0.58659			6
2024.11.25	01:37:27.144	0.58656	0.58660			6
2024.11.25	01:37:27.747	0.58657	0.58661			6
2024.11.25	01:37:28.068	0.58656	0.58659			6
2024.11.25	01:37:28.403	0.58657				2
2024.11.25	01:37:29.007	0.58656				2
2024.11.25	01:37:29.310	0.58655	0.58658			6
2024.11.25	01:37:31.124	0.58656				2
2024.11.25	01:37:35.456	0.58657				2
2024.11.25	01:37:35.758	0.58656				2
2024.11.25	01:37:36.965	0.58655	0.58657			6
2024.11.25	01:37:38.176	0.58656	0.58658			6
2024.11.25	01:37:38.477	0.58655	0.58657			6
