<DATE>	<TIME>	<BID>	<ASK>	<LAST>	<VOLUME>	<FLAGS>
2024.07.10	00:00:01.507	0.61218	0.61271			6
2024.07.10	00:00:01.546	0.61192	0.61360			6
2024.07.10	00:00:12.569	0.61147	0.61347			6
2024.07.10	00:00:52.622	0.61169	0.61352			6
2024.07.10	00:01:00.992	0.61169	0.61353			6
2024.07.10	00:01:19.524		0.61355			4
2024.07.10	00:02:01.029	0.61169				2
2024.07.10	00:02:02.574	0.61174	0.61353			6
2024.07.10	00:02:05.389		0.61352			4
2024.07.10	00:02:10.411		0.61349			4
2024.07.10	00:02:14.617		0.61350			4
2024.07.10	00:03:03.507	0.61174				2
2024.07.10	00:03:05.413		0.61359			4
2024.07.10	00:04:01.153	0.61174				2
2024.07.10	00:04:31.017		0.61359			4
2024.07.10	00:04:52.222	0.61194	0.61349			6
2024.07.10	00:05:00.565	0.61194				2
2024.07.10	00:05:32.065	0.61215				2
2024.07.10	00:05:38.810		0.61334			4
2024.07.10	00:05:48.552	0.61211				2
2024.07.10	00:05:48.945	0.61213				2
2024.07.10	00:05:53.168		0.61333			4
2024.07.10	00:05:56.712	0.61230	0.61337			6
2024.07.10	00:06:00.366	0.61230				2
2024.07.10	00:07:00.376	0.61230	0.61337			6
2024.07.10	00:07:39.024	0.61242	0.61329			6
2024.07.10	00:07:40.052	0.61241	0.61328			6
2024.07.10	00:07:52.377	0.61237	0.61332			6
2024.07.10	00:07:59.676		0.61331			4
2024.07.10	00:08:01.777	0.61238				2
2024.07.10	00:08:03.126	0.61236	0.61329			6
2024.07.10	00:08:04.177		0.61330			4
2024.07.10	00:08:14.081	0.61237				2
2024.07.10	00:08:20.619	0.61236	0.61329			6
2024.07.10	00:08:23.678	0.61237				2
2024.07.10	00:08:30.860	0.61236				2
2024.07.10	00:08:35.763	0.61230	0.61290			6
2024.07.10	00:08:46.157	0.61206				2
2024.07.10	00:08:47.338	0.61209				2
2024.07.10	00:08:50.765	0.61213				2
2024.07.10	00:08:51.349	0.61216				2
2024.07.10	00:08:51.838	0.61213				2
2024.07.10	00:08:57.511	0.61217				2
2024.07.10	00:09:00.945	0.61211				2
2024.07.10	00:09:01.484	0.61215				2
2024.07.10	00:09:01.948	0.61209				2
2024.07.10	00:09:11.043	0.61214				2
2024.07.10	00:09:11.542	0.61213				2
2024.07.10	00:09:12.087	0.61211				2
2024.07.10	00:09:15.413		0.61289			4
2024.07.10	00:09:17.114	0.61210	0.61290			6
2024.07.10	00:09:29.991	0.61218	0.61274			6
2024.07.10	00:10:01.627	0.61218				2
2024.07.10	00:10:04.395	0.61203	0.61298			6
2024.07.10	00:10:05.348		0.61295			4
2024.07.10	00:10:06.821	0.61204				2
2024.07.10	00:10:07.779		0.61294			4
2024.07.10	00:10:09.448		0.61296			4
2024.07.10	00:10:10.916		0.61294			4
2024.07.10	00:10:13.823	0.61207				2
2024.07.10	00:10:22.970	0.61217				2
2024.07.10	00:10:24.083		0.61295			4
2024.07.10	00:10:24.393	0.61211				2
2024.07.10	00:10:27.277		0.61296			4
2024.07.10	00:10:27.822	0.61212				2
2024.07.10	00:10:29.869	0.61218				2
2024.07.10	00:10:33.522	0.61216				2
2024.07.10	00:10:35.793		0.61290			4
2024.07.10	00:10:42.706	0.61220	0.61286			6
2024.07.10	00:10:43.209	0.61225				2
2024.07.10	00:10:46.338	0.61219	0.61292			6
2024.07.10	00:10:52.148		0.61286			4
2024.07.10	00:10:54.109		0.61287			4
2024.07.10	00:10:56.794		0.61292			4
2024.07.10	00:10:57.180	0.61221	0.61294			6
2024.07.10	00:10:57.686	0.61222				2
2024.07.10	00:11:00.028	0.61222				2
2024.07.10	00:11:11.058	0.61219	0.61290			6
2024.07.10	00:11:12.319		0.61288			4
2024.07.10	00:11:20.401		0.61284			4
2024.07.10	00:12:00.963	0.61219				2
2024.07.10	00:12:04.905		0.61283			4
2024.07.10	00:12:09.577		0.61284			4
2024.07.10	00:12:20.627		0.61283			4
2024.07.10	00:12:48.533		0.61291			4
2024.07.10	00:12:48.839		0.61292			4
2024.07.10	00:12:50.078		0.61293			4
2024.07.10	00:12:50.406		0.61285			4
2024.07.10	00:12:58.535		0.61284			4
2024.07.10	00:13:00.366	0.61219				2
2024.07.10	00:13:06.383		0.61282			4
2024.07.10	00:13:31.263		0.61283			4
2024.07.10	00:13:52.539	0.61222				2
2024.07.10	00:13:52.864	0.61219				2
2024.07.10	00:13:59.143		0.61281			4
2024.07.10	00:14:01.011	0.61219				2
2024.07.10	00:14:41.065	0.61215	0.61279			6
2024.07.10	00:14:48.925		0.61281			4
2024.07.10	00:15:00.516	0.61216				2
2024.07.10	00:15:01.207		0.61282			4
2024.07.10	00:15:09.009	0.61215				2
2024.07.10	00:15:31.133		0.61281			4
2024.07.10	00:15:32.002	0.61216	0.61280			6
2024.07.10	00:15:37.178		0.61279			4
2024.07.10	00:15:40.776	0.61217	0.61280			6
2024.07.10	00:15:42.177		0.61281			4
2024.07.10	00:15:44.500		0.61280			4
2024.07.10	00:15:49.065		0.61279			4
2024.07.10	00:15:56.723		0.61280			4
2024.07.10	00:16:08.142	0.61217	0.61286			6
2024.07.10	00:16:08.705		0.61285			4
2024.07.10	00:16:09.843		0.61283			4
2024.07.10	00:16:11.407		0.61282			4
2024.07.10	00:16:18.495		0.61283			4
2024.07.10	00:16:20.678		0.61282			4
2024.07.10	00:16:22.393		0.61281			4
2024.07.10	00:16:23.514		0.61282			4
2024.07.10	00:16:24.230		0.61281			4
2024.07.10	00:16:24.719		0.61282			4
2024.07.10	00:16:32.183		0.61283			4
2024.07.10	00:16:33.760		0.61282			4
2024.07.10	00:16:49.404		0.61284			4
2024.07.10	00:16:51.714	0.61216	0.61283			6
2024.07.10	00:17:00.510	0.61217	0.61284			6
2024.07.10	00:17:09.031	0.61216				2
2024.07.10	00:17:09.601	0.61217				2
2024.07.10	00:17:19.796	0.61218				2
2024.07.10	00:17:21.534	0.61217				2
2024.07.10	00:17:48.280	0.61219				2
2024.07.10	00:17:49.427	0.61218	0.61286			6
2024.07.10	00:17:49.788		0.61285			4
2024.07.10	00:17:51.199	0.61217				2
2024.07.10	00:17:55.776		0.61284			4
2024.07.10	00:18:01.028	0.61218	0.61285			6
2024.07.10	00:18:04.231	0.61217				2
2024.07.10	00:18:06.494	0.61219				2
2024.07.10	00:18:08.280	0.61218				2
2024.07.10	00:18:08.731	0.61221				2
2024.07.10	00:18:22.250	0.61222				2
2024.07.10	00:18:27.891	0.61221				2
2024.07.10	00:18:41.400	0.61222				2
2024.07.10	00:18:43.888	0.61223				2
2024.07.10	00:18:59.206	0.61222				2
2024.07.10	00:19:00.007	0.61223				2
2024.07.10	00:19:00.337	0.61222				2
2024.07.10	00:19:01.464		0.61285			4
2024.07.10	00:19:05.671	0.61223				2
2024.07.10	00:19:06.858	0.61222				2
2024.07.10	00:19:11.020	0.61224				2
2024.07.10	00:19:11.521	0.61222				2
2024.07.10	00:19:29.129	0.61221				2
2024.07.10	00:19:31.198	0.61222				2
2024.07.10	00:19:32.748	0.61224				2
2024.07.10	00:19:37.422	0.61222				2
2024.07.10	00:19:47.280	0.61220				2
2024.07.10	00:20:03.505	0.61220	0.61285			6
2024.07.10	00:20:21.071	0.61221				2
2024.07.10	00:20:29.132	0.61220				2
2024.07.10	00:20:34.770	0.61221				2
2024.07.10	00:20:39.121	0.61220				2
2024.07.10	00:20:41.202	0.61221				2
2024.07.10	00:20:57.963	0.61220				2
2024.07.10	00:21:00.394	0.61220				2
2024.07.10	00:21:02.874	0.61223				2
2024.07.10	00:21:04.349		0.61285			4
2024.07.10	00:21:08.091	0.61222				2
2024.07.10	00:21:09.649	0.61223				2
2024.07.10	00:21:10.827	0.61222				2
2024.07.10	00:21:29.730	0.61221				2
2024.07.10	00:21:31.078	0.61222				2
2024.07.10	00:21:48.500	0.61221				2
2024.07.10	00:21:51.188	0.61222				2
2024.07.10	00:21:51.624	0.61224	0.61288			6
2024.07.10	00:22:01.176	0.61224	0.61285			6
2024.07.10	00:22:27.733		0.61288			4
2024.07.10	00:22:28.987		0.61284			4
2024.07.10	00:22:35.435	0.61223				2
2024.07.10	00:22:45.327	0.61224				2
2024.07.10	00:22:47.027		0.61288			4
2024.07.10	00:22:49.803		0.61284			4
2024.07.10	00:22:57.378	0.61223				2
2024.07.10	00:23:01.200	0.61223				2
2024.07.10	00:23:13.227	0.61224	0.61288			6
2024.07.10	00:23:17.132		0.61285			4
2024.07.10	00:23:17.937		0.61282			4
2024.07.10	00:23:49.707	0.61222	0.61284			6
2024.07.10	00:23:50.204		0.61283			4
2024.07.10	00:24:01.453	0.61222				2
2024.07.10	00:24:05.128	0.61221				2
2024.07.10	00:24:10.227	0.61222				2
2024.07.10	00:24:53.131		0.61283			4
2024.07.10	00:25:00.283	0.61222				2
2024.07.10	00:25:00.845	0.61223				2
2024.07.10	00:25:09.895	0.61222				2
2024.07.10	00:25:26.129	0.61221				2
2024.07.10	00:25:28.532	0.61222				2
2024.07.10	00:25:41.414	0.61223	0.61285			6
2024.07.10	00:25:50.249		0.61284			4
2024.07.10	00:25:50.562	0.61222				2
2024.07.10	00:25:51.539		0.61283			4
2024.07.10	00:26:04.177	0.61222				2
2024.07.10	00:26:05.456	0.61223	0.61285			6
2024.07.10	00:26:07.674		0.61283			4
2024.07.10	00:26:08.086	0.61224	0.61285			6
2024.07.10	00:26:10.064		0.61283			4
2024.07.10	00:26:10.412	0.61223				2
2024.07.10	00:26:11.428	0.61222				2
2024.07.10	00:26:12.676	0.61220				2
2024.07.10	00:26:26.402	0.61221				2
2024.07.10	00:26:28.629	0.61222				2
2024.07.10	00:26:31.642	0.61221				2
2024.07.10	00:26:45.535	0.61220				2
2024.07.10	00:26:50.241		0.61282			4
2024.07.10	00:26:54.440	0.61221				2
2024.07.10	00:26:56.439	0.61220				2
2024.07.10	00:26:59.658	0.61221	0.61283			6
2024.07.10	00:27:05.169	0.61221				2
2024.07.10	00:27:09.807	0.61222				2
2024.07.10	00:27:59.706	0.61223	0.61283			6
2024.07.10	00:28:00.382	0.61223				2
2024.07.10	00:28:06.189	0.61220				2
2024.07.10	00:28:11.602	0.61219				2
2024.07.10	00:28:19.960	0.61220				2
2024.07.10	00:28:28.834	0.61219				2
2024.07.10	00:28:30.668	0.61220				2
2024.07.10	00:28:43.178	0.61219				2
2024.07.10	00:28:44.443	0.61220				2
2024.07.10	00:28:49.581	0.61219				2
2024.07.10	00:28:59.637	0.61220				2
2024.07.10	00:29:00.895	0.61219	0.61283			6
2024.07.10	00:29:05.128	0.61220				2
2024.07.10	00:29:11.059	0.61219				2
2024.07.10	00:29:11.696	0.61218				2
2024.07.10	00:29:21.330	0.61219				2
2024.07.10	00:29:31.192	0.61218				2
2024.07.10	00:29:41.255	0.61219				2
2024.07.10	00:29:53.161	0.61220				2
2024.07.10	00:29:59.582	0.61218				2
2024.07.10	00:30:00.379	0.61218	0.61278			6
2024.07.10	00:30:05.125	0.61217				2
2024.07.10	00:30:10.982		0.61276			4
2024.07.10	00:30:21.168	0.61215	0.61275			6
2024.07.10	00:30:52.485	0.61214				2
2024.07.10	00:31:00.927	0.61214				2
2024.07.10	00:31:08.150		0.61274			4
2024.07.10	00:31:08.458		0.61275			4
2024.07.10	00:31:08.826	0.61215				2
2024.07.10	00:31:09.720	0.61214				2
2024.07.10	00:31:14.976	0.61215	0.61273			6
2024.07.10	00:31:15.381		0.61275			4
2024.07.10	00:31:18.500	0.61214				2
2024.07.10	00:31:19.836	0.61216				2
2024.07.10	00:31:20.149	0.61215				2
2024.07.10	00:31:20.638		0.61274			4
2024.07.10	00:31:24.123		0.61273			4
2024.07.10	00:31:27.132		0.61274			4
2024.07.10	00:31:29.504	0.61214	0.61273			6
2024.07.10	00:31:30.125	0.61215				2
2024.07.10	00:31:32.080	0.61214				2
2024.07.10	00:31:34.181		0.61274			4
2024.07.10	00:31:44.128		0.61273			4
2024.07.10	00:31:51.176	0.61215				2
2024.07.10	00:31:52.478	0.61214				2
2024.07.10	00:32:00.033	0.61216	0.61274			6
2024.07.10	00:32:04.180	0.61215				2
2024.07.10	00:32:09.588	0.61216	0.61273			6
2024.07.10	00:32:11.081	0.61215				2
2024.07.10	00:32:12.245	0.61219				2
2024.07.10	00:32:13.757	0.61218				2
2024.07.10	00:32:14.546	0.61217	0.61275			6
2024.07.10	00:32:19.629	0.61216	0.61272			6
2024.07.10	00:32:35.428	0.61215				2
2024.07.10	00:32:35.747		0.61273			4
2024.07.10	00:32:37.180		0.61272			4
2024.07.10	00:32:44.835	0.61216				2
2024.07.10	00:32:59.129	0.61217				2
2024.07.10	00:32:59.606	0.61215				2
2024.07.10	00:33:00.064	0.61216				2
2024.07.10	00:33:04.103	0.61214	0.61271			6
2024.07.10	00:33:04.778	0.61215	0.61272			6
2024.07.10	00:33:08.119		0.61271			4
2024.07.10	00:33:08.777	0.61216	0.61273			6
2024.07.10	00:33:09.201	0.61217	0.61272			6
2024.07.10	00:33:09.502	0.61218	0.61275			6
2024.07.10	00:33:14.993	0.61222				2
2024.07.10	00:33:15.336		0.61276			4
2024.07.10	00:33:15.683		0.61278			4
2024.07.10	00:33:17.012		0.61277			4
2024.07.10	00:33:19.447		0.61278			4
2024.07.10	00:33:19.982	0.61223				2
2024.07.10	00:33:30.629		0.61279			4
2024.07.10	00:33:31.227	0.61222				2
2024.07.10	00:33:35.380	0.61223				2
2024.07.10	00:33:37.200	0.61222				2
2024.07.10	00:33:42.173	0.61226	0.61280			6
2024.07.10	00:33:45.629	0.61225				2
2024.07.10	00:33:47.701	0.61229	0.61282			6
2024.07.10	00:33:50.519		0.61281			4
2024.07.10	00:33:53.070		0.61280			4
2024.07.10	00:33:58.862		0.61282			4
2024.07.10	00:34:01.999	0.61229	0.61279			6
2024.07.10	00:34:41.075		0.61278			4
2024.07.10	00:34:45.516		0.61279			4
2024.07.10	00:34:48.000		0.61278			4
2024.07.10	00:34:49.354		0.61279			4
2024.07.10	00:34:53.608		0.61282			4
2024.07.10	00:34:54.027		0.61279			4
2024.07.10	00:35:00.278	0.61229				2
2024.07.10	00:35:05.643		0.61276			4
2024.07.10	00:35:06.599		0.61277			4
2024.07.10	00:35:07.564		0.61276			4
2024.07.10	00:35:15.549		0.61275			4
2024.07.10	00:35:21.333		0.61276			4
2024.07.10	00:35:43.784		0.61275			4
2024.07.10	00:35:45.875		0.61276			4
2024.07.10	00:35:47.698		0.61275			4
2024.07.10	00:36:03.049	0.61229	0.61276			6
2024.07.10	00:36:05.603		0.61275			4
2024.07.10	00:36:21.019		0.61272			4
2024.07.10	00:36:21.601		0.61273			4
2024.07.10	00:36:27.142		0.61272			4
2024.07.10	00:36:27.619		0.61273			4
2024.07.10	00:36:30.164		0.61272			4
2024.07.10	00:36:31.332		0.61271			4
2024.07.10	00:37:02.679	0.61229				2
2024.07.10	00:37:08.466		0.61272			4
2024.07.10	00:37:08.957		0.61270			4
2024.07.10	00:37:09.461		0.61272			4
2024.07.10	00:37:10.904		0.61271			4
2024.07.10	00:37:21.596		0.61272			4
2024.07.10	00:37:25.187		0.61273			4
2024.07.10	00:37:25.528		0.61272			4
2024.07.10	00:37:27.241		0.61273			4
2024.07.10	00:37:27.878		0.61272			4
2024.07.10	00:37:34.178		0.61271			4
2024.07.10	00:37:45.281		0.61272			4
2024.07.10	00:37:52.467		0.61271			4
2024.07.10	00:37:56.921		0.61274			4
2024.07.10	00:37:57.404		0.61273			4
2024.07.10	00:37:58.778		0.61274			4
2024.07.10	00:38:00.454	0.61229	0.61275			6
2024.07.10	00:38:08.980		0.61274			4
2024.07.10	00:38:18.579		0.61273			4
2024.07.10	00:38:38.210		0.61272			4
2024.07.10	00:38:48.301		0.61271			4
2024.07.10	00:38:48.886		0.61272			4
2024.07.10	00:38:49.573		0.61273			4
2024.07.10	00:38:51.287		0.61272			4
2024.07.10	00:38:58.485		0.61273			4
2024.07.10	00:39:03.440	0.61229	0.61272			6
2024.07.10	00:39:06.181	0.61234	0.61275			6
2024.07.10	00:39:06.509		0.61277			4
2024.07.10	00:39:07.482		0.61276			4
2024.07.10	00:39:08.557		0.61277			4
2024.07.10	00:39:16.179		0.61276			4
2024.07.10	00:39:42.586		0.61277			4
2024.07.10	00:39:57.344		0.61276			4
2024.07.10	00:39:59.051		0.61277			4
2024.07.10	00:40:01.444	0.61234				2
2024.07.10	00:40:01.794		0.61276			4
2024.07.10	00:40:02.159		0.61277			4
2024.07.10	00:40:06.301		0.61276			4
2024.07.10	00:40:31.247		0.61275			4
2024.07.10	00:40:32.077		0.61276			4
2024.07.10	00:40:34.434		0.61277			4
2024.07.10	00:40:36.285		0.61276			4
2024.07.10	00:40:38.301		0.61277			4
2024.07.10	00:40:38.631		0.61276			4
2024.07.10	00:40:46.320		0.61277			4
2024.07.10	00:40:49.141		0.61278			4
2024.07.10	00:40:49.445		0.61277			4
2024.07.10	00:40:52.542		0.61276			4
2024.07.10	00:40:53.935		0.61278			4
2024.07.10	00:40:55.363		0.61277			4
2024.07.10	00:40:57.008		0.61276			4
2024.07.10	00:41:00.344	0.61234	0.61277			6
2024.07.10	00:41:00.734		0.61276			4
2024.07.10	00:41:08.745		0.61278			4
2024.07.10	00:41:09.249		0.61279			4
2024.07.10	00:41:09.764		0.61280			4
2024.07.10	00:41:10.517		0.61279			4
2024.07.10	00:41:25.514		0.61280			4
2024.07.10	00:41:25.838		0.61279			4
2024.07.10	00:41:30.799		0.61280			4
2024.07.10	00:41:44.678		0.61281			4
2024.07.10	00:41:46.159		0.61280			4
2024.07.10	00:42:00.275	0.61235	0.61282			6
2024.07.10	00:42:01.503		0.61281			4
2024.07.10	00:42:03.855	0.61234				2
2024.07.10	00:42:04.449	0.61235	0.61282			6
2024.07.10	00:42:08.379		0.61283			4
2024.07.10	00:42:10.777		0.61282			4
2024.07.10	00:42:19.240	0.61239	0.61283			6
2024.07.10	00:42:19.543		0.61284			4
2024.07.10	00:42:21.003		0.61283			4
2024.07.10	00:42:37.536	0.61234	0.61280			6
2024.07.10	00:42:37.889		0.61279			4
2024.07.10	00:42:38.552		0.61278			4
2024.07.10	00:42:43.178		0.61279			4
2024.07.10	00:42:48.580		0.61278			4
2024.07.10	00:42:49.101	0.61232	0.61274			6
2024.07.10	00:42:49.422		0.61276			4
2024.07.10	00:42:50.034		0.61277			4
2024.07.10	00:42:50.682		0.61276			4
2024.07.10	00:42:51.041		0.61274			4
2024.07.10	00:42:52.349		0.61273			4
2024.07.10	00:42:52.681	0.61227	0.61274			6
2024.07.10	00:42:54.928		0.61273			4
2024.07.10	00:42:56.581		0.61274			4
2024.07.10	00:42:57.030	0.61226	0.61273			6
2024.07.10	00:42:59.982		0.61274			4
2024.07.10	00:43:00.360	0.61226	0.61273			6
2024.07.10	00:43:01.938		0.61272			4
2024.07.10	00:43:02.857	0.61227	0.61274			6
2024.07.10	00:43:03.656	0.61226				2
2024.07.10	00:43:10.177	0.61224	0.61273			6
2024.07.10	00:43:10.480	0.61225				2
2024.07.10	00:43:16.178		0.61274			4
2024.07.10	00:43:32.728		0.61273			4
2024.07.10	00:43:37.181	0.61224				2
2024.07.10	00:43:38.300	0.61225				2
2024.07.10	00:43:44.678	0.61224				2
2024.07.10	00:43:50.426		0.61274			4
2024.07.10	00:43:50.881	0.61225	0.61273			6
2024.07.10	00:43:51.185		0.61274			4
2024.07.10	00:44:02.129	0.61224				2
2024.07.10	00:44:20.589		0.61273			4
2024.07.10	00:44:31.176	0.61225	0.61272			6
2024.07.10	00:44:31.625	0.61226	0.61273			6
2024.07.10	00:44:32.188	0.61225				2
2024.07.10	00:44:32.699		0.61274			4
2024.07.10	00:44:40.780		0.61273			4
2024.07.10	00:44:47.225		0.61274			4
2024.07.10	00:44:53.127	0.61224				2
2024.07.10	00:44:54.280		0.61273			4
2024.07.10	00:45:01.178	0.61224	0.61274			6
2024.07.10	00:45:02.377	0.61225				2
2024.07.10	00:45:02.790	0.61229				2
2024.07.10	00:45:06.146	0.61240	0.61261			6
2024.07.10	00:45:07.228	0.61239				2
2024.07.10	00:45:10.411		0.61260			4
2024.07.10	00:45:14.214	0.61241				2
2024.07.10	00:45:17.121	0.61243	0.61263			6
2024.07.10	00:45:36.792	0.61244				2
2024.07.10	00:45:40.226	0.61243				2
2024.07.10	00:45:58.389		0.61264			4
2024.07.10	00:46:02.350	0.61243				2
2024.07.10	00:46:07.238		0.61263			4
2024.07.10	00:46:22.743		0.61264			4
2024.07.10	00:46:28.087	0.61244				2
2024.07.10	00:46:32.731	0.61243				2
2024.07.10	00:46:35.016	0.61244				2
2024.07.10	00:46:53.126	0.61243				2
2024.07.10	00:46:53.534		0.61263			4
2024.07.10	00:47:01.405	0.61243				2
2024.07.10	00:47:08.534	0.61244	0.61264			6
2024.07.10	00:47:43.515	0.61245				2
2024.07.10	00:47:51.927	0.61244				2
2024.07.10	00:48:00.572	0.61244				2
2024.07.10	00:48:15.626		0.61264			4
2024.07.10	00:48:28.247	0.61245				2
2024.07.10	00:48:30.787	0.61244	0.61263			6
2024.07.10	00:48:31.504		0.61264			4
2024.07.10	00:48:35.912		0.61263			4
2024.07.10	00:48:43.826		0.61264			4
2024.07.10	00:48:45.675		0.61263			4
2024.07.10	00:48:49.953		0.61264			4
2024.07.10	00:48:54.025		0.61263			4
2024.07.10	00:49:01.226	0.61243				2
2024.07.10	00:49:05.567	0.61244				2
2024.07.10	00:49:10.370		0.61264			4
2024.07.10	00:49:14.351	0.61243				2
2024.07.10	00:49:16.361	0.61244	0.61263			6
2024.07.10	00:49:20.743		0.61264			4
2024.07.10	00:49:21.796		0.61263			4
2024.07.10	00:49:22.977		0.61264			4
2024.07.10	00:49:24.460		0.61263			4
2024.07.10	00:49:25.695		0.61264			4
2024.07.10	00:49:30.547		0.61265			4
2024.07.10	00:49:31.035		0.61264			4
2024.07.10	00:49:41.348		0.61263			4
2024.07.10	00:49:45.120		0.61264			4
2024.07.10	00:49:54.712		0.61263			4
2024.07.10	00:50:00.205	0.61243				2
2024.07.10	00:50:04.806		0.61264			4
2024.07.10	00:50:08.985	0.61244				2
2024.07.10	00:50:11.878		0.61263			4
2024.07.10	00:50:17.002		0.61264			4
2024.07.10	00:50:18.326	0.61243				2
2024.07.10	00:50:19.373		0.61263			4
2024.07.10	00:50:25.527	0.61244				2
2024.07.10	00:50:33.513		0.61264			4
2024.07.10	00:50:37.258		0.61263			4
2024.07.10	00:50:39.828	0.61243				2
2024.07.10	00:50:45.161	0.61244				2
2024.07.10	00:50:47.033	0.61243	0.61264			6
2024.07.10	00:50:49.528	0.61244				2
2024.07.10	00:50:51.270		0.61263			4
2024.07.10	00:51:01.471	0.61243				2
2024.07.10	00:51:10.226	0.61244				2
2024.07.10	00:51:44.898		0.61264			4
2024.07.10	00:51:48.311	0.61243	0.61263			6
2024.07.10	00:51:51.052		0.61264			4
2024.07.10	00:51:56.128	0.61244				2
2024.07.10	00:52:00.120	0.61244				2
2024.07.10	00:52:00.538	0.61245				2
2024.07.10	00:52:12.757		0.61265			4
2024.07.10	00:52:16.805		0.61264			4
2024.07.10	00:52:20.629	0.61244				2
2024.07.10	00:52:22.025	0.61243	0.61262			6
2024.07.10	00:52:25.715		0.61263			4
2024.07.10	00:52:27.514	0.61244				2
2024.07.10	00:52:40.178	0.61245	0.61265			6
2024.07.10	00:52:50.766	0.61246				2
2024.07.10	00:52:55.180	0.61245				2
2024.07.10	00:52:56.380	0.61246				2
2024.07.10	00:53:08.078	0.61246				2
2024.07.10	00:53:13.091		0.61266			4
2024.07.10	00:53:16.626	0.61245	0.61265			6
2024.07.10	00:53:23.929		0.61264			4
2024.07.10	00:53:26.668		0.61265			4
2024.07.10	00:53:46.823	0.61244				2
2024.07.10	00:53:51.474		0.61264			4
2024.07.10	00:54:02.272	0.61244				2
2024.07.10	00:54:03.181		0.61263			4
2024.07.10	00:54:04.689		0.61264			4
2024.07.10	00:54:09.498	0.61245	0.61265			6
2024.07.10	00:54:12.415		0.61264			4
2024.07.10	00:54:16.066		0.61265			4
2024.07.10	00:54:22.288	0.61246	0.61266			6
2024.07.10	00:54:33.882		0.61267			4
2024.07.10	00:54:47.477	0.61245	0.61266			6
2024.07.10	00:54:56.543	0.61246				2
2024.07.10	00:54:58.226	0.61245				2
2024.07.10	00:55:00.382	0.61246	0.61267			6
2024.07.10	00:55:06.640		0.61266			4
2024.07.10	00:55:07.531	0.61244	0.61265			6
2024.07.10	00:55:11.047	0.61245				2
2024.07.10	00:55:15.926	0.61244				2
2024.07.10	00:55:19.226	0.61245				2
2024.07.10	00:55:47.759		0.61263			4
2024.07.10	00:55:48.082		0.61264			4
2024.07.10	00:55:58.015		0.61265			4
2024.07.10	00:55:59.650		0.61264			4
2024.07.10	00:56:01.169	0.61245	0.61265			6
2024.07.10	00:56:01.708	0.61244				2
2024.07.10	00:56:09.012		0.61266			4
2024.07.10	00:56:11.145	0.61245				2
2024.07.10	00:56:16.105		0.61265			4
2024.07.10	00:56:18.098	0.61243				2
2024.07.10	00:56:23.905		0.61264			4
2024.07.10	00:56:28.827	0.61244				2
2024.07.10	00:56:44.775		0.61265			4
2024.07.10	00:56:49.855		0.61264			4
2024.07.10	00:56:55.076		0.61265			4
2024.07.10	00:57:07.528	0.61244				2
2024.07.10	00:57:10.580	0.61243				2
2024.07.10	00:57:19.370		0.61264			4
2024.07.10	00:57:26.792	0.61244				2
2024.07.10	00:57:27.259		0.61265			4
2024.07.10	00:57:29.389		0.61264			4
2024.07.10	00:57:30.393		0.61265			4
2024.07.10	00:57:49.711	0.61245				2
2024.07.10	00:57:51.020	0.61244				2
2024.07.10	00:57:51.915	0.61245				2
2024.07.10	00:57:59.176	0.61244	0.61264			6
2024.07.10	00:58:00.365	0.61244				2
2024.07.10	00:58:04.078		0.61265			4
2024.07.10	00:58:19.377		0.61264			4
2024.07.10	00:58:21.012		0.61265			4
2024.07.10	00:58:34.083		0.61264			4
2024.07.10	00:58:34.570	0.61243				2
2024.07.10	00:58:37.173		0.61265			4
2024.07.10	00:58:41.173		0.61264			4
2024.07.10	00:58:50.821	0.61244				2
2024.07.10	00:58:59.514		0.61265			4
2024.07.10	00:59:02.128	0.61244				2
2024.07.10	00:59:02.969	0.61245	0.61266			6
2024.07.10	00:59:14.869		0.61265			4
2024.07.10	00:59:16.298		0.61266			4
2024.07.10	00:59:28.501		0.61264			4
2024.07.10	00:59:28.823		0.61265			4
2024.07.10	00:59:29.805		0.61266			4
2024.07.10	00:59:30.288		0.61265			4
2024.07.10	00:59:32.841	0.61246				2
2024.07.10	00:59:37.082		0.61266			4
2024.07.10	00:59:38.979	0.61244	0.61264			6
2024.07.10	00:59:42.545	0.61243				2
2024.07.10	00:59:50.215		0.61265			4
2024.07.10	00:59:53.345	0.61244				2
2024.07.10	00:59:55.715		0.61263			4
2024.07.10	01:00:00.309	0.61260	0.61276			6
2024.07.10	01:00:00.620		0.61271			4
2024.07.10	01:00:01.257		0.61273			4
2024.07.10	01:00:01.562		0.61270			4
2024.07.10	01:00:02.399		0.61268			4
2024.07.10	01:00:02.925		0.61269			4
2024.07.10	01:00:03.390		0.61270			4
2024.07.10	01:00:09.927	0.61261				2
2024.07.10	01:00:11.854	0.61260				2
2024.07.10	01:00:13.954		0.61271			4
2024.07.10	01:00:14.282	0.61259	0.61269			6
2024.07.10	01:00:15.433	0.61261				2
2024.07.10	01:00:18.467		0.61267			4
2024.07.10	01:00:22.013	0.61260				2
2024.07.10	01:00:24.242	0.61256	0.61265			6
2024.07.10	01:00:25.796	0.61257				2
2024.07.10	01:00:27.441	0.61260	0.61267			6
2024.07.10	01:00:27.977		0.61268			4
2024.07.10	01:00:28.681		0.61267			4
2024.07.10	01:00:30.343	0.61258	0.61266			6
2024.07.10	01:00:39.800	0.61249	0.61257			6
2024.07.10	01:00:40.393	0.61251	0.61255			6
2024.07.10	01:01:01.071	0.61247	0.61252			6
2024.07.10	01:01:04.054	0.61245	0.61250			6
2024.07.10	01:01:08.155	0.61248	0.61253			6
2024.07.10	01:01:10.418	0.61251	0.61256			6
2024.07.10	01:01:20.330	0.61262	0.61264			6
2024.07.10	01:01:21.384		0.61265			4
2024.07.10	01:01:21.692		0.61266			4
2024.07.10	01:01:32.310	0.61260	0.61264			6
2024.07.10	01:01:58.924	0.61262				2
2024.07.10	01:01:59.227	0.61260				2
2024.07.10	01:02:00.393	0.61260				2
2024.07.10	01:02:01.456	0.61261				2
2024.07.10	01:02:01.785		0.61263			4
2024.07.10	01:02:03.703	0.61257	0.61260			6
2024.07.10	01:04:01.040	0.61255	0.61259			6
2024.07.10	01:04:06.378	0.61256				2
2024.07.10	01:05:10.022	0.61256	0.61259			6
2024.07.10	01:05:21.480		0.61263			4
2024.07.10	01:05:22.543	0.61257	0.61262			6
2024.07.10	01:05:23.399	0.61256				2
2024.07.10	01:05:24.250		0.61263			4
2024.07.10	01:05:32.856	0.61258				2
2024.07.10	01:05:34.391		0.61264			4
2024.07.10	01:05:41.327		0.61263			4
2024.07.10	01:05:41.631		0.61262			4
2024.07.10	01:05:45.874		0.61263			4
2024.07.10	01:06:00.455	0.61258	0.61262			6
2024.07.10	01:06:00.960		0.61263			4
2024.07.10	01:06:01.418		0.61262			4
2024.07.10	01:06:11.384		0.61264			4
2024.07.10	01:06:20.406		0.61263			4
2024.07.10	01:06:20.901		0.61262			4
2024.07.10	01:06:21.412		0.61263			4
2024.07.10	01:06:31.382		0.61264			4
2024.07.10	01:06:32.500		0.61265			4
2024.07.10	01:06:37.114		0.61264			4
2024.07.10	01:06:37.420		0.61263			4
2024.07.10	01:06:47.401		0.61265			4
2024.07.10	01:07:00.413	0.61258	0.61264			6
2024.07.10	01:07:01.429		0.61262			4
2024.07.10	01:07:11.404		0.61264			4
2024.07.10	01:07:12.411		0.61262			4
2024.07.10	01:08:00.658	0.61258	0.61260			6
2024.07.10	01:08:07.772	0.61256	0.61258			6
2024.07.10	01:08:12.971		0.61257			4
2024.07.10	01:08:13.542		0.61258			4
2024.07.10	01:08:28.354		0.61257			4
2024.07.10	01:08:35.515		0.61258			4
2024.07.10	01:08:36.321		0.61257			4
2024.07.10	01:09:00.453	0.61256	0.61258			6
2024.07.10	01:09:12.451	0.61258	0.61260			6
2024.07.10	01:09:26.355	0.61256	0.61262			6
2024.07.10	01:09:27.196	0.61261				2
2024.07.10	01:10:05.215	0.61261	0.61263			6
2024.07.10	01:10:33.198		0.61262			4
2024.07.10	01:11:00.165	0.61261				2
2024.07.10	01:11:34.244		0.61262			4
2024.07.10	01:12:00.311	0.61261				2
2024.07.10	01:12:06.578	0.61260	0.61261			6
2024.07.10	01:12:07.143		0.61262			4
2024.07.10	01:12:59.745	0.61258				2
2024.07.10	01:13:00.409	0.61261				2
2024.07.10	01:13:25.601		0.61262			4
2024.07.10	01:13:27.146	0.61260	0.61261			6
2024.07.10	01:13:30.624	0.61261	0.61262			6
2024.07.10	01:13:52.649	0.61262	0.61263			6
2024.07.10	01:13:53.381	0.61261	0.61262			6
2024.07.10	01:14:00.406	0.61261				2
2024.07.10	01:14:56.742		0.61262			4
2024.07.10	01:15:00.303	0.61261				2
2024.07.10	01:15:32.275	0.61260				2
2024.07.10	01:15:56.986		0.61262			4
2024.07.10	01:16:00.117	0.61260				2
2024.07.10	01:16:14.103		0.61261			4
2024.07.10	01:16:14.413		0.61262			4
2024.07.10	01:16:14.762		0.61261			4
2024.07.10	01:16:15.116		0.61262			4
2024.07.10	01:16:33.595	0.61261				2
2024.07.10	01:16:33.908	0.61260				2
2024.07.10	01:17:02.399	0.61260				2
2024.07.10	01:17:11.762		0.61261			4
2024.07.10	01:17:14.564		0.61262			4
2024.07.10	01:17:14.999		0.61261			4
2024.07.10	01:17:42.591		0.61262			4
2024.07.10	01:17:43.347	0.61262	0.61263			6
2024.07.10	01:17:44.671	0.61261	0.61262			6
2024.07.10	01:18:03.746	0.61259				2
2024.07.10	01:18:32.407	0.61260				2
2024.07.10	01:18:32.707	0.61259				2
2024.07.10	01:18:45.331		0.61262			4
2024.07.10	01:18:50.552	0.61261				2
2024.07.10	01:19:00.453	0.61261	0.61264			6
2024.07.10	01:19:10.245	0.61260				2
2024.07.10	01:19:12.082	0.61261				2
2024.07.10	01:19:20.373		0.61263			4
2024.07.10	01:19:52.462	0.61260				2
2024.07.10	01:19:54.907	0.61261	0.61264			6
2024.07.10	01:19:55.214	0.61262				2
2024.07.10	01:19:58.801	0.61263				2
2024.07.10	01:19:59.107	0.61262				2
2024.07.10	01:20:04.309	0.61262				2
2024.07.10	01:20:06.983	0.61261	0.61263			6
2024.07.10	01:20:42.488	0.61260				2
2024.07.10	01:20:53.077	0.61262				2
2024.07.10	01:20:53.819	0.61260				2
2024.07.10	01:20:58.718	0.61263	0.61264			6
2024.07.10	01:20:59.027	0.61264	0.61266			6
2024.07.10	01:21:00.362	0.61264				2
2024.07.10	01:21:03.311	0.61263				2
2024.07.10	01:21:32.811	0.61264				2
2024.07.10	01:21:33.124	0.61263				2
2024.07.10	01:21:37.582	0.61260	0.61263			6
2024.07.10	01:21:52.533		0.61264			4
2024.07.10	01:22:00.296	0.61260				2
2024.07.10	01:22:01.105		0.61263			4
2024.07.10	01:22:01.413		0.61264			4
2024.07.10	01:22:02.388		0.61263			4
2024.07.10	01:22:03.388		0.61264			4
2024.07.10	01:22:07.608		0.61263			4
2024.07.10	01:22:10.628	0.61259				2
2024.07.10	01:22:11.782	0.61258	0.61262			6
2024.07.10	01:22:30.895	0.61259				2
2024.07.10	01:23:00.655	0.61259				2
2024.07.10	01:23:12.143		0.61262			4
2024.07.10	01:23:26.970	0.61260	0.61263			6
2024.07.10	01:23:27.449	0.61261	0.61264			6
2024.07.10	01:23:30.217	0.61260	0.61265			6
2024.07.10	01:23:34.831		0.61264			4
2024.07.10	01:23:35.137		0.61265			4
2024.07.10	01:23:37.239	0.61259	0.61263			6
2024.07.10	01:23:39.716	0.61258				2
2024.07.10	01:23:50.715		0.61262			4
2024.07.10	01:23:54.247		0.61263			4
2024.07.10	01:24:01.016	0.61258				2
2024.07.10	01:24:21.377		0.61261			4
2024.07.10	01:24:21.921		0.61263			4
2024.07.10	01:24:56.081	0.61259				2
2024.07.10	01:25:00.627	0.61259				2
2024.07.10	01:25:00.998	0.61260				2
2024.07.10	01:25:02.497	0.61257	0.61261			6
2024.07.10	01:25:08.409		0.61260			4
2024.07.10	01:25:08.713		0.61261			4
2024.07.10	01:25:09.117		0.61262			4
2024.07.10	01:25:43.513		0.61261			4
2024.07.10	01:25:58.795		0.61260			4
2024.07.10	01:25:59.101		0.61261			4
2024.07.10	01:26:00.586	0.61257				2
2024.07.10	01:26:34.813	0.61259				2
2024.07.10	01:26:35.118	0.61257				2
2024.07.10	01:26:49.713	0.61258				2
2024.07.10	01:26:59.431		0.61261			4
2024.07.10	01:27:00.481	0.61258				2
2024.07.10	01:27:14.415	0.61259				2
2024.07.10	01:27:14.717	0.61258				2
2024.07.10	01:27:43.238	0.61259	0.61262			6
2024.07.10	01:28:00.677	0.61259				2
2024.07.10	01:28:43.366		0.61262			4
2024.07.10	01:29:00.411	0.61259				2
2024.07.10	01:29:12.931	0.61260				2
2024.07.10	01:29:13.242	0.61259				2
2024.07.10	01:29:43.586		0.61262			4
2024.07.10	01:30:00.557	0.61259				2
2024.07.10	01:30:01.440	0.61258				2
2024.07.10	01:30:02.614	0.61259				2
2024.07.10	01:30:03.690		0.61260			4
2024.07.10	01:30:04.062	0.61258				2
2024.07.10	01:30:13.508		0.61261			4
2024.07.10	01:31:05.212	0.61258				2
2024.07.10	01:31:17.518		0.61260			4
2024.07.10	01:31:20.467		0.61261			4
2024.07.10	01:31:47.831		0.61260			4
2024.07.10	01:31:50.177		0.61261			4
2024.07.10	01:32:00.701	0.61258				2
2024.07.10	01:32:17.185	0.61257	0.61260			6
2024.07.10	01:32:31.729	0.61258				2
2024.07.10	01:32:43.999		0.61261			4
2024.07.10	01:32:51.326	0.61259	0.61262			6
2024.07.10	01:33:00.927	0.61259				2
2024.07.10	01:33:02.406	0.61260				2
2024.07.10	01:33:03.761	0.61259				2
2024.07.10	01:33:22.283		0.61261			4
2024.07.10	01:33:22.689	0.61258	0.61260			6
2024.07.10	01:33:23.081	0.61259	0.61262			6
2024.07.10	01:33:50.343	0.61258	0.61261			6
2024.07.10	01:34:00.060	0.61258				2
2024.07.10	01:34:16.188		0.61262			4
2024.07.10	01:34:16.865	0.61260				2
2024.07.10	01:34:29.299	0.61258	0.61260			6
2024.07.10	01:34:32.645		0.61261			4
2024.07.10	01:34:34.735	0.61259				2
2024.07.10	01:34:51.758		0.61262			4
2024.07.10	01:34:52.109		0.61261			4
2024.07.10	01:35:00.161	0.61259				2
2024.07.10	01:35:02.564	0.61260				2
2024.07.10	01:35:05.443	0.61259	0.61260			6
2024.07.10	01:35:10.863		0.61261			4
2024.07.10	01:35:11.774	0.61260				2
2024.07.10	01:36:00.630	0.61260				2
2024.07.10	01:36:10.449		0.61262			4
2024.07.10	01:36:18.382	0.61259				2
2024.07.10	01:36:19.122	0.61260				2
2024.07.10	01:36:26.800	0.61259	0.61261			6
2024.07.10	01:36:37.150		0.61260			4
2024.07.10	01:36:50.423	0.61260	0.61261			6
2024.07.10	01:36:50.727	0.61259	0.61260			6
2024.07.10	01:37:01.280	0.61259				2
2024.07.10	01:37:19.282		0.61261			4
2024.07.10	01:37:46.554		0.61260			4
2024.07.10	01:38:04.438	0.61259				2
2024.07.10	01:38:16.433	0.61256	0.61258			6
2024.07.10	01:38:16.748	0.61255	0.61257			6
2024.07.10	01:38:17.215		0.61258			4
2024.07.10	01:38:21.425		0.61259			4
2024.07.10	01:38:21.928	0.61254	0.61258			6
2024.07.10	01:38:22.305		0.61257			4
2024.07.10	01:38:29.946		0.61258			4
2024.07.10	01:38:32.932		0.61257			4
2024.07.10	01:38:35.671	0.61253				2
2024.07.10	01:38:35.980	0.61254				2
2024.07.10	01:38:36.744	0.61253				2
2024.07.10	01:38:43.531		0.61256			4
2024.07.10	01:38:43.844	0.61250	0.61253			6
2024.07.10	01:39:05.884	0.61250				2
2024.07.10	01:39:14.660		0.61254			4
2024.07.10	01:39:20.716	0.61251				2
2024.07.10	01:39:37.393	0.61252	0.61255			6
2024.07.10	01:39:38.666	0.61251				2
2024.07.10	01:39:48.215		0.61254			4
2024.07.10	01:39:53.954		0.61255			4
2024.07.10	01:40:00.765	0.61251				2
2024.07.10	01:40:06.927	0.61252				2
2024.07.10	01:40:12.383	0.61251				2
2024.07.10	01:40:21.552		0.61254			4
2024.07.10	01:40:22.398		0.61255			4
2024.07.10	01:40:22.821		0.61254			4
2024.07.10	01:40:23.127		0.61255			4
2024.07.10	01:40:23.595	0.61255	0.61257			6
2024.07.10	01:40:23.903	0.61254	0.61256			6
2024.07.10	01:40:28.277	0.61253				2
2024.07.10	01:40:29.760	0.61254				2
2024.07.10	01:40:36.104		0.61255			4
2024.07.10	01:40:37.286		0.61256			4
2024.07.10	01:40:44.369		0.61255			4
2024.07.10	01:40:46.757		0.61256			4
2024.07.10	01:40:47.592		0.61255			4
2024.07.10	01:40:50.136		0.61256			4
2024.07.10	01:40:55.749		0.61255			4
2024.07.10	01:40:58.251		0.61256			4
2024.07.10	01:41:00.111	0.61254				2
2024.07.10	01:41:02.209	0.61255				2
2024.07.10	01:41:02.628	0.61256	0.61257			6
2024.07.10	01:41:02.941	0.61255	0.61256			6
2024.07.10	01:41:15.474	0.61254				2
2024.07.10	01:41:33.948		0.61255			4
2024.07.10	01:41:34.988		0.61256			4
2024.07.10	01:41:48.503	0.61255	0.61257			6
2024.07.10	01:41:59.652	0.61256				2
2024.07.10	01:42:00.416	0.61256				2
2024.07.10	01:42:16.748	0.61257	0.61258			6
2024.07.10	01:42:22.794	0.61256				2
2024.07.10	01:42:26.454		0.61257			4
2024.07.10	01:42:40.965		0.61258			4
2024.07.10	01:42:46.806	0.61257				2
2024.07.10	01:42:53.392	0.61256				2
2024.07.10	01:43:07.407	0.61255				2
2024.07.10	01:43:17.778	0.61256	0.61259			6
2024.07.10	01:43:30.220		0.61258			4
2024.07.10	01:43:48.151		0.61261			4
2024.07.10	01:43:49.114		0.61260			4
2024.07.10	01:43:49.446		0.61261			4
2024.07.10	01:44:02.851	0.61256				2
2024.07.10	01:44:11.073	0.61257				2
2024.07.10	01:44:11.414		0.61260			4
2024.07.10	01:44:13.323		0.61261			4
2024.07.10	01:44:14.899	0.61256	0.61260			6
2024.07.10	01:44:20.024	0.61257				2
2024.07.10	01:44:29.088		0.61261			4
2024.07.10	01:44:30.214	0.61258				2
2024.07.10	01:44:56.394	0.61257				2
2024.07.10	01:45:00.276	0.61257				2
2024.07.10	01:45:00.835		0.61262			4
2024.07.10	01:45:01.750		0.61261			4
2024.07.10	01:45:03.604		0.61260			4
2024.07.10	01:45:03.905		0.61261			4
2024.07.10	01:45:06.141	0.61256				2
2024.07.10	01:45:15.775	0.61257	0.61260			6
2024.07.10	01:45:22.111	0.61258				2
2024.07.10	01:45:32.371	0.61257				2
2024.07.10	01:45:36.036	0.61258				2
2024.07.10	01:45:36.338	0.61257				2
2024.07.10	01:45:52.815	0.61253	0.61256			6
2024.07.10	01:46:04.350	0.61253				2
2024.07.10	01:46:42.479	0.61254	0.61257			6
2024.07.10	01:47:00.187	0.61254				2
2024.07.10	01:47:20.657		0.61256			4
2024.07.10	01:47:20.996		0.61257			4
2024.07.10	01:47:39.971	0.61257	0.61260			6
2024.07.10	01:47:40.365	0.61258	0.61261			6
2024.07.10	01:47:46.188	0.61259	0.61262			6
2024.07.10	01:48:00.423	0.61259	0.61261			6
2024.07.10	01:48:03.980	0.61258				2
2024.07.10	01:48:07.241	0.61260				2
2024.07.10	01:48:07.546	0.61258				2
2024.07.10	01:48:28.876		0.61262			4
2024.07.10	01:48:29.852		0.61261			4
2024.07.10	01:48:35.996	0.61260				2
2024.07.10	01:48:36.297	0.61258				2
2024.07.10	01:48:57.668		0.61260			4
2024.07.10	01:49:06.328	0.61258				2
2024.07.10	01:50:02.109	0.61258	0.61260			6
2024.07.10	01:50:04.247	0.61259				2
2024.07.10	01:50:09.473	0.61258				2
2024.07.10	01:50:22.672	0.61260	0.61261			6
2024.07.10	01:50:22.978	0.61261	0.61263			6
2024.07.10	01:50:23.331	0.61260				2
2024.07.10	01:50:25.285		0.61262			4
2024.07.10	01:50:25.876	0.61261				2
2024.07.10	01:50:36.099		0.61263			4
2024.07.10	01:51:00.461	0.61261				2
2024.07.10	01:51:03.781	0.61262				2
2024.07.10	01:51:11.426		0.61264			4
2024.07.10	01:51:12.431	0.61261	0.61263			6
2024.07.10	01:51:27.076	0.61262	0.61264			6
2024.07.10	01:51:27.399	0.61261	0.61263			6
2024.07.10	01:51:27.875		0.61262			4
2024.07.10	01:52:01.415	0.61261	0.61263			6
2024.07.10	01:52:41.688		0.61262			4
2024.07.10	01:52:58.814	0.61262	0.61263			6
2024.07.10	01:52:59.117	0.61261	0.61262			6
2024.07.10	01:53:00.694	0.61261				2
2024.07.10	01:53:59.394		0.61262			4
2024.07.10	01:54:02.940	0.61261				2
2024.07.10	01:55:05.128	0.61261	0.61262			6
2024.07.10	01:56:01.227	0.61261				2
2024.07.10	01:56:09.414		0.61262			4
2024.07.10	01:56:43.725		0.61264			4
2024.07.10	01:56:49.419	0.61262	0.61263			6
2024.07.10	01:56:49.752		0.61264			4
2024.07.10	01:56:51.782	0.61266	0.61267			6
2024.07.10	01:56:52.110	0.61265				2
2024.07.10	01:56:58.494		0.61269			4
2024.07.10	01:57:00.018	0.61265				2
2024.07.10	01:57:01.410	0.61264				2
2024.07.10	01:57:07.125	0.61265				2
2024.07.10	01:57:07.502	0.61264				2
2024.07.10	01:57:08.874	0.61265				2
2024.07.10	01:57:09.326		0.61268			4
2024.07.10	01:57:18.396	0.61264				2
2024.07.10	01:57:46.804	0.61265				2
2024.07.10	01:57:47.113	0.61264				2
2024.07.10	01:58:00.399	0.61264				2
2024.07.10	01:58:09.361		0.61268			4
2024.07.10	01:58:27.748	0.61263	0.61267			6
2024.07.10	01:59:00.045	0.61263				2
2024.07.10	01:59:02.209	0.61264				2
2024.07.10	01:59:24.005	0.61265				2
2024.07.10	01:59:24.308	0.61264				2
2024.07.10	01:59:27.777		0.61267			4
2024.07.10	01:59:30.811	0.61263				2
2024.07.10	01:59:31.222	0.61264				2
2024.07.10	01:59:41.363	0.61266	0.61268			6
2024.07.10	02:00:00.325	0.61265				2
2024.07.10	02:00:00.786		0.61267			4
2024.07.10	02:00:18.707		0.61268			4
2024.07.10	02:00:21.041		0.61267			4
2024.07.10	02:00:25.557		0.61268			4
2024.07.10	02:00:32.403	0.61266	0.61267			6
2024.07.10	02:00:32.706	0.61265				2
2024.07.10	02:00:35.051	0.61264				2
2024.07.10	02:00:43.215	0.61266				2
2024.07.10	02:00:43.519	0.61264				2
2024.07.10	02:00:50.366	0.61263	0.61266			6
2024.07.10	02:00:51.634		0.61264			4
2024.07.10	02:00:52.673	0.61264	0.61266			6
2024.07.10	02:00:58.114	0.61265				2
2024.07.10	02:00:58.981		0.61267			4
2024.07.10	02:01:00.352	0.61265				2
2024.07.10	02:01:03.546		0.61266			4
2024.07.10	02:01:08.763	0.61264				2
2024.07.10	02:01:13.310		0.61267			4
2024.07.10	02:01:31.444	0.61265				2
2024.07.10	02:01:58.621	0.61266				2
2024.07.10	02:01:58.974	0.61265				2
2024.07.10	02:01:59.277	0.61266				2
2024.07.10	02:01:59.584	0.61265				2
2024.07.10	02:02:02.396	0.61265	0.61266			6
2024.07.10	02:02:02.807	0.61264				2
2024.07.10	02:02:05.986	0.61268	0.61270			6
2024.07.10	02:02:07.515	0.61267				2
2024.07.10	02:02:13.367	0.61269				2
2024.07.10	02:02:22.216	0.61268				2
2024.07.10	02:02:37.315	0.61269				2
2024.07.10	02:02:56.799		0.61271			4
2024.07.10	02:02:57.384	0.61268	0.61273			6
2024.07.10	02:02:57.943	0.61267	0.61272			6
2024.07.10	02:02:58.582		0.61270			4
2024.07.10	02:03:00.445	0.61267				2
2024.07.10	02:03:04.984	0.61268				2
2024.07.10	02:03:06.421		0.61271			4
2024.07.10	02:04:00.415	0.61268				2
2024.07.10	02:04:02.065	0.61269	0.61272			6
2024.07.10	02:04:18.654		0.61273			4
2024.07.10	02:04:19.861		0.61272			4
2024.07.10	02:04:48.231		0.61271			4
2024.07.10	02:04:54.434		0.61272			4
2024.07.10	02:04:56.521		0.61271			4
2024.07.10	02:05:00.699	0.61269				2
2024.07.10	02:05:01.102		0.61272			4
2024.07.10	02:05:01.856		0.61271			4
2024.07.10	02:05:25.211		0.61272			4
2024.07.10	02:05:39.547		0.61273			4
2024.07.10	02:05:40.550		0.61272			4
2024.07.10	02:05:53.018		0.61273			4
2024.07.10	02:05:53.901		0.61272			4
2024.07.10	02:05:55.159	0.61273	0.61275			6
2024.07.10	02:05:55.468	0.61272				2
2024.07.10	02:06:04.342	0.61272				2
2024.07.10	02:06:09.504	0.61273	0.61276			6
2024.07.10	02:06:15.703	0.61274	0.61277			6
2024.07.10	02:06:27.710		0.61276			4
2024.07.10	02:06:41.008	0.61273				2
2024.07.10	02:06:49.402		0.61277			4
2024.07.10	02:07:08.111	0.61273				2
2024.07.10	02:07:09.902		0.61278			4
2024.07.10	02:07:10.645		0.61277			4
2024.07.10	02:07:33.198	0.61272				2
2024.07.10	02:07:50.432		0.61276			4
2024.07.10	02:07:55.615		0.61277			4
2024.07.10	02:08:00.336	0.61272				2
2024.07.10	02:08:09.685	0.61273				2
2024.07.10	02:08:10.454		0.61278			4
2024.07.10	02:08:11.894		0.61277			4
2024.07.10	02:08:21.720	0.61272	0.61278			6
2024.07.10	02:08:25.241		0.61277			4
2024.07.10	02:08:31.540		0.61276			4
2024.07.10	02:08:31.848		0.61277			4
2024.07.10	02:09:01.006	0.61272				2
2024.07.10	02:09:32.007		0.61277			4
2024.07.10	02:09:37.645	0.61275				2
2024.07.10	02:09:41.364	0.61274				2
2024.07.10	02:09:45.898	0.61275				2
2024.07.10	02:09:49.845	0.61274				2
2024.07.10	02:09:51.835	0.61273				2
2024.07.10	02:09:52.444	0.61274				2
2024.07.10	02:10:00.412	0.61274				2
2024.07.10	02:10:10.445	0.61273				2
2024.07.10	02:10:26.517		0.61276			4
2024.07.10	02:10:33.976	0.61274	0.61277			6
2024.07.10	02:10:46.950		0.61276			4
2024.07.10	02:10:59.267		0.61277			4
2024.07.10	02:11:00.245	0.61274				2
2024.07.10	02:11:01.982	0.61273	0.61276			6
2024.07.10	02:11:50.260		0.61277			4
2024.07.10	02:12:00.312	0.61273				2
2024.07.10	02:12:07.212	0.61274				2
2024.07.10	02:12:07.513	0.61273				2
2024.07.10	02:12:10.772	0.61274				2
2024.07.10	02:12:50.309		0.61277			4
2024.07.10	02:13:00.753	0.61274				2
2024.07.10	02:13:12.029	0.61276				2
2024.07.10	02:13:12.337	0.61274				2
2024.07.10	02:13:34.589		0.61275			4
2024.07.10	02:13:35.011		0.61277			4
2024.07.10	02:13:35.632		0.61275			4
2024.07.10	02:13:36.056		0.61277			4
2024.07.10	02:13:51.752		0.61276			4
2024.07.10	02:13:52.349	0.61276	0.61277			6
2024.07.10	02:13:53.129	0.61274	0.61276			6
2024.07.10	02:14:00.485	0.61274				2
2024.07.10	02:14:02.401	0.61275				2
2024.07.10	02:14:03.619	0.61274				2
2024.07.10	02:14:48.613	0.61279	0.61281			6
2024.07.10	02:14:52.394		0.61282			4
2024.07.10	02:15:00.219	0.61279				2
2024.07.10	02:15:00.760	0.61280	0.61283			6
2024.07.10	02:15:10.801	0.61282				2
2024.07.10	02:15:11.106	0.61280				2
2024.07.10	02:15:13.685	0.61283	0.61286			6
2024.07.10	02:15:20.000		0.61285			4
2024.07.10	02:15:20.737		0.61286			4
2024.07.10	02:15:22.795	0.61279	0.61281			6
2024.07.10	02:15:30.715		0.61283			4
2024.07.10	02:15:31.042		0.61282			4
2024.07.10	02:15:55.860		0.61281			4
2024.07.10	02:15:56.812		0.61282			4
2024.07.10	02:15:57.246		0.61281			4
2024.07.10	02:16:00.942	0.61280				2
2024.07.10	02:16:01.505	0.61279				2
2024.07.10	02:16:07.508		0.61280			4
2024.07.10	02:16:48.021	0.61280	0.61281			6
2024.07.10	02:16:48.325	0.61279	0.61280			6
2024.07.10	02:17:00.414	0.61281	0.61282			6
2024.07.10	02:17:00.717		0.61283			4
2024.07.10	02:17:08.463	0.61280	0.61281			6
2024.07.10	02:17:25.667	0.61279	0.61280			6
2024.07.10	02:17:56.602		0.61281			4
2024.07.10	02:17:57.353		0.61280			4
2024.07.10	02:18:00.144	0.61279				2
2024.07.10	02:18:01.416		0.61281			4
2024.07.10	02:18:10.798	0.61280				2
2024.07.10	02:18:11.101	0.61279				2
2024.07.10	02:18:11.402		0.61280			4
2024.07.10	02:19:00.296	0.61279				2
2024.07.10	02:19:10.562		0.61281			4
2024.07.10	02:19:22.752	0.61280				2
2024.07.10	02:19:23.102	0.61279				2
2024.07.10	02:20:00.029	0.61279				2
2024.07.10	02:20:11.307		0.61281			4
2024.07.10	02:20:52.825	0.61281	0.61282			6
2024.07.10	02:20:53.141	0.61279	0.61281			6
2024.07.10	02:20:53.444	0.61281	0.61282			6
2024.07.10	02:20:53.746	0.61279	0.61281			6
2024.07.10	02:21:00.388	0.61279				2
2024.07.10	02:21:19.825	0.61282	0.61284			6
2024.07.10	02:21:20.181	0.61281				2
2024.07.10	02:21:23.627	0.61282				2
2024.07.10	02:21:25.309	0.61281				2
2024.07.10	02:21:27.036	0.61282				2
2024.07.10	02:21:27.911	0.61281	0.61283			6
2024.07.10	02:21:29.539	0.61280	0.61281			6
2024.07.10	02:21:29.878	0.61279				2
2024.07.10	02:21:31.149	0.61280	0.61282			6
2024.07.10	02:22:01.267	0.61280				2
2024.07.10	02:22:06.221		0.61283			4
2024.07.10	02:22:08.418	0.61282				2
2024.07.10	02:22:08.718	0.61280				2
2024.07.10	02:22:15.535	0.61281	0.61282			6
2024.07.10	02:22:15.842	0.61280	0.61281			6
2024.07.10	02:22:18.510		0.61282			4
2024.07.10	02:22:20.762		0.61281			4
2024.07.10	02:22:30.425		0.61282			4
2024.07.10	02:22:30.912		0.61281			4
2024.07.10	02:22:31.224		0.61282			4
2024.07.10	02:22:32.596	0.61281	0.61283			6
2024.07.10	02:22:38.190	0.61282				2
2024.07.10	02:22:39.343	0.61281	0.61282			6
2024.07.10	02:22:40.763		0.61283			4
2024.07.10	02:22:42.090	0.61282				2
2024.07.10	02:22:55.216	0.61283	0.61284			6
2024.07.10	02:22:55.519	0.61282	0.61283			6
2024.07.10	02:23:00.548	0.61282				2
2024.07.10	02:23:00.864	0.61281	0.61282			6
2024.07.10	02:23:08.014	0.61279	0.61280			6
2024.07.10	02:23:17.651		0.61281			4
2024.07.10	02:23:21.518	0.61278	0.61280			6
2024.07.10	02:23:28.927	0.61280	0.61281			6
2024.07.10	02:23:31.664	0.61281	0.61282			6
2024.07.10	02:24:01.480	0.61281				2
2024.07.10	02:24:35.669		0.61282			4
2024.07.10	02:25:00.070	0.61281				2
2024.07.10	02:25:21.293	0.61280				2
2024.07.10	02:25:28.160	0.61282	0.61283			6
2024.07.10	02:25:31.711	0.61281				2
2024.07.10	02:25:37.201	0.61282				2
2024.07.10	02:25:37.502	0.61281				2
2024.07.10	02:25:49.872		0.61282			4
2024.07.10	02:26:00.427	0.61281				2
2024.07.10	02:26:02.409	0.61282	0.61283			6
2024.07.10	02:26:02.714	0.61281	0.61282			6
2024.07.10	02:26:05.223	0.61280	0.61281			6
2024.07.10	02:26:34.812	0.61281	0.61282			6
2024.07.10	02:26:35.384	0.61280				2
2024.07.10	02:26:41.296	0.61281	0.61284			6
2024.07.10	02:26:51.492	0.61284	0.61286			6
2024.07.10	02:27:01.410	0.61283	0.61285			6
2024.07.10	02:27:48.832	0.61282	0.61283			6
2024.07.10	02:27:49.143	0.61279	0.61281			6
2024.07.10	02:28:00.401	0.61279				2
2024.07.10	02:28:00.721	0.61278				2
2024.07.10	02:28:18.657		0.61280			4
2024.07.10	02:28:28.337		0.61281			4
2024.07.10	02:28:30.130		0.61280			4
2024.07.10	02:29:01.398	0.61278				2
2024.07.10	02:29:07.763		0.61281			4
2024.07.10	02:29:09.602	0.61280				2
2024.07.10	02:29:09.904	0.61278				2
2024.07.10	02:29:57.688	0.61279				2
2024.07.10	02:29:58.125		0.61280			4
2024.07.10	02:30:00.737	0.61279				2
2024.07.10	02:30:08.312		0.61281			4
2024.07.10	02:30:21.634	0.61280				2
2024.07.10	02:30:21.939	0.61279				2
2024.07.10	02:30:26.329	0.61278	0.61280			6
2024.07.10	02:30:40.300		0.61281			4
2024.07.10	02:30:41.097		0.61280			4
2024.07.10	02:30:43.213	0.61280	0.61281			6
2024.07.10	02:30:43.515	0.61278	0.61280			6
2024.07.10	02:31:00.225	0.61278				2
2024.07.10	02:31:06.482		0.61281			4
2024.07.10	02:31:09.207		0.61280			4
2024.07.10	02:31:42.204		0.61281			4
2024.07.10	02:31:50.660		0.61280			4
2024.07.10	02:31:53.167		0.61281			4
2024.07.10	02:31:58.175	0.61274	0.61276			6
2024.07.10	02:32:00.446	0.61274				2
2024.07.10	02:32:01.268	0.61276	0.61277			6
2024.07.10	02:32:05.728	0.61275				2
2024.07.10	02:32:24.001		0.61276			4
2024.07.10	02:32:24.308		0.61277			4
2024.07.10	02:32:33.601	0.61274	0.61276			6
2024.07.10	02:32:36.974	0.61275				2
2024.07.10	02:32:38.404	0.61276	0.61277			6
2024.07.10	02:32:38.729	0.61275	0.61276			6
2024.07.10	02:32:39.667		0.61277			4
2024.07.10	02:33:00.729	0.61275				2
2024.07.10	02:33:01.356	0.61278	0.61280			6
2024.07.10	02:33:06.606	0.61279				2
2024.07.10	02:33:07.942	0.61278				2
2024.07.10	02:33:28.796		0.61279			4
2024.07.10	02:33:29.114		0.61280			4
2024.07.10	02:33:50.133	0.61279				2
2024.07.10	02:34:00.412	0.61279	0.61281			6
2024.07.10	02:34:13.850		0.61280			4
2024.07.10	02:34:23.029		0.61281			4
2024.07.10	02:34:27.728	0.61275	0.61276			6
2024.07.10	02:34:30.427	0.61276	0.61277			6
2024.07.10	02:34:31.833	0.61275	0.61276			6
2024.07.10	02:34:32.212	0.61276	0.61277			6
2024.07.10	02:34:40.186	0.61279	0.61280			6
2024.07.10	02:34:51.276	0.61278				2
2024.07.10	02:34:52.964		0.61279			4
2024.07.10	02:34:53.630		0.61280			4
2024.07.10	02:34:54.973		0.61279			4
2024.07.10	02:34:55.287		0.61280			4
2024.07.10	02:34:58.915		0.61279			4
2024.07.10	02:35:00.335	0.61278				2
2024.07.10	02:35:02.101		0.61280			4
2024.07.10	02:35:03.647	0.61279				2
2024.07.10	02:35:05.730	0.61278	0.61279			6
2024.07.10	02:35:26.616	0.61279	0.61280			6
2024.07.10	02:35:26.922	0.61278	0.61279			6
2024.07.10	02:35:32.986	0.61275	0.61276			6
2024.07.10	02:35:33.296	0.61274	0.61275			6
2024.07.10	02:35:35.692	0.61275	0.61276			6
2024.07.10	02:35:54.115	0.61274				2
2024.07.10	02:36:01.416	0.61274				2
2024.07.10	02:36:01.902	0.61276	0.61278			6
2024.07.10	02:36:02.226		0.61277			4
2024.07.10	02:36:11.041	0.61275				2
2024.07.10	02:36:20.002		0.61276			4
2024.07.10	02:36:21.426		0.61277			4
2024.07.10	02:36:22.456		0.61276			4
2024.07.10	02:36:42.911		0.61277			4
2024.07.10	02:36:44.282		0.61276			4
2024.07.10	02:36:44.670		0.61277			4
2024.07.10	02:36:44.976		0.61276			4
2024.07.10	02:37:00.449	0.61275				2
2024.07.10	02:37:02.130		0.61277			4
2024.07.10	02:37:04.397		0.61276			4
2024.07.10	02:37:04.896		0.61277			4
2024.07.10	02:37:05.861		0.61276			4
2024.07.10	02:37:24.502		0.61278			4
2024.07.10	02:37:35.544		0.61277			4
2024.07.10	02:37:49.777		0.61276			4
2024.07.10	02:37:50.262	0.61273	0.61275			6
2024.07.10	02:37:58.522	0.61274				2
2024.07.10	02:38:00.261	0.61274				2
2024.07.10	02:38:22.850	0.61273				2
2024.07.10	02:38:23.223	0.61274				2
2024.07.10	02:38:44.095	0.61275	0.61276			6
2024.07.10	02:38:47.412		0.61277			4
2024.07.10	02:38:50.386	0.61274				2
2024.07.10	02:39:00.341	0.61274				2
2024.07.10	02:39:02.381	0.61275				2
2024.07.10	02:39:07.387		0.61276			4
2024.07.10	02:39:43.544		0.61277			4
2024.07.10	02:39:56.625	0.61276				2
2024.07.10	02:39:56.960	0.61275	0.61276			6
2024.07.10	02:40:00.041	0.61275				2
2024.07.10	02:40:02.579		0.61278			4
2024.07.10	02:40:02.912	0.61278	0.61279			6
2024.07.10	02:40:15.911	0.61277	0.61278			6
2024.07.10	02:40:24.906	0.61278	0.61279			6
2024.07.10	02:40:57.787		0.61280			4
2024.07.10	02:41:01.011	0.61278				2
2024.07.10	02:41:04.111		0.61279			4
2024.07.10	02:41:10.902		0.61280			4
2024.07.10	02:41:23.701		0.61281			4
2024.07.10	02:41:24.451		0.61280			4
2024.07.10	02:41:24.935	0.61280	0.61281			6
2024.07.10	02:41:25.236	0.61278	0.61280			6
2024.07.10	02:41:26.863		0.61281			4
2024.07.10	02:41:49.200		0.61280			4
2024.07.10	02:41:49.508		0.61281			4
2024.07.10	02:41:56.472	0.61277				2
2024.07.10	02:41:57.494	0.61278	0.61280			6
2024.07.10	02:41:58.390	0.61277				2
2024.07.10	02:41:59.577	0.61278				2
2024.07.10	02:42:00.008	0.61277				2
2024.07.10	02:42:05.219	0.61278	0.61281			6
2024.07.10	02:42:08.358	0.61277				2
2024.07.10	02:42:10.999	0.61278				2
2024.07.10	02:42:18.837	0.61280	0.61282			6
2024.07.10	02:42:27.733		0.61283			4
2024.07.10	02:42:28.528	0.61283	0.61285			6
2024.07.10	02:42:46.432	0.61279	0.61281			6
2024.07.10	02:42:51.413	0.61280	0.61282			6
2024.07.10	02:42:52.114	0.61279				2
2024.07.10	02:43:01.558	0.61280				2
2024.07.10	02:43:02.772	0.61279				2
2024.07.10	02:43:03.411	0.61280				2
2024.07.10	02:43:03.873	0.61279				2
2024.07.10	02:43:28.863		0.61283			4
2024.07.10	02:43:29.557	0.61280				2
2024.07.10	02:43:42.166	0.61279	0.61282			6
2024.07.10	02:44:00.780	0.61279				2
2024.07.10	02:44:20.408	0.61281				2
2024.07.10	02:44:20.710	0.61279				2
2024.07.10	02:44:23.232	0.61278	0.61281			6
2024.07.10	02:44:25.304	0.61277	0.61280			6
2024.07.10	02:44:26.350		0.61279			4
2024.07.10	02:44:26.687	0.61276				2
2024.07.10	02:44:44.150	0.61277	0.61280			6
2024.07.10	02:45:00.589	0.61277				2
2024.07.10	02:45:01.384	0.61278	0.61281			6
2024.07.10	02:45:01.708	0.61276	0.61279			6
2024.07.10	02:45:23.845		0.61278			4
2024.07.10	02:45:27.416		0.61279			4
2024.07.10	02:45:40.238		0.61278			4
2024.07.10	02:45:46.725		0.61279			4
2024.07.10	02:45:53.800		0.61277			4
2024.07.10	02:45:54.343		0.61279			4
2024.07.10	02:45:56.696		0.61278			4
2024.07.10	02:45:58.224	0.61274	0.61276			6
2024.07.10	02:46:00.338	0.61274				2
2024.07.10	02:46:12.132	0.61276	0.61278			6
2024.07.10	02:46:12.500		0.61277			4
2024.07.10	02:46:15.350	0.61275				2
2024.07.10	02:46:18.942		0.61276			4
2024.07.10	02:46:25.137	0.61279	0.61282			6
2024.07.10	02:46:25.443		0.61281			4
2024.07.10	02:47:00.529	0.61279				2
2024.07.10	02:47:15.240	0.61278				2
2024.07.10	02:47:15.719	0.61279				2
2024.07.10	02:47:23.220	0.61281	0.61282			6
2024.07.10	02:47:25.147		0.61283			4
2024.07.10	02:47:31.443	0.61280	0.61282			6
2024.07.10	02:47:36.366	0.61281	0.61283			6
2024.07.10	02:48:00.364	0.61281	0.61282			6
2024.07.10	02:48:00.683	0.61279	0.61281			6
2024.07.10	02:48:03.316	0.61280	0.61282			6
2024.07.10	02:48:05.368	0.61279	0.61281			6
2024.07.10	02:48:13.328	0.61278	0.61280			6
2024.07.10	02:48:14.404		0.61279			4
2024.07.10	02:48:14.707		0.61280			4
2024.07.10	02:48:15.101	0.61279	0.61281			6
2024.07.10	02:48:56.661		0.61280			4
2024.07.10	02:49:00.841	0.61279				2
2024.07.10	02:49:24.548	0.61277	0.61278			6
2024.07.10	02:49:24.850	0.61276	0.61277			6
2024.07.10	02:49:31.373		0.61278			4
2024.07.10	02:49:32.558		0.61277			4
2024.07.10	02:49:32.998	0.61275	0.61276			6
2024.07.10	02:49:33.301	0.61274	0.61275			6
2024.07.10	02:49:34.716	0.61273				2
2024.07.10	02:49:37.180		0.61274			4
2024.07.10	02:49:37.481		0.61275			4
2024.07.10	02:49:58.823	0.61274	0.61276			6
2024.07.10	02:50:00.579	0.61274				2
2024.07.10	02:50:09.012		0.61275			4
2024.07.10	02:50:11.967	0.61273	0.61274			6
2024.07.10	02:50:13.555		0.61275			4
2024.07.10	02:50:16.545	0.61274				2
2024.07.10	02:50:18.104		0.61276			4
2024.07.10	02:50:18.454	0.61275	0.61277			6
2024.07.10	02:50:19.158		0.61276			4
2024.07.10	02:50:28.600		0.61278			4
2024.07.10	02:50:30.674	0.61278	0.61280			6
2024.07.10	02:50:58.220	0.61279				2
2024.07.10	02:51:00.100	0.61279				2
2024.07.10	02:51:12.021		0.61281			4
2024.07.10	02:51:14.397	0.61280				2
2024.07.10	02:51:14.698	0.61279				2
2024.07.10	02:52:00.535	0.61279				2
2024.07.10	02:52:01.296		0.61280			4
2024.07.10	02:52:03.469	0.61277	0.61279			6
2024.07.10	02:52:08.411	0.61278				2
2024.07.10	02:52:08.712	0.61277				2
2024.07.10	02:52:29.828	0.61278				2
2024.07.10	02:52:37.772		0.61280			4
2024.07.10	02:52:57.419	0.61276	0.61278			6
2024.07.10	02:52:58.622	0.61277	0.61279			6
2024.07.10	02:53:00.529	0.61277				2
2024.07.10	02:53:04.894		0.61278			4
2024.07.10	02:53:05.645	0.61278	0.61280			6
2024.07.10	02:53:06.669	0.61276	0.61277			6
2024.07.10	02:53:08.344	0.61275	0.61276			6
2024.07.10	02:53:16.343	0.61274	0.61275			6
2024.07.10	02:53:30.791	0.61272	0.61274			6
2024.07.10	02:53:31.103	0.61271	0.61272			6
2024.07.10	02:53:32.202	0.61270	0.61271			6
2024.07.10	02:53:44.682	0.61273	0.61275			6
2024.07.10	02:53:50.702		0.61274			4
2024.07.10	02:53:54.111	0.61269	0.61271			6
2024.07.10	02:54:00.314	0.61269				2
2024.07.10	02:54:03.443		0.61270			4
2024.07.10	02:54:03.921		0.61271			4
2024.07.10	02:54:15.653	0.61268	0.61270			6
2024.07.10	02:54:16.287	0.61266	0.61267			6
2024.07.10	02:54:17.353	0.61265				2
2024.07.10	02:54:32.461	0.61267	0.61269			6
2024.07.10	02:55:00.523	0.61267				2
2024.07.10	02:55:12.464	0.61268				2
2024.07.10	02:55:13.517	0.61266	0.61268			6
2024.07.10	02:55:34.898	0.61264	0.61266			6
2024.07.10	02:55:35.202		0.61265			4
2024.07.10	02:55:51.094		0.61266			4
2024.07.10	02:55:58.928		0.61265			4
2024.07.10	02:55:59.276		0.61266			4
2024.07.10	02:55:59.903		0.61265			4
2024.07.10	02:56:00.325	0.61264				2
2024.07.10	02:56:06.802		0.61266			4
2024.07.10	02:56:23.934	0.61266	0.61267			6
2024.07.10	02:56:24.317	0.61264	0.61266			6
2024.07.10	02:56:50.868	0.61265				2
2024.07.10	02:56:53.864	0.61264				2
2024.07.10	02:57:01.067	0.61264				2
2024.07.10	02:57:09.359	0.61265				2
2024.07.10	02:57:20.461	0.61264				2
2024.07.10	02:57:24.603		0.61266			4
2024.07.10	02:57:31.556	0.61265				2
2024.07.10	02:57:35.422	0.61264				2
2024.07.10	02:57:35.770	0.61266	0.61267			6
2024.07.10	02:57:36.311	0.61264	0.61266			6
2024.07.10	02:57:51.138		0.61265			4
2024.07.10	02:57:54.761	0.61263				2
2024.07.10	02:57:56.204	0.61264				2
2024.07.10	02:57:58.230		0.61266			4
2024.07.10	02:57:58.538		0.61265			4
2024.07.10	02:58:01.160	0.61264				2
2024.07.10	02:58:02.188	0.61263	0.61264			6
2024.07.10	02:58:03.745	0.61264	0.61265			6
2024.07.10	02:58:04.377	0.61263	0.61264			6
2024.07.10	02:58:27.964	0.61264	0.61265			6
2024.07.10	02:58:28.585	0.61266	0.61267			6
2024.07.10	02:58:49.907	0.61268	0.61269			6
2024.07.10	02:58:51.336	0.61269	0.61270			6
2024.07.10	02:59:00.218	0.61269				2
2024.07.10	02:59:07.974	0.61268	0.61269			6
2024.07.10	02:59:09.239		0.61270			4
2024.07.10	02:59:26.754	0.61267				2
2024.07.10	02:59:28.599	0.61268				2
2024.07.10	02:59:37.070	0.61269				2
2024.07.10	02:59:42.788	0.61268				2
2024.07.10	02:59:46.142	0.61269				2
2024.07.10	02:59:56.510	0.61268	0.61269			6
2024.07.10	02:59:57.213		0.61270			4
2024.07.10	03:00:00.315	0.61269				2
2024.07.10	03:00:10.362	0.61270	0.61271			6
2024.07.10	03:00:11.875	0.61269	0.61270			6
2024.07.10	03:00:13.725	0.61270	0.61271			6
2024.07.10	03:00:14.376	0.61271	0.61272			6
2024.07.10	03:00:14.750	0.61270	0.61271			6
2024.07.10	03:00:15.458	0.61276	0.61278			6
2024.07.10	03:00:15.765	0.61278	0.61279			6
2024.07.10	03:00:16.083	0.61277	0.61278			6
2024.07.10	03:00:16.391	0.61276				2
2024.07.10	03:00:17.447	0.61274	0.61275			6
2024.07.10	03:00:19.310	0.61272	0.61274			6
2024.07.10	03:00:19.615	0.61271	0.61272			6
2024.07.10	03:00:20.042	0.61269	0.61270			6
2024.07.10	03:00:21.322	0.61272	0.61274			6
2024.07.10	03:00:22.565	0.61270	0.61271			6
2024.07.10	03:00:22.980	0.61269	0.61270			6
2024.07.10	03:00:24.090	0.61271	0.61272			6
2024.07.10	03:00:24.449		0.61273			4
2024.07.10	03:00:25.063		0.61272			4
2024.07.10	03:00:27.141	0.61273	0.61274			6
2024.07.10	03:00:27.456	0.61272				2
2024.07.10	03:00:28.295	0.61269	0.61270			6
2024.07.10	03:00:31.326	0.61271	0.61272			6
2024.07.10	03:00:33.405	0.61270	0.61271			6
2024.07.10	03:00:33.712	0.61269	0.61270			6
2024.07.10	03:00:39.457	0.61270	0.61271			6
2024.07.10	03:00:42.015	0.61269	0.61270			6
2024.07.10	03:00:43.500	0.61268				2
2024.07.10	03:00:44.232	0.61269				2
2024.07.10	03:00:45.039	0.61274	0.61276			6
2024.07.10	03:00:45.344	0.61275	0.61277			6
2024.07.10	03:00:46.348	0.61274				2
2024.07.10	03:00:46.686	0.61275				2
2024.07.10	03:00:50.089	0.61277	0.61280			6
2024.07.10	03:00:50.840		0.61281			4
2024.07.10	03:00:51.357	0.61278				2
2024.07.10	03:00:52.274		0.61280			4
2024.07.10	03:00:54.470	0.61276	0.61277			6
2024.07.10	03:00:54.777	0.61277	0.61279			6
2024.07.10	03:00:55.534	0.61279	0.61280			6
2024.07.10	03:00:59.136	0.61280	0.61281			6
2024.07.10	03:01:00.331	0.61280				2
2024.07.10	03:01:00.642	0.61282	0.61284			6
2024.07.10	03:01:00.961	0.61284	0.61286			6
2024.07.10	03:01:01.885	0.61280	0.61281			6
2024.07.10	03:01:02.222	0.61281	0.61282			6
2024.07.10	03:01:02.581	0.61280	0.61281			6
2024.07.10	03:01:04.857	0.61279				2
2024.07.10	03:01:05.163	0.61278	0.61280			6
2024.07.10	03:01:08.734		0.61279			4
2024.07.10	03:01:09.127		0.61280			4
2024.07.10	03:01:11.558	0.61279				2
2024.07.10	03:01:14.252	0.61278				2
2024.07.10	03:01:14.667	0.61279				2
2024.07.10	03:01:18.506	0.61274	0.61275			6
2024.07.10	03:01:21.535		0.61277			4
2024.07.10	03:01:22.344	0.61275	0.61276			6
2024.07.10	03:01:22.879	0.61276	0.61278			6
2024.07.10	03:01:24.891	0.61277	0.61279			6
2024.07.10	03:01:25.986	0.61278				2
2024.07.10	03:01:29.381	0.61275	0.61276			6
2024.07.10	03:01:30.501	0.61277	0.61278			6
2024.07.10	03:01:31.015	0.61276				2
2024.07.10	03:01:34.594	0.61278	0.61280			6
2024.07.10	03:01:38.417	0.61279				2
2024.07.10	03:01:46.363	0.61275	0.61276			6
2024.07.10	03:01:47.367	0.61276	0.61277			6
2024.07.10	03:01:47.681	0.61277	0.61279			6
2024.07.10	03:01:48.144	0.61278				2
2024.07.10	03:01:49.127	0.61277	0.61278			6
2024.07.10	03:01:49.444	0.61275	0.61276			6
2024.07.10	03:01:50.073	0.61273	0.61275			6
2024.07.10	03:01:51.052	0.61275	0.61276			6
2024.07.10	03:01:51.365	0.61276	0.61277			6
2024.07.10	03:01:51.678	0.61275				2
2024.07.10	03:01:52.654		0.61276			4
2024.07.10	03:01:53.358	0.61274	0.61275			6
2024.07.10	03:01:54.326	0.61273				2
2024.07.10	03:01:56.010	0.61274	0.61277			6
2024.07.10	03:01:56.492	0.61275				2
2024.07.10	03:01:56.858	0.61276				2
2024.07.10	03:01:58.934	0.61275	0.61276			6
2024.07.10	03:01:59.252	0.61276	0.61277			6
2024.07.10	03:01:59.554	0.61275	0.61276			6
2024.07.10	03:02:00.435	0.61275				2
2024.07.10	03:02:01.357	0.61276	0.61277			6
2024.07.10	03:02:01.759	0.61275	0.61276			6
2024.07.10	03:02:02.422	0.61276	0.61277			6
2024.07.10	03:02:02.953	0.61272	0.61274			6
2024.07.10	03:02:03.633		0.61273			4
2024.07.10	03:02:06.417		0.61274			4
2024.07.10	03:02:07.484	0.61274	0.61275			6
2024.07.10	03:02:11.149		0.61276			4
2024.07.10	03:02:18.371	0.61273				2
2024.07.10	03:02:19.047	0.61275				2
2024.07.10	03:02:30.389	0.61277	0.61279			6
2024.07.10	03:02:30.961		0.61280			4
2024.07.10	03:02:35.540	0.61280	0.61281			6
2024.07.10	03:02:35.882	0.61279	0.61280			6
2024.07.10	03:02:42.499	0.61277	0.61279			6
2024.07.10	03:02:42.826	0.61279	0.61280			6
2024.07.10	03:02:44.425	0.61275	0.61276			6
2024.07.10	03:02:46.534	0.61274				2
2024.07.10	03:02:53.966	0.61275				2
2024.07.10	03:02:54.282	0.61274				2
2024.07.10	03:03:00.042	0.61274				2
2024.07.10	03:03:02.273		0.61275			4
2024.07.10	03:03:02.631		0.61276			4
2024.07.10	03:03:03.388		0.61275			4
2024.07.10	03:03:03.942		0.61276			4
2024.07.10	03:03:07.229		0.61275			4
2024.07.10	03:03:07.548	0.61271	0.61274			6
2024.07.10	03:03:08.178	0.61273				2
2024.07.10	03:03:11.447	0.61270	0.61271			6
2024.07.10	03:03:12.495	0.61269				2
2024.07.10	03:03:13.568		0.61272			4
2024.07.10	03:03:22.632	0.61272	0.61273			6
2024.07.10	03:03:22.940		0.61274			4
2024.07.10	03:03:23.272		0.61275			4
2024.07.10	03:03:23.581	0.61274				2
2024.07.10	03:03:28.431	0.61272	0.61274			6
2024.07.10	03:03:28.977	0.61271				2
2024.07.10	03:03:34.183	0.61274	0.61275			6
2024.07.10	03:03:52.798	0.61270	0.61271			6
2024.07.10	03:03:53.110		0.61272			4
2024.07.10	03:03:54.127	0.61271				2
2024.07.10	03:03:56.724		0.61273			4
2024.07.10	03:03:57.996		0.61272			4
2024.07.10	03:03:58.631	0.61270	0.61271			6
2024.07.10	03:04:00.325	0.61270				2
2024.07.10	03:04:07.042	0.61272	0.61273			6
2024.07.10	03:04:07.432		0.61274			4
2024.07.10	03:04:10.369	0.61274	0.61275			6
2024.07.10	03:04:18.794	0.61272	0.61274			6
2024.07.10	03:04:37.200		0.61273			4
2024.07.10	03:04:37.502		0.61274			4
2024.07.10	03:04:39.854	0.61274	0.61276			6
2024.07.10	03:04:51.136	0.61275				2
2024.07.10	03:04:51.455	0.61274				2
2024.07.10	03:04:54.509		0.61277			4
2024.07.10	03:04:54.878		0.61276			4
2024.07.10	03:04:56.815	0.61273				2
2024.07.10	03:05:00.299	0.61273				2
2024.07.10	03:05:00.674	0.61274				2
2024.07.10	03:05:01.290	0.61271	0.61274			6
2024.07.10	03:05:01.666	0.61272				2
2024.07.10	03:05:24.614	0.61270	0.61271			6
2024.07.10	03:05:27.163	0.61269				2
2024.07.10	03:05:27.495		0.61270			4
2024.07.10	03:05:28.346	0.61270	0.61271			6
2024.07.10	03:05:29.702	0.61271	0.61272			6
2024.07.10	03:05:30.010		0.61273			4
2024.07.10	03:05:30.626		0.61272			4
2024.07.10	03:05:31.766	0.61269	0.61271			6
2024.07.10	03:05:32.591	0.61271	0.61272			6
2024.07.10	03:05:35.077	0.61270				2
2024.07.10	03:06:00.055	0.61270				2
2024.07.10	03:06:00.365		0.61271			4
2024.07.10	03:06:01.007	0.61269	0.61270			6
2024.07.10	03:06:01.527	0.61268				2
2024.07.10	03:06:02.407	0.61269	0.61271			6
2024.07.10	03:06:02.718	0.61270				2
2024.07.10	03:06:04.731	0.61266	0.61267			6
2024.07.10	03:06:05.042	0.61265				2
2024.07.10	03:06:05.377		0.61266			4
2024.07.10	03:06:06.889		0.61267			4
2024.07.10	03:06:08.877	0.61266				2
2024.07.10	03:06:14.944	0.61265				2
2024.07.10	03:06:15.425	0.61267	0.61269			6
2024.07.10	03:06:15.742	0.61268	0.61270			6
2024.07.10	03:06:17.338		0.61269			4
2024.07.10	03:06:17.643		0.61270			4
2024.07.10	03:06:19.996		0.61269			4
2024.07.10	03:06:21.108	0.61266	0.61267			6
2024.07.10	03:06:22.462	0.61265				2
2024.07.10	03:06:25.668	0.61266				2
2024.07.10	03:06:27.451	0.61265				2
2024.07.10	03:06:37.054	0.61264	0.61266			6
2024.07.10	03:06:39.418		0.61265			4
2024.07.10	03:06:43.511		0.61266			4
2024.07.10	03:06:45.567	0.61261	0.61262			6
2024.07.10	03:06:45.994		0.61263			4
2024.07.10	03:06:46.953		0.61262			4
2024.07.10	03:06:58.624	0.61262	0.61263			6
2024.07.10	03:07:00.423	0.61261				2
2024.07.10	03:07:03.340		0.61262			4
2024.07.10	03:07:07.264	0.61263	0.61265			6
2024.07.10	03:07:11.996		0.61264			4
2024.07.10	03:07:12.298		0.61265			4
2024.07.10	03:07:13.307	0.61264	0.61266			6
2024.07.10	03:07:18.378	0.61265	0.61267			6
2024.07.10	03:07:19.717	0.61264	0.61266			6
2024.07.10	03:07:23.860	0.61265				2
2024.07.10	03:07:24.494	0.61264	0.61265			6
2024.07.10	03:07:24.959		0.61266			4
2024.07.10	03:07:25.260		0.61265			4
2024.07.10	03:07:25.825		0.61266			4
2024.07.10	03:07:48.023		0.61265			4
2024.07.10	03:07:48.324		0.61266			4
2024.07.10	03:08:00.263	0.61264				2
2024.07.10	03:08:04.323	0.61266	0.61268			6
2024.07.10	03:08:05.703		0.61267			4
2024.07.10	03:08:06.012	0.61265				2
2024.07.10	03:08:06.981	0.61269	0.61270			6
2024.07.10	03:08:17.463	0.61268				2
2024.07.10	03:08:20.013	0.61266	0.61267			6
2024.07.10	03:08:23.331	0.61269	0.61271			6
2024.07.10	03:08:37.557	0.61268	0.61270			6
2024.07.10	03:08:47.414	0.61266	0.61267			6
2024.07.10	03:08:48.886		0.61268			4
2024.07.10	03:08:54.511		0.61267			4
2024.07.10	03:08:56.412	0.61267	0.61268			6
2024.07.10	03:08:56.733	0.61266	0.61267			6
2024.07.10	03:08:58.435	0.61265				2
2024.07.10	03:09:00.422	0.61265				2
2024.07.10	03:09:02.535		0.61266			4
2024.07.10	03:09:04.475	0.61264				2
2024.07.10	03:09:06.303	0.61262	0.61263			6
2024.07.10	03:09:11.691	0.61264	0.61266			6
2024.07.10	03:09:16.925	0.61265				2
2024.07.10	03:09:18.646		0.61267			4
2024.07.10	03:09:18.953	0.61267	0.61268			6
2024.07.10	03:09:19.284		0.61269			4
2024.07.10	03:09:19.925	0.61265	0.61267			6
2024.07.10	03:09:20.241		0.61266			4
2024.07.10	03:09:21.408		0.61267			4
2024.07.10	03:09:23.539	0.61264	0.61266			6
2024.07.10	03:09:36.764	0.61265	0.61267			6
2024.07.10	03:09:39.097	0.61266	0.61268			6
2024.07.10	03:09:47.978	0.61267	0.61269			6
2024.07.10	03:09:48.398		0.61268			4
2024.07.10	03:09:51.165	0.61269	0.61271			6
2024.07.10	03:09:52.931	0.61270				2
2024.07.10	03:09:55.084		0.61272			4
2024.07.10	03:09:56.843	0.61269	0.61271			6
2024.07.10	03:10:00.130	0.61269				2
2024.07.10	03:10:15.218	0.61271	0.61273			6
2024.07.10	03:10:16.180	0.61272				2
2024.07.10	03:10:17.427	0.61271	0.61272			6
2024.07.10	03:10:19.213	0.61272	0.61273			6
2024.07.10	03:10:19.515	0.61271				2
2024.07.10	03:10:21.469	0.61272				2
2024.07.10	03:10:23.131	0.61275	0.61276			6
2024.07.10	03:10:23.443	0.61274	0.61275			6
2024.07.10	03:10:24.213		0.61276			4
2024.07.10	03:10:35.122	0.61275				2
2024.07.10	03:10:38.830		0.61277			4
2024.07.10	03:10:57.249	0.61274	0.61276			6
2024.07.10	03:10:57.561		0.61275			4
2024.07.10	03:11:00.079	0.61274				2
2024.07.10	03:11:03.225		0.61276			4
2024.07.10	03:11:06.642	0.61271	0.61273			6
2024.07.10	03:11:06.950	0.61272				2
2024.07.10	03:11:09.166		0.61274			4
2024.07.10	03:11:10.575	0.61271				2
2024.07.10	03:11:17.065	0.61272	0.61273			6
2024.07.10	03:11:19.944	0.61271				2
2024.07.10	03:11:23.997		0.61272			4
2024.07.10	03:11:24.299	0.61272	0.61273			6
2024.07.10	03:11:24.604	0.61271				2
2024.07.10	03:11:27.883	0.61272				2
2024.07.10	03:11:29.449		0.61274			4
2024.07.10	03:11:34.842		0.61273			4
2024.07.10	03:11:35.537	0.61271				2
2024.07.10	03:11:38.804	0.61270	0.61272			6
2024.07.10	03:11:39.121		0.61271			4
2024.07.10	03:11:42.125		0.61272			4
2024.07.10	03:11:42.892		0.61271			4
2024.07.10	03:11:45.263	0.61273	0.61274			6
2024.07.10	03:11:50.113	0.61274	0.61275			6
2024.07.10	03:11:50.485	0.61273	0.61274			6
2024.07.10	03:11:50.890	0.61274	0.61275			6
2024.07.10	03:11:51.390	0.61276	0.61277			6
2024.07.10	03:11:53.168	0.61277	0.61278			6
2024.07.10	03:12:00.098	0.61277				2
2024.07.10	03:12:30.536	0.61278	0.61279			6
2024.07.10	03:12:30.930	0.61277	0.61278			6
2024.07.10	03:12:36.030	0.61276				2
2024.07.10	03:12:36.364	0.61277				2
2024.07.10	03:12:37.313	0.61276				2
2024.07.10	03:12:49.962		0.61277			4
2024.07.10	03:13:00.421	0.61276				2
2024.07.10	03:13:05.631	0.61277	0.61278			6
2024.07.10	03:13:05.936	0.61276				2
2024.07.10	03:13:08.643	0.61277				2
2024.07.10	03:13:10.076	0.61276				2
2024.07.10	03:13:15.105		0.61277			4
2024.07.10	03:13:19.507	0.61277	0.61279			6
2024.07.10	03:13:21.597	0.61278				2
2024.07.10	03:13:23.646	0.61277	0.61278			6
2024.07.10	03:13:28.052	0.61275	0.61277			6
2024.07.10	03:13:28.363		0.61276			4
2024.07.10	03:13:38.366	0.61271	0.61273			6
2024.07.10	03:13:39.996	0.61272				2
2024.07.10	03:13:49.428	0.61275	0.61276			6
2024.07.10	03:13:49.781	0.61273	0.61274			6
2024.07.10	03:13:52.422	0.61275	0.61276			6
2024.07.10	03:13:53.601	0.61276	0.61277			6
2024.07.10	03:13:53.932	0.61275	0.61276			6
2024.07.10	03:13:58.687	0.61274	0.61275			6
2024.07.10	03:13:58.999		0.61276			4
2024.07.10	03:13:59.659		0.61275			4
2024.07.10	03:14:00.341	0.61274	0.61276			6
2024.07.10	03:14:04.671	0.61275				2
2024.07.10	03:14:11.880	0.61277	0.61278			6
2024.07.10	03:14:14.726	0.61278	0.61279			6
2024.07.10	03:14:21.726	0.61279	0.61281			6
2024.07.10	03:14:22.034	0.61281	0.61282			6
2024.07.10	03:14:23.154	0.61279	0.61281			6
2024.07.10	03:14:25.169	0.61281	0.61282			6
2024.07.10	03:14:28.921	0.61280				2
2024.07.10	03:14:38.984	0.61279	0.61281			6
2024.07.10	03:14:40.860		0.61280			4
2024.07.10	03:14:47.348	0.61280	0.61281			6
2024.07.10	03:14:50.202	0.61282	0.61283			6
2024.07.10	03:14:51.852	0.61281	0.61282			6
2024.07.10	03:15:00.053	0.61281				2
2024.07.10	03:15:00.471	0.61282	0.61283			6
2024.07.10	03:15:01.137	0.61285	0.61286			6
2024.07.10	03:15:01.445		0.61287			4
2024.07.10	03:15:02.140		0.61286			4
2024.07.10	03:15:02.451	0.61286	0.61287			6
2024.07.10	03:15:04.224	0.61287	0.61288			6
2024.07.10	03:15:05.800	0.61286	0.61287			6
2024.07.10	03:15:11.065	0.61285				2
2024.07.10	03:15:15.970	0.61286				2
2024.07.10	03:15:16.399		0.61288			4
2024.07.10	03:15:18.316	0.61287	0.61289			6
2024.07.10	03:15:19.625	0.61289	0.61291			6
2024.07.10	03:15:20.739		0.61290			4
2024.07.10	03:15:21.477		0.61291			4
2024.07.10	03:15:22.896	0.61290				2
2024.07.10	03:15:23.749	0.61289				2
2024.07.10	03:15:40.044	0.61284	0.61286			6
2024.07.10	03:15:41.458		0.61285			4
2024.07.10	03:15:41.883	0.61283				2
2024.07.10	03:15:45.176	0.61284	0.61286			6
2024.07.10	03:15:46.686	0.61285	0.61287			6
2024.07.10	03:15:55.721		0.61286			4
2024.07.10	03:16:00.311	0.61285				2
2024.07.10	03:16:07.195		0.61287			4
2024.07.10	03:16:22.808		0.61286			4
2024.07.10	03:16:23.109		0.61287			4
2024.07.10	03:16:38.515	0.61284	0.61285			6
2024.07.10	03:16:38.847		0.61286			4
2024.07.10	03:16:40.700	0.61285				2
2024.07.10	03:16:43.696	0.61284				2
2024.07.10	03:16:44.899		0.61287			4
2024.07.10	03:16:48.138	0.61286				2
2024.07.10	03:16:51.377	0.61285				2
2024.07.10	03:16:54.005	0.61286	0.61288			6
2024.07.10	03:16:54.859		0.61289			4
2024.07.10	03:16:56.115	0.61288				2
2024.07.10	03:16:56.424	0.61287	0.61288			6
2024.07.10	03:16:58.660	0.61285	0.61287			6
2024.07.10	03:17:00.124	0.61285				2
2024.07.10	03:17:00.426	0.61286	0.61288			6
2024.07.10	03:17:00.730	0.61285				2
2024.07.10	03:17:01.525		0.61287			4
2024.07.10	03:17:01.890	0.61284				2
2024.07.10	03:17:02.626	0.61285				2
2024.07.10	03:17:02.927	0.61284				2
2024.07.10	03:17:03.488	0.61285				2
2024.07.10	03:17:04.948	0.61284				2
2024.07.10	03:17:05.478	0.61285				2
2024.07.10	03:17:06.004	0.61284				2
2024.07.10	03:17:07.059	0.61282	0.61284			6
2024.07.10	03:17:12.131	0.61283	0.61285			6
2024.07.10	03:17:12.435		0.61286			4
2024.07.10	03:17:16.201	0.61282	0.61285			6
2024.07.10	03:17:16.505		0.61284			4
2024.07.10	03:17:16.949	0.61283	0.61285			6
2024.07.10	03:17:18.382	0.61284	0.61286			6
2024.07.10	03:17:18.683	0.61283				2
2024.07.10	03:17:19.227	0.61284				2
2024.07.10	03:17:19.530	0.61283				2
2024.07.10	03:17:24.249	0.61284	0.61287			6
2024.07.10	03:17:26.506	0.61283				2
2024.07.10	03:17:30.414	0.61285	0.61288			6
2024.07.10	03:17:30.721	0.61284				2
2024.07.10	03:17:31.292	0.61285	0.61287			6
2024.07.10	03:17:42.013	0.61286				2
2024.07.10	03:17:42.318	0.61285				2
2024.07.10	03:18:00.053	0.61285				2
2024.07.10	03:18:01.742	0.61286	0.61289			6
2024.07.10	03:18:02.045	0.61287	0.61290			6
2024.07.10	03:18:02.659	0.61289	0.61291			6
2024.07.10	03:18:03.987	0.61290	0.61293			6
2024.07.10	03:18:04.926		0.61292			4
2024.07.10	03:18:12.791	0.61291				2
2024.07.10	03:18:13.157	0.61290	0.61293			6
2024.07.10	03:18:13.519		0.61292			4
2024.07.10	03:18:37.585		0.61291			4
2024.07.10	03:18:38.106		0.61292			4
2024.07.10	03:18:46.967	0.61291	0.61293			6
2024.07.10	03:18:47.292	0.61292				2
2024.07.10	03:18:47.597	0.61291				2
2024.07.10	03:18:47.902		0.61292			4
2024.07.10	03:18:48.241	0.61292	0.61293			6
2024.07.10	03:18:48.549	0.61291				2
2024.07.10	03:18:50.577	0.61292	0.61294			6
2024.07.10	03:18:51.421		0.61293			4
2024.07.10	03:18:54.763	0.61291				2
2024.07.10	03:18:58.216	0.61292				2
2024.07.10	03:18:59.411	0.61291				2
2024.07.10	03:18:59.735	0.61292				2
2024.07.10	03:19:00.071	0.61291				2
2024.07.10	03:19:00.389	0.61292				2
2024.07.10	03:19:03.474	0.61290	0.61292			6
2024.07.10	03:19:04.262		0.61291			4
2024.07.10	03:19:04.831	0.61292	0.61293			6
2024.07.10	03:19:05.178	0.61290	0.61292			6
2024.07.10	03:19:11.450	0.61292	0.61293			6
2024.07.10	03:19:37.881		0.61294			4
2024.07.10	03:19:41.130		0.61293			4
2024.07.10	03:19:42.017	0.61293	0.61295			6
2024.07.10	03:19:42.347	0.61295	0.61297			6
2024.07.10	03:19:44.185	0.61296				2
2024.07.10	03:19:54.322		0.61298			4
2024.07.10	03:19:54.684		0.61297			4
2024.07.10	03:20:00.431	0.61296	0.61298			6
2024.07.10	03:20:03.680		0.61297			4
2024.07.10	03:20:08.224	0.61295				2
2024.07.10	03:20:11.153	0.61297	0.61299			6
2024.07.10	03:20:12.943	0.61298				2
2024.07.10	03:20:13.468	0.61297				2
2024.07.10	03:20:32.579	0.61302	0.61303			6
2024.07.10	03:20:32.889	0.61301	0.61302			6
2024.07.10	03:20:33.193	0.61302	0.61303			6
2024.07.10	03:20:33.941	0.61301				2
2024.07.10	03:20:34.291		0.61302			4
2024.07.10	03:20:38.110		0.61303			4
2024.07.10	03:20:38.439		0.61302			4
2024.07.10	03:20:41.719	0.61302	0.61303			6
2024.07.10	03:20:42.101	0.61301	0.61302			6
2024.07.10	03:20:42.409	0.61297	0.61299			6
2024.07.10	03:20:49.181		0.61298			4
2024.07.10	03:20:53.906		0.61299			4
2024.07.10	03:20:57.215		0.61298			4
2024.07.10	03:21:00.416	0.61298	0.61300			6
2024.07.10	03:21:00.721	0.61299				2
2024.07.10	03:21:01.536		0.61301			4
2024.07.10	03:21:06.685	0.61300	0.61302			6
2024.07.10	03:21:07.000		0.61301			4
2024.07.10	03:21:07.321		0.61302			4
2024.07.10	03:21:18.381		0.61303			4
2024.07.10	03:21:20.165	0.61301	0.61304			6
2024.07.10	03:21:20.468	0.61303	0.61305			6
2024.07.10	03:21:21.394		0.61306			4
2024.07.10	03:21:24.240	0.61304	0.61307			6
2024.07.10	03:21:26.263	0.61307	0.61308			6
2024.07.10	03:21:26.625		0.61309			4
2024.07.10	03:21:36.262	0.61306				2
2024.07.10	03:21:37.075	0.61307				2
2024.07.10	03:21:37.977		0.61310			4
2024.07.10	03:21:39.033	0.61310	0.61312			6
2024.07.10	03:21:39.342	0.61309				2
2024.07.10	03:21:39.647		0.61311			4
2024.07.10	03:21:40.266		0.61312			4
2024.07.10	03:21:40.961		0.61311			4
2024.07.10	03:21:42.041	0.61310				2
2024.07.10	03:21:42.467	0.61309				2
2024.07.10	03:21:42.771	0.61310				2
2024.07.10	03:21:43.162	0.61311	0.61314			6
2024.07.10	03:21:43.851	0.61308	0.61311			6
2024.07.10	03:21:49.250	0.61310				2
2024.07.10	03:21:49.877	0.61309				2
2024.07.10	03:21:50.208	0.61310	0.61312			6
2024.07.10	03:21:53.415	0.61309	0.61311			6
2024.07.10	03:21:55.242		0.61310			4
2024.07.10	03:21:55.548	0.61308				2
2024.07.10	03:22:00.445	0.61308				2
2024.07.10	03:22:03.948	0.61309	0.61311			6
2024.07.10	03:22:06.439	0.61310				2
2024.07.10	03:22:09.751	0.61311	0.61312			6
2024.07.10	03:22:11.689	0.61310	0.61311			6
2024.07.10	03:22:11.990	0.61311	0.61312			6
2024.07.10	03:22:14.962	0.61310				2
2024.07.10	03:22:23.626	0.61311	0.61313			6
2024.07.10	03:22:24.035	0.61312	0.61315			6
2024.07.10	03:22:24.345	0.61314	0.61316			6
2024.07.10	03:22:25.688	0.61315	0.61317			6
2024.07.10	03:22:28.917	0.61316				2
2024.07.10	03:22:30.369	0.61317	0.61319			6
2024.07.10	03:22:31.028		0.61318			4
2024.07.10	03:22:33.712	0.61316				2
2024.07.10	03:22:34.087	0.61315	0.61317			6
2024.07.10	03:22:37.226	0.61317	0.61318			6
2024.07.10	03:22:37.530	0.61315	0.61317			6
2024.07.10	03:22:47.833	0.61316				2
2024.07.10	03:22:48.142		0.61318			4
2024.07.10	03:22:51.442		0.61317			4
2024.07.10	03:22:51.911		0.61318			4
2024.07.10	03:22:57.026	0.61315	0.61317			6
2024.07.10	03:23:00.326	0.61315				2
2024.07.10	03:23:02.226	0.61316				2
2024.07.10	03:23:02.923		0.61318			4
2024.07.10	03:23:04.243	0.61317				2
2024.07.10	03:23:05.085	0.61316				2
2024.07.10	03:23:16.124	0.61312	0.61313			6
2024.07.10	03:23:16.428		0.61314			4
2024.07.10	03:23:18.325		0.61313			4
2024.07.10	03:23:21.700		0.61314			4
2024.07.10	03:23:25.499	0.61313				2
2024.07.10	03:23:26.055	0.61312				2
2024.07.10	03:23:26.895	0.61314	0.61316			6
2024.07.10	03:23:27.204	0.61313	0.61314			6
2024.07.10	03:23:30.098	0.61314	0.61316			6
2024.07.10	03:23:50.225	0.61313	0.61315			6
2024.07.10	03:23:51.011		0.61314			4
2024.07.10	03:24:00.392	0.61310	0.61312			6
2024.07.10	03:24:05.386	0.61311				2
2024.07.10	03:24:09.840	0.61310				2
2024.07.10	03:24:37.005	0.61311	0.61313			6
2024.07.10	03:24:38.543	0.61314	0.61316			6
2024.07.10	03:24:41.041		0.61317			4
2024.07.10	03:24:43.757	0.61316	0.61318			6
2024.07.10	03:24:44.064	0.61315				2
2024.07.10	03:24:47.676	0.61316				2
2024.07.10	03:24:47.983	0.61315	0.61317			6
2024.07.10	03:24:56.658	0.61314	0.61316			6
2024.07.10	03:25:00.432	0.61314				2
2024.07.10	03:25:01.121		0.61317			4
2024.07.10	03:25:04.788	0.61316				2
2024.07.10	03:25:05.118	0.61314				2
2024.07.10	03:25:17.707		0.61316			4
2024.07.10	03:25:20.662	0.61313	0.61315			6
2024.07.10	03:25:28.664	0.61312				2
2024.07.10	03:25:32.185		0.61314			4
2024.07.10	03:25:34.406		0.61315			4
2024.07.10	03:25:40.026	0.61309	0.61311			6
2024.07.10	03:25:41.353		0.61312			4
2024.07.10	03:25:41.684	0.61310	0.61311			6
2024.07.10	03:25:46.089	0.61309				2
2024.07.10	03:25:51.032	0.61310	0.61313			6
2024.07.10	03:25:55.763	0.61311				2
2024.07.10	03:25:56.090	0.61310	0.61312			6
2024.07.10	03:26:00.155	0.61310				2
2024.07.10	03:26:00.457		0.61313			4
2024.07.10	03:26:02.389	0.61311				2
2024.07.10	03:26:06.684	0.61310	0.61311			6
2024.07.10	03:26:08.390	0.61309	0.61310			6
2024.07.10	03:26:11.653	0.61306	0.61309			6
2024.07.10	03:26:11.978	0.61307	0.61310			6
2024.07.10	03:26:13.427	0.61308				2
2024.07.10	03:26:13.730	0.61307	0.61309			6
2024.07.10	03:26:15.635	0.61308	0.61310			6
2024.07.10	03:26:16.638	0.61310	0.61312			6
2024.07.10	03:26:18.795	0.61309				2
2024.07.10	03:26:19.807		0.61311			4
2024.07.10	03:26:20.982	0.61310	0.61312			6
2024.07.10	03:26:36.182	0.61312	0.61314			6
2024.07.10	03:26:36.484		0.61313			4
2024.07.10	03:26:37.245		0.61314			4
2024.07.10	03:26:40.876	0.61313	0.61315			6
2024.07.10	03:26:43.830		0.61314			4
2024.07.10	03:26:44.148	0.61312	0.61313			6
2024.07.10	03:26:48.109		0.61314			4
2024.07.10	03:27:00.416	0.61313	0.61315			6
2024.07.10	03:27:00.739	0.61312	0.61314			6
2024.07.10	03:27:03.262	0.61310	0.61312			6
2024.07.10	03:27:08.215	0.61313	0.61315			6
2024.07.10	03:27:08.533	0.61312	0.61314			6
2024.07.10	03:27:13.164	0.61311				2
2024.07.10	03:27:15.305	0.61313				2
2024.07.10	03:27:16.380		0.61315			4
2024.07.10	03:27:18.677	0.61314	0.61316			6
2024.07.10	03:27:23.410		0.61315			4
2024.07.10	03:27:33.126		0.61316			4
2024.07.10	03:27:33.438	0.61315	0.61317			6
2024.07.10	03:27:40.210	0.61314	0.61316			6
2024.07.10	03:27:50.922	0.61313	0.61315			6
2024.07.10	03:27:54.597	0.61314	0.61316			6
2024.07.10	03:28:00.345	0.61313	0.61314			6
2024.07.10	03:28:00.652		0.61315			4
2024.07.10	03:28:00.963		0.61314			4
2024.07.10	03:28:01.377		0.61315			4
2024.07.10	03:28:02.350	0.61312	0.61313			6
2024.07.10	03:28:02.665	0.61309	0.61311			6
2024.07.10	03:28:03.215	0.61311	0.61313			6
2024.07.10	03:28:03.836	0.61312				2
2024.07.10	03:28:04.432	0.61311				2
2024.07.10	03:28:11.902	0.61313	0.61314			6
2024.07.10	03:28:12.305	0.61311	0.61313			6
2024.07.10	03:28:22.709	0.61310	0.61312			6
2024.07.10	03:28:28.732	0.61312	0.61313			6
2024.07.10	03:28:33.621	0.61310	0.61312			6
2024.07.10	03:28:34.051	0.61311				2
2024.07.10	03:28:34.976	0.61310				2
2024.07.10	03:28:36.458	0.61311	0.61313			6
2024.07.10	03:28:42.245	0.61312	0.61314			6
2024.07.10	03:28:46.551	0.61311	0.61313			6
2024.07.10	03:28:49.114		0.61312			4
2024.07.10	03:28:49.426	0.61310				2
2024.07.10	03:28:56.005		0.61313			4
2024.07.10	03:28:58.513		0.61312			4
2024.07.10	03:28:58.824		0.61313			4
2024.07.10	03:28:59.927	0.61309	0.61311			6
2024.07.10	03:29:00.237	0.61306	0.61308			6
2024.07.10	03:29:16.752	0.61304	0.61307			6
2024.07.10	03:29:17.063	0.61303	0.61306			6
2024.07.10	03:29:17.793	0.61304	0.61307			6
2024.07.10	03:29:18.102		0.61306			4
2024.07.10	03:29:18.768	0.61305	0.61307			6
2024.07.10	03:29:20.665	0.61304				2
2024.07.10	03:29:26.640		0.61306			4
2024.07.10	03:29:26.944	0.61301	0.61304			6
2024.07.10	03:29:36.206	0.61300	0.61303			6
2024.07.10	03:29:36.514		0.61302			4
2024.07.10	03:29:37.123	0.61298	0.61301			6
2024.07.10	03:29:37.427	0.61300	0.61303			6
2024.07.10	03:29:39.959	0.61299	0.61302			6
2024.07.10	03:29:40.706	0.61297	0.61299			6
2024.07.10	03:29:41.894		0.61300			4
2024.07.10	03:29:46.200	0.61300	0.61302			6
2024.07.10	03:29:49.202		0.61301			4
2024.07.10	03:29:49.507		0.61302			4
2024.07.10	03:29:52.169	0.61297	0.61299			6
2024.07.10	03:29:58.345	0.61295	0.61298			6
2024.07.10	03:29:58.646	0.61297	0.61299			6
2024.07.10	03:29:59.381	0.61296	0.61298			6
2024.07.10	03:30:00.003	0.61297	0.61299			6
2024.07.10	03:30:00.353	0.61296	0.61298			6
2024.07.10	03:30:00.944		0.61297			4
2024.07.10	03:30:01.311	0.61297	0.61298			6
2024.07.10	03:30:03.391	0.61298	0.61299			6
2024.07.10	03:30:05.068	0.61299	0.61300			6
2024.07.10	03:30:11.215		0.61302			4
2024.07.10	03:30:13.703	0.61300	0.61303			6
2024.07.10	03:30:15.479	0.61299	0.61302			6
2024.07.10	03:30:18.922	0.61302	0.61304			6
2024.07.10	03:30:23.275	0.61303	0.61305			6
2024.07.10	03:30:23.582	0.61304	0.61306			6
2024.07.10	03:30:24.462	0.61303				2
2024.07.10	03:30:24.826	0.61304				2
2024.07.10	03:30:25.742	0.61303				2
2024.07.10	03:30:27.020	0.61304				2
2024.07.10	03:30:27.321	0.61303				2
2024.07.10	03:30:27.955	0.61302				2
2024.07.10	03:30:30.463		0.61305			4
2024.07.10	03:30:30.770		0.61304			4
2024.07.10	03:30:35.807	0.61304	0.61305			6
2024.07.10	03:30:36.138	0.61303	0.61306			6
2024.07.10	03:30:36.445	0.61305	0.61307			6
2024.07.10	03:30:39.986	0.61306	0.61308			6
2024.07.10	03:30:40.303	0.61307				2
2024.07.10	03:30:40.679	0.61305				2
2024.07.10	03:30:41.477	0.61306				2
2024.07.10	03:30:42.492	0.61307	0.61309			6
2024.07.10	03:30:43.375	0.61308	0.61311			6
2024.07.10	03:30:44.967	0.61309				2
2024.07.10	03:30:47.773		0.61312			4
2024.07.10	03:30:48.092	0.61310	0.61313			6
2024.07.10	03:30:49.878	0.61311				2
2024.07.10	03:30:51.512	0.61313	0.61315			6
2024.07.10	03:30:53.927	0.61315	0.61317			6
2024.07.10	03:31:00.228	0.61314	0.61316			6
2024.07.10	03:31:03.277	0.61313	0.61315			6
2024.07.10	03:31:04.079	0.61312	0.61314			6
2024.07.10	03:31:04.384	0.61310	0.61313			6
2024.07.10	03:31:04.693	0.61311	0.61314			6
2024.07.10	03:31:10.210	0.61312				2
2024.07.10	03:31:14.373	0.61311				2
2024.07.10	03:31:19.875	0.61312				2
2024.07.10	03:31:21.080	0.61311				2
2024.07.10	03:31:21.766	0.61312				2
2024.07.10	03:31:22.163	0.61310	0.61312			6
2024.07.10	03:31:23.174		0.61313			4
2024.07.10	03:31:24.803	0.61311				2
2024.07.10	03:31:26.325	0.61310				2
2024.07.10	03:31:26.890	0.61312	0.61315			6
2024.07.10	03:31:34.181	0.61309	0.61312			6
2024.07.10	03:31:37.007		0.61311			4
2024.07.10	03:31:41.474	0.61302	0.61304			6
2024.07.10	03:31:41.783		0.61305			4
2024.07.10	03:31:55.213	0.61304				2
2024.07.10	03:31:55.516	0.61302				2
2024.07.10	03:32:00.107	0.61302				2
2024.07.10	03:32:05.095	0.61304	0.61306			6
2024.07.10	03:32:11.448	0.61303	0.61305			6
2024.07.10	03:32:11.764	0.61304	0.61306			6
2024.07.10	03:32:13.637	0.61303				2
2024.07.10	03:32:14.692	0.61302	0.61304			6
2024.07.10	03:32:21.210	0.61303	0.61306			6
2024.07.10	03:32:23.158		0.61305			4
2024.07.10	03:32:34.640		0.61306			4
2024.07.10	03:32:40.523	0.61302	0.61304			6
2024.07.10	03:32:42.456	0.61301	0.61303			6
2024.07.10	03:32:58.721	0.61302	0.61304			6
2024.07.10	03:32:59.062	0.61304	0.61306			6
2024.07.10	03:32:59.380	0.61303				2
2024.07.10	03:33:00.422	0.61303	0.61305			6
2024.07.10	03:33:01.088	0.61308	0.61309			6
2024.07.10	03:33:01.402	0.61309	0.61311			6
2024.07.10	03:33:02.350	0.61308				2
2024.07.10	03:33:02.681		0.61310			4
2024.07.10	03:33:03.906	0.61306	0.61309			6
2024.07.10	03:33:04.210	0.61307				2
2024.07.10	03:33:06.571	0.61308	0.61310			6
2024.07.10	03:33:06.912	0.61310	0.61312			6
2024.07.10	03:33:07.223	0.61308	0.61310			6
2024.07.10	03:33:18.396	0.61307	0.61309			6
2024.07.10	03:33:29.932	0.61305	0.61307			6
2024.07.10	03:33:43.140	0.61306				2
2024.07.10	03:33:43.520	0.61305				2
2024.07.10	03:33:47.026	0.61304				2
2024.07.10	03:33:47.726		0.61306			4
2024.07.10	03:33:48.207	0.61303	0.61305			6
2024.07.10	03:33:48.523	0.61302				2
2024.07.10	03:33:50.160		0.61304			4
2024.07.10	03:33:50.789		0.61305			4
2024.07.10	03:33:53.881	0.61304	0.61307			6
2024.07.10	03:33:56.840	0.61303	0.61306			6
2024.07.10	03:33:57.165	0.61301	0.61304			6
2024.07.10	03:33:59.171	0.61299	0.61301			6
2024.07.10	03:34:00.204	0.61299				2
2024.07.10	03:34:10.968	0.61301	0.61304			6
2024.07.10	03:34:11.284	0.61300	0.61303			6
2024.07.10	03:34:12.905	0.61301				2
2024.07.10	03:34:13.213		0.61304			4
2024.07.10	03:34:22.640	0.61303	0.61305			6
2024.07.10	03:34:22.943	0.61301	0.61303			6
2024.07.10	03:34:25.825		0.61304			4
2024.07.10	03:34:27.203	0.61302				2
2024.07.10	03:34:29.619		0.61305			4
2024.07.10	03:34:30.263	0.61301	0.61303			6
2024.07.10	03:34:41.216	0.61299	0.61301			6
2024.07.10	03:35:00.368	0.61299				2
2024.07.10	03:35:06.531	0.61298	0.61300			6
2024.07.10	03:35:18.078	0.61299	0.61301			6
2024.07.10	03:35:20.197		0.61300			4
2024.07.10	03:35:20.582		0.61301			4
2024.07.10	03:35:22.508	0.61298	0.61300			6
2024.07.10	03:35:39.202	0.61299				2
2024.07.10	03:35:40.187	0.61298	0.61299			6
2024.07.10	03:35:42.314	0.61297				2
2024.07.10	03:35:43.571	0.61298				2
2024.07.10	03:35:44.571	0.61297				2
2024.07.10	03:35:44.963	0.61298				2
2024.07.10	03:35:46.044	0.61297				2
2024.07.10	03:35:52.710	0.61299	0.61300			6
2024.07.10	03:35:53.122	0.61297	0.61299			6
2024.07.10	03:35:56.293	0.61294	0.61296			6
2024.07.10	03:35:58.660	0.61293	0.61295			6
2024.07.10	03:36:00.272	0.61287	0.61289			6
2024.07.10	03:36:00.624	0.61286	0.61288			6
2024.07.10	03:36:04.223	0.61284	0.61286			6
2024.07.10	03:36:16.110	0.61283	0.61285			6
2024.07.10	03:36:16.575		0.61286			4
2024.07.10	03:36:19.420	0.61281	0.61283			6
2024.07.10	03:36:20.512		0.61282			4
2024.07.10	03:36:20.814		0.61283			4
2024.07.10	03:36:24.153	0.61280				2
2024.07.10	03:36:30.358		0.61284			4
2024.07.10	03:36:31.356	0.61283	0.61286			6
2024.07.10	03:36:31.695	0.61284	0.61287			6
2024.07.10	03:36:32.317		0.61286			4
2024.07.10	03:36:32.947		0.61287			4
2024.07.10	03:36:38.669		0.61286			4
2024.07.10	03:36:50.168	0.61283				2
2024.07.10	03:36:51.253	0.61284				2
2024.07.10	03:36:52.377	0.61283				2
2024.07.10	03:36:54.064	0.61284				2
2024.07.10	03:36:57.185		0.61287			4
2024.07.10	03:37:00.406	0.61283	0.61286			6
2024.07.10	03:37:00.797	0.61284				2
2024.07.10	03:37:01.231		0.61287			4
2024.07.10	03:37:08.416	0.61283	0.61286			6
2024.07.10	03:37:08.721		0.61287			4
2024.07.10	03:37:09.204	0.61282	0.61286			6
2024.07.10	03:37:09.506	0.61281	0.61284			6
2024.07.10	03:37:15.608		0.61283			4
2024.07.10	03:37:18.998	0.61279	0.61282			6
2024.07.10	03:37:23.283	0.61283	0.61286			6
2024.07.10	03:37:24.405		0.61285			4
2024.07.10	03:37:28.578	0.61281	0.61284			6
2024.07.10	03:37:36.367	0.61282				2
2024.07.10	03:37:37.776	0.61281				2
2024.07.10	03:37:38.913	0.61283	0.61285			6
2024.07.10	03:37:39.259		0.61286			4
2024.07.10	03:37:39.921		0.61285			4
2024.07.10	03:37:40.273	0.61282				2
2024.07.10	03:37:42.578	0.61281	0.61284			6
2024.07.10	03:37:49.225	0.61284	0.61285			6
2024.07.10	03:37:49.573	0.61283	0.61284			6
2024.07.10	03:37:50.790	0.61282				2
2024.07.10	03:37:59.918	0.61280	0.61282			6
2024.07.10	03:38:00.229	0.61279				2
2024.07.10	03:38:00.593	0.61280				2
2024.07.10	03:38:02.897	0.61281				2
2024.07.10	03:38:03.926	0.61280				2
2024.07.10	03:38:04.256	0.61279				2
2024.07.10	03:38:07.324	0.61280				2
2024.07.10	03:38:15.531	0.61283	0.61284			6
2024.07.10	03:38:15.841	0.61282	0.61285			6
2024.07.10	03:38:16.212		0.61284			4
2024.07.10	03:38:17.879		0.61283			4
2024.07.10	03:38:19.655	0.61281				2
2024.07.10	03:38:20.128	0.61282				2
2024.07.10	03:38:20.435	0.61281				2
2024.07.10	03:38:22.075		0.61284			4
2024.07.10	03:38:22.385		0.61283			4
2024.07.10	03:38:27.638	0.61280	0.61282			6
2024.07.10	03:38:28.260		0.61281			4
2024.07.10	03:38:30.897		0.61282			4
2024.07.10	03:38:31.960	0.61281	0.61283			6
2024.07.10	03:38:32.885	0.61282				2
2024.07.10	03:38:33.401		0.61284			4
2024.07.10	03:38:34.403	0.61281	0.61283			6
2024.07.10	03:38:35.355	0.61282				2
2024.07.10	03:38:36.487		0.61284			4
2024.07.10	03:38:36.921		0.61283			4
2024.07.10	03:38:38.236		0.61284			4
2024.07.10	03:38:47.196		0.61283			4
2024.07.10	03:38:47.547	0.61281				2
2024.07.10	03:38:52.724	0.61280				2
2024.07.10	03:38:53.026	0.61279	0.61282			6
2024.07.10	03:38:55.168	0.61280	0.61283			6
2024.07.10	03:38:55.481		0.61282			4
2024.07.10	03:38:58.553	0.61282	0.61283			6
2024.07.10	03:39:00.402	0.61282				2
2024.07.10	03:39:04.220	0.61281				2
2024.07.10	03:39:05.471	0.61282				2
2024.07.10	03:39:07.021		0.61284			4
2024.07.10	03:39:07.338		0.61283			4
2024.07.10	03:39:07.646	0.61281				2
2024.07.10	03:39:12.027	0.61280	0.61282			6
2024.07.10	03:39:13.363		0.61281			4
2024.07.10	03:39:13.725		0.61282			4
2024.07.10	03:39:15.728	0.61279				2
2024.07.10	03:39:21.683	0.61277	0.61279			6
2024.07.10	03:39:21.984	0.61275	0.61278			6
2024.07.10	03:39:22.285	0.61276				2
2024.07.10	03:39:23.078	0.61277	0.61279			6
2024.07.10	03:39:23.414		0.61278			4
2024.07.10	03:39:24.481		0.61279			4
2024.07.10	03:39:24.954		0.61278			4
2024.07.10	03:39:27.837		0.61279			4
2024.07.10	03:39:28.257	0.61278				2
2024.07.10	03:39:28.561	0.61279	0.61281			6
2024.07.10	03:39:38.551	0.61280				2
2024.07.10	03:39:38.889		0.61282			4
2024.07.10	03:39:39.545		0.61281			4
2024.07.10	03:39:45.669	0.61275	0.61277			6
2024.07.10	03:39:46.000		0.61278			4
2024.07.10	03:39:46.821	0.61277				2
2024.07.10	03:39:47.125	0.61275	0.61277			6
2024.07.10	03:39:47.451	0.61278	0.61279			6
2024.07.10	03:39:47.876	0.61277	0.61278			6
2024.07.10	03:39:51.256	0.61275				2
2024.07.10	03:40:00.275	0.61275				2
2024.07.10	03:40:01.408	0.61274	0.61277			6
2024.07.10	03:40:06.371	0.61276	0.61279			6
2024.07.10	03:40:06.731	0.61277				2
2024.07.10	03:40:13.001	0.61279	0.61281			6
2024.07.10	03:40:18.224	0.61277	0.61279			6
2024.07.10	03:40:18.564		0.61280			4
2024.07.10	03:40:23.370	0.61279	0.61281			6
2024.07.10	03:40:23.800		0.61280			4
2024.07.10	03:40:27.426		0.61281			4
2024.07.10	03:40:27.751	0.61277	0.61279			6
2024.07.10	03:40:32.992	0.61278	0.61280			6
2024.07.10	03:40:34.575	0.61277	0.61279			6
2024.07.10	03:40:34.885		0.61280			4
2024.07.10	03:40:37.102		0.61279			4
2024.07.10	03:40:37.435		0.61280			4
2024.07.10	03:40:37.816	0.61278				2
2024.07.10	03:40:38.122	0.61275	0.61277			6
2024.07.10	03:40:38.717	0.61276	0.61278			6
2024.07.10	03:40:39.399	0.61277	0.61279			6
2024.07.10	03:40:45.126	0.61275	0.61277			6
2024.07.10	03:40:47.378	0.61274				2
2024.07.10	03:40:52.132		0.61276			4
2024.07.10	03:40:53.338	0.61277	0.61279			6
2024.07.10	03:40:55.077	0.61279	0.61280			6
2024.07.10	03:40:56.382	0.61280	0.61281			6
2024.07.10	03:40:56.711	0.61279	0.61280			6
2024.07.10	03:40:57.672		0.61281			4
2024.07.10	03:40:59.794	0.61281	0.61282			6
2024.07.10	03:41:00.105	0.61282	0.61284			6
2024.07.10	03:41:00.412	0.61281	0.61283			6
2024.07.10	03:41:00.903	0.61280	0.61282			6
2024.07.10	03:41:01.224	0.61281	0.61283			6
2024.07.10	03:41:01.750	0.61282	0.61285			6
2024.07.10	03:41:02.733	0.61283				2
2024.07.10	03:41:03.037	0.61284				2
2024.07.10	03:41:03.383		0.61286			4
2024.07.10	03:41:03.780	0.61285				2
2024.07.10	03:41:04.083	0.61284				2
2024.07.10	03:41:08.957	0.61283	0.61285			6
2024.07.10	03:41:09.430	0.61284	0.61286			6
2024.07.10	03:41:10.812	0.61283				2
2024.07.10	03:41:11.731	0.61284				2
2024.07.10	03:41:14.525	0.61285				2
2024.07.10	03:41:14.840	0.61286	0.61287			6
2024.07.10	03:41:20.304	0.61287	0.61289			6
2024.07.10	03:41:27.614	0.61288				2
2024.07.10	03:41:27.917	0.61287				2
2024.07.10	03:41:36.833	0.61288	0.61290			6
2024.07.10	03:41:37.156	0.61289				2
2024.07.10	03:41:37.464		0.61291			4
2024.07.10	03:41:52.409	0.61288	0.61290			6
2024.07.10	03:41:53.662		0.61291			4
2024.07.10	03:41:54.286		0.61290			4
2024.07.10	03:41:59.325	0.61289	0.61291			6
2024.07.10	03:42:00.413	0.61289				2
2024.07.10	03:42:03.394	0.61288				2
2024.07.10	03:42:03.700	0.61289				2
2024.07.10	03:42:04.002	0.61288	0.61290			6
2024.07.10	03:42:04.338	0.61287				2
2024.07.10	03:42:04.807	0.61288				2
2024.07.10	03:42:07.551	0.61291	0.61293			6
2024.07.10	03:42:10.762	0.61290	0.61292			6
2024.07.10	03:42:11.428	0.61291	0.61293			6
2024.07.10	03:42:12.466	0.61290				2
2024.07.10	03:42:13.368	0.61291				2
2024.07.10	03:42:15.512	0.61293	0.61295			6
2024.07.10	03:42:15.825	0.61294	0.61296			6
2024.07.10	03:42:17.689	0.61292	0.61294			6
2024.07.10	03:42:18.369	0.61291				2
2024.07.10	03:42:18.676	0.61290	0.61292			6
2024.07.10	03:42:20.631		0.61293			4
2024.07.10	03:42:21.971		0.61292			4
2024.07.10	03:42:22.359	0.61291	0.61293			6
2024.07.10	03:42:23.746	0.61289	0.61291			6
2024.07.10	03:42:24.512	0.61290	0.61292			6
2024.07.10	03:42:24.889	0.61289	0.61291			6
2024.07.10	03:42:28.652		0.61292			4
2024.07.10	03:42:29.290		0.61291			4
2024.07.10	03:42:35.135		0.61292			4
2024.07.10	03:42:39.683		0.61291			4
2024.07.10	03:42:44.954	0.61288	0.61290			6
2024.07.10	03:42:52.576	0.61289	0.61291			6
2024.07.10	03:42:55.342	0.61284	0.61286			6
2024.07.10	03:42:57.050	0.61285	0.61287			6
2024.07.10	03:42:57.616		0.61286			4
2024.07.10	03:42:57.919		0.61287			4
2024.07.10	03:43:00.419	0.61285				2
2024.07.10	03:43:02.273	0.61284	0.61286			6
2024.07.10	03:43:02.588	0.61285	0.61287			6
2024.07.10	03:43:05.252	0.61284	0.61286			6
2024.07.10	03:43:06.509	0.61285	0.61287			6
2024.07.10	03:43:06.824	0.61284	0.61286			6
2024.07.10	03:43:07.308	0.61282	0.61284			6
2024.07.10	03:43:19.962	0.61283	0.61285			6
2024.07.10	03:43:29.961		0.61284			4
2024.07.10	03:43:30.318		0.61285			4
2024.07.10	03:43:30.963	0.61282	0.61284			6
2024.07.10	03:43:31.371	0.61284	0.61286			6
2024.07.10	03:43:33.137	0.61283	0.61285			6
2024.07.10	03:43:38.346	0.61284	0.61286			6
2024.07.10	03:43:41.492	0.61283	0.61285			6
2024.07.10	03:43:41.803	0.61282				2
2024.07.10	03:43:45.963	0.61284	0.61286			6
2024.07.10	03:43:46.277	0.61285	0.61287			6
2024.07.10	03:43:46.582	0.61284	0.61286			6
2024.07.10	03:43:52.401	0.61285	0.61288			6
2024.07.10	03:44:00.221	0.61285				2
2024.07.10	03:44:00.555		0.61287			4
2024.07.10	03:44:01.247		0.61288			4
2024.07.10	03:44:10.758	0.61284	0.61287			6
2024.07.10	03:44:11.170		0.61286			4
2024.07.10	03:44:13.239	0.61285				2
2024.07.10	03:44:13.539	0.61284				2
2024.07.10	03:44:17.876	0.61281	0.61284			6
2024.07.10	03:44:18.187	0.61283	0.61285			6
2024.07.10	03:44:19.351	0.61282				2
2024.07.10	03:44:27.872	0.61281	0.61284			6
2024.07.10	03:44:30.933	0.61282	0.61285			6
2024.07.10	03:44:39.957	0.61284	0.61286			6
2024.07.10	03:44:44.787	0.61283				2
2024.07.10	03:44:51.307	0.61284				2
2024.07.10	03:45:00.291	0.61284				2
2024.07.10	03:45:03.102	0.61281	0.61284			6
2024.07.10	03:45:06.621	0.61282				2
2024.07.10	03:45:08.617	0.61279	0.61282			6
2024.07.10	03:45:16.675		0.61281			4
2024.07.10	03:45:25.426	0.61278	0.61279			6
2024.07.10	03:45:25.727	0.61277				2
2024.07.10	03:45:27.015	0.61274	0.61277			6
2024.07.10	03:45:27.376		0.61276			4
2024.07.10	03:45:29.155	0.61275	0.61277			6
2024.07.10	03:45:29.544		0.61276			4
2024.07.10	03:45:34.562	0.61277	0.61280			6
2024.07.10	03:45:38.161		0.61279			4
2024.07.10	03:45:50.195		0.61278			4
2024.07.10	03:45:50.713		0.61279			4
2024.07.10	03:45:52.682	0.61276				2
2024.07.10	03:45:58.141	0.61277				2
2024.07.10	03:46:00.423	0.61275	0.61278			6
2024.07.10	03:46:01.240		0.61277			4
2024.07.10	03:46:06.779	0.61280	0.61281			6
2024.07.10	03:46:07.085	0.61279				2
2024.07.10	03:46:11.399	0.61277	0.61279			6
2024.07.10	03:46:11.729	0.61276	0.61278			6
2024.07.10	03:46:12.714	0.61274	0.61276			6
2024.07.10	03:46:16.531	0.61275	0.61277			6
2024.07.10	03:46:32.844	0.61277	0.61279			6
2024.07.10	03:46:52.835		0.61278			4
2024.07.10	03:46:54.558	0.61276				2
2024.07.10	03:46:57.104	0.61274	0.61277			6
2024.07.10	03:46:57.411		0.61276			4
2024.07.10	03:47:00.322	0.61274				2
2024.07.10	03:47:02.266	0.61275				2
2024.07.10	03:47:02.680	0.61274				2
2024.07.10	03:47:08.853		0.61275			4
2024.07.10	03:47:09.477		0.61276			4
2024.07.10	03:47:10.205		0.61275			4
2024.07.10	03:47:10.525		0.61276			4
2024.07.10	03:47:13.575		0.61275			4
2024.07.10	03:47:14.224		0.61276			4
2024.07.10	03:47:24.610		0.61277			4
2024.07.10	03:47:24.925	0.61271	0.61274			6
2024.07.10	03:47:27.051	0.61272				2
2024.07.10	03:47:29.173	0.61273	0.61275			6
2024.07.10	03:47:29.802	0.61272	0.61274			6
2024.07.10	03:47:54.649	0.61271	0.61273			6
2024.07.10	03:47:54.963	0.61269	0.61272			6
2024.07.10	03:47:55.338		0.61271			4
2024.07.10	03:47:59.337		0.61272			4
