<DATE>	<TIME>	<BID>	<ASK>	<LAST>	<VOLUME>	<FLAGS>
2024.12.30	00:00:00.061	0.56249	0.56422			6
2024.12.30	00:00:31.015	0.56256	0.56412			6
2024.12.30	00:01:01.304	0.56256				2
2024.12.30	00:01:33.385		0.56406			4
2024.12.30	00:01:35.507		0.56355			4
2024.12.30	00:02:01.290	0.56256	0.56354			6
2024.12.30	00:02:57.104	0.56283				2
2024.12.30	00:03:01.293	0.56283	0.56353			6
2024.12.30	00:03:36.116	0.56166	0.56361			6
2024.12.30	00:03:50.056	0.56278	0.56354			6
2024.12.30	00:04:00.945	0.56278				2
2024.12.30	00:04:35.817		0.56353			4
2024.12.30	00:04:47.093		0.56414			4
2024.12.30	00:05:05.585	0.56278	0.56411			6
2024.12.30	00:05:06.443		0.56410			4
2024.12.30	00:05:08.187		0.56408			4
2024.12.30	00:05:10.704		0.56403			4
2024.12.30	00:05:11.233		0.56407			4
2024.12.30	00:05:12.607		0.56414			4
2024.12.30	00:05:13.763		0.56407			4
2024.12.30	00:05:15.468		0.56410			4
2024.12.30	00:05:15.881		0.56374			4
2024.12.30	00:05:25.967		0.56373			4
2024.12.30	00:05:30.591		0.56374			4
2024.12.30	00:05:32.387		0.56373			4
2024.12.30	00:05:42.892		0.56372			4
2024.12.30	00:05:54.038		0.56376			4
2024.12.30	00:05:55.190		0.56375			4
2024.12.30	00:05:57.310		0.56374			4
2024.12.30	00:05:58.307		0.56375			4
2024.12.30	00:05:59.685		0.56374			4
2024.12.30	00:06:00.320	0.56278	0.56375			6
2024.12.30	00:06:03.885		0.56374			4
2024.12.30	00:06:09.676	0.56266				2
2024.12.30	00:06:10.245		0.56373			4
2024.12.30	00:06:11.776		0.56374			4
2024.12.30	00:06:12.238		0.56373			4
2024.12.30	00:06:12.738	0.56265				2
2024.12.30	00:06:15.267		0.56374			4
2024.12.30	00:06:17.687		0.56373			4
2024.12.30	00:06:19.183		0.56374			4
2024.12.30	00:06:22.221	0.56266	0.56373			6
2024.12.30	00:06:22.717	0.56265				2
2024.12.30	00:06:24.218	0.56266				2
2024.12.30	00:06:27.234		0.56372			4
2024.12.30	00:06:27.722	0.56265				2
2024.12.30	00:06:30.191		0.56373			4
2024.12.30	00:06:35.297		0.56372			4
2024.12.30	00:06:36.758	0.56266	0.56373			6
2024.12.30	00:06:37.728		0.56372			4
2024.12.30	00:06:38.261	0.56265				2
2024.12.30	00:06:45.597		0.56371			4
2024.12.30	00:07:00.202	0.56265				2
2024.12.30	00:07:14.162		0.56370			4
2024.12.30	00:07:33.887		0.56369			4
2024.12.30	00:08:07.103	0.56265				2
2024.12.30	00:08:09.891		0.56368			4
2024.12.30	00:08:18.163	0.56264				2
2024.12.30	00:08:54.892		0.56367			4
2024.12.30	00:09:02.078	0.56264				2
2024.12.30	00:09:06.878		0.56365			4
2024.12.30	00:09:43.491		0.56364			4
2024.12.30	00:10:00.321	0.56264				2
2024.12.30	00:10:01.999	0.56267				2
2024.12.30	00:10:13.399		0.56369			4
2024.12.30	00:10:13.990	0.56273	0.56372			6
2024.12.30	00:10:17.912	0.56268	0.56373			6
2024.12.30	00:10:18.346	0.56267				2
2024.12.30	00:10:21.936	0.56268	0.56378			6
2024.12.30	00:10:24.179	0.56285				2
2024.12.30	00:10:28.521	0.56275				2
2024.12.30	00:10:33.225	0.56270				2
2024.12.30	00:10:38.344	0.56282				2
2024.12.30	00:10:38.875	0.56275				2
2024.12.30	00:10:39.389	0.56283				2
2024.12.30	00:10:41.431	0.56284				2
2024.12.30	00:10:48.169	0.56275				2
2024.12.30	00:11:01.976	0.56275				2
2024.12.30	00:11:10.932	0.56277				2
2024.12.30	00:11:14.694		0.56377			4
2024.12.30	00:11:37.959	0.56275				2
2024.12.30	00:11:38.777	0.56278				2
2024.12.30	00:11:39.463	0.56273				2
2024.12.30	00:11:39.933	0.56283				2
2024.12.30	00:12:13.795	0.56283				2
2024.12.30	00:12:14.103	0.56282				2
2024.12.30	00:12:14.757		0.56380			4
2024.12.30	00:12:15.091	0.56283				2
2024.12.30	00:12:15.482		0.56372			4
2024.12.30	00:12:16.791		0.56381			4
2024.12.30	00:12:17.897	0.56277				2
2024.12.30	00:12:28.705	0.56272				2
2024.12.30	00:12:38.880		0.56380			4
2024.12.30	00:12:40.381		0.56381			4
2024.12.30	00:12:48.437	0.56263	0.56379			6
2024.12.30	00:12:48.742	0.56262				2
2024.12.30	00:12:49.427	0.56265				2
2024.12.30	00:12:49.732	0.56266				2
2024.12.30	00:12:50.084	0.56272				2
2024.12.30	00:13:00.372	0.56272				2
2024.12.30	00:13:02.930	0.56262				2
2024.12.30	00:13:26.055		0.56380			4
2024.12.30	00:13:29.010	0.56259				2
2024.12.30	00:13:30.003	0.56262				2
2024.12.30	00:13:47.579	0.56269	0.56379			6
2024.12.30	00:13:49.137	0.56277				2
2024.12.30	00:13:49.747	0.56276				2
2024.12.30	00:13:52.188	0.56282				2
2024.12.30	00:13:56.431	0.56276	0.56373			6
2024.12.30	00:13:58.222	0.56275				2
2024.12.30	00:13:59.115		0.56372			4
2024.12.30	00:14:00.177	0.56275	0.56366			6
2024.12.30	00:14:01.487		0.56359			4
2024.12.30	00:14:01.815	0.56272				2
2024.12.30	00:14:02.798	0.56275	0.56357			6
2024.12.30	00:14:03.309		0.56369			4
2024.12.30	00:14:05.217	0.56278	0.56365			6
2024.12.30	00:14:06.404	0.56283				2
2024.12.30	00:14:09.482	0.56287				2
2024.12.30	00:14:09.807	0.56288				2
2024.12.30	00:14:11.876	0.56290	0.56362			6
2024.12.30	00:14:20.882	0.56279	0.56357			6
2024.12.30	00:14:21.904	0.56278				2
2024.12.30	00:14:22.664	0.56283	0.56356			6
2024.12.30	00:14:22.970	0.56290	0.56357			6
2024.12.30	00:14:23.602	0.56292	0.56356			6
2024.12.30	00:14:29.284	0.56288				2
2024.12.30	00:14:29.800	0.56255	0.56353			6
2024.12.30	00:14:30.430		0.56352			4
2024.12.30	00:14:31.111	0.56254	0.56349			6
2024.12.30	00:14:31.764		0.56347			4
2024.12.30	00:14:32.225		0.56345			4
2024.12.30	00:14:33.499		0.56341			4
2024.12.30	00:14:36.179		0.56338			4
2024.12.30	00:14:40.158	0.56259				2
2024.12.30	00:14:57.633	0.56263				2
2024.12.30	00:15:00.223	0.56257				2
2024.12.30	00:15:02.126	0.56262				2
2024.12.30	00:15:02.648	0.56263				2
2024.12.30	00:15:03.452	0.56267				2
2024.12.30	00:15:04.184		0.56344			4
2024.12.30	00:15:06.405	0.56270				2
2024.12.30	00:15:08.422	0.56273				2
2024.12.30	00:15:11.298	0.56275	0.56343			6
2024.12.30	00:15:11.881	0.56277				2
2024.12.30	00:15:12.187	0.56280	0.56345			6
2024.12.30	00:15:19.486	0.56282	0.56344			6
2024.12.30	00:15:22.285	0.56276	0.56353			6
2024.12.30	00:15:22.675	0.56283				2
2024.12.30	00:15:25.109	0.56286	0.56357			6
2024.12.30	00:15:29.275		0.56356			4
2024.12.30	00:15:29.586	0.56290				2
2024.12.30	00:15:34.438	0.56288	0.56355			6
2024.12.30	00:15:36.182	0.56287	0.56353			6
2024.12.30	00:15:36.719		0.56352			4
2024.12.30	00:15:38.266		0.56351			4
2024.12.30	00:15:39.110		0.56350			4
2024.12.30	00:15:41.295		0.56349			4
2024.12.30	00:15:45.489		0.56347			4
2024.12.30	00:16:00.787	0.56287				2
2024.12.30	00:16:09.678	0.56280				2
2024.12.30	00:16:10.132	0.56271				2
2024.12.30	00:16:10.637	0.56270				2
2024.12.30	00:16:11.124	0.56277	0.56346			6
2024.12.30	00:16:18.419		0.56345			4
2024.12.30	00:16:19.737	0.56279				2
2024.12.30	00:16:25.111	0.56268				2
2024.12.30	00:16:27.181		0.56343			4
2024.12.30	00:16:29.487		0.56342			4
2024.12.30	00:16:29.790	0.56271				2
2024.12.30	00:16:33.735		0.56341			4
2024.12.30	00:16:39.776	0.56267	0.56338			6
2024.12.30	00:16:47.755	0.56265				2
2024.12.30	00:16:48.140	0.56270				2
2024.12.30	00:16:50.436	0.56271				2
2024.12.30	00:16:52.110	0.56272	0.56342			6
2024.12.30	00:16:54.449	0.56271				2
2024.12.30	00:16:59.899	0.56266	0.56341			6
2024.12.30	00:17:00.776	0.56266				2
2024.12.30	00:17:01.437		0.56340			4
2024.12.30	00:17:05.083		0.56338			4
2024.12.30	00:17:09.779	0.56264				2
2024.12.30	00:17:10.440	0.56258				2
2024.12.30	00:17:16.121	0.56256	0.56342			6
2024.12.30	00:17:16.424	0.56250	0.56354			6
2024.12.30	00:18:01.380	0.56250				2
2024.12.30	00:18:09.277	0.56251				2
2024.12.30	00:18:17.591		0.56354			4
2024.12.30	00:18:26.813	0.56250				2
2024.12.30	00:19:00.480	0.56250				2
2024.12.30	00:19:18.776		0.56354			4
2024.12.30	00:19:53.291		0.56349			4
2024.12.30	00:19:53.698	0.56257				2
2024.12.30	00:19:54.757		0.56338			4
2024.12.30	00:20:00.196	0.56264				2
2024.12.30	00:20:00.522	0.56262				2
2024.12.30	00:20:06.478	0.56265				2
2024.12.30	00:20:20.530	0.56261				2
2024.12.30	00:20:30.567	0.56260				2
2024.12.30	00:20:40.507	0.56262				2
2024.12.30	00:20:43.782	0.56260	0.56339			6
2024.12.30	00:20:44.129	0.56265	0.56341			6
2024.12.30	00:20:44.796	0.56262	0.56338			6
2024.12.30	00:21:00.494	0.56261				2
2024.12.30	00:21:08.290	0.56262				2
2024.12.30	00:21:10.680		0.56341			4
2024.12.30	00:21:11.776	0.56263				2
2024.12.30	00:21:13.495	0.56264				2
2024.12.30	00:21:17.494	0.56266				2
2024.12.30	00:21:20.746	0.56263	0.56340			6
2024.12.30	00:21:21.497		0.56339			4
2024.12.30	00:21:22.338		0.56338			4
2024.12.30	00:21:30.794	0.56262				2
2024.12.30	00:21:31.785	0.56263				2
2024.12.30	00:21:50.890	0.56261				2
2024.12.30	00:22:00.194	0.56261				2
2024.12.30	00:22:00.923	0.56258	0.56340			6
2024.12.30	00:22:01.379	0.56263	0.56341			6
2024.12.30	00:22:01.930	0.56258	0.56340			6
2024.12.30	00:22:08.178	0.56261	0.56338			6
2024.12.30	00:22:13.492	0.56262				2
2024.12.30	00:22:14.288	0.56266				2
2024.12.30	00:22:16.445	0.56262				2
2024.12.30	00:22:21.011	0.56263				2
2024.12.30	00:22:21.483		0.56341			4
2024.12.30	00:22:22.013		0.56338			4
2024.12.30	00:22:28.179	0.56260				2
2024.12.30	00:22:31.061	0.56264				2
2024.12.30	00:22:38.400	0.56268				2
2024.12.30	00:22:39.440	0.56270				2
2024.12.30	00:22:40.190	0.56272				2
2024.12.30	00:22:41.097	0.56273				2
2024.12.30	00:22:51.133	0.56265	0.56342			6
2024.12.30	00:23:00.175	0.56265				2
2024.12.30	00:23:11.211		0.56340			4
2024.12.30	00:23:21.257	0.56264	0.56338			6
2024.12.30	00:23:31.300	0.56263				2
2024.12.30	00:23:41.329	0.56262				2
2024.12.30	00:23:51.176	0.56264				2
2024.12.30	00:24:00.788	0.56264				2
2024.12.30	00:24:11.290		0.56340			4
2024.12.30	00:24:14.142		0.56338			4
2024.12.30	00:24:21.454	0.56265				2
2024.12.30	00:24:31.487	0.56264				2
2024.12.30	00:24:33.604	0.56263				2
2024.12.30	00:24:41.432	0.56264				2
2024.12.30	00:24:44.088	0.56262				2
2024.12.30	00:24:51.535	0.56264				2
2024.12.30	00:24:56.189	0.56265				2
2024.12.30	00:25:00.180	0.56265				2
2024.12.30	00:25:01.559	0.56263				2
2024.12.30	00:25:11.583	0.56266				2
2024.12.30	00:25:14.279		0.56338			4
2024.12.30	00:25:18.893	0.56265				2
2024.12.30	00:25:28.182	0.56268				2
2024.12.30	00:25:32.189	0.56267	0.56341			6
2024.12.30	00:25:32.684	0.56273	0.56343			6
2024.12.30	00:25:41.682	0.56271				2
2024.12.30	00:25:43.766	0.56275				2
2024.12.30	00:25:46.408		0.56344			4
2024.12.30	00:25:48.717		0.56343			4
2024.12.30	00:25:51.712	0.56278				2
2024.12.30	00:26:00.220	0.56279				2
2024.12.30	00:26:01.681	0.56267				2
2024.12.30	00:26:03.049		0.56342			4
2024.12.30	00:26:05.495		0.56340			4
2024.12.30	00:26:09.489		0.56339			4
2024.12.30	00:26:10.135	0.56265				2
2024.12.30	00:26:11.769		0.56342			4
2024.12.30	00:26:21.807	0.56267	0.56343			6
2024.12.30	00:26:24.189	0.56268				2
2024.12.30	00:26:25.487	0.56269				2
2024.12.30	00:26:26.407	0.56270				2
2024.12.30	00:26:28.195	0.56274				2
2024.12.30	00:26:31.816	0.56278	0.56344			6
2024.12.30	00:26:41.869	0.56269	0.56341			6
2024.12.30	00:26:42.874	0.56265	0.56342			6
2024.12.30	00:26:43.374	0.56263	0.56343			6
2024.12.30	00:26:45.445	0.56273				2
2024.12.30	00:26:50.692	0.56268	0.56342			6
2024.12.30	00:26:51.210	0.56271				2
2024.12.30	00:26:51.900	0.56268				2
2024.12.30	00:26:52.210	0.56270	0.56343			6
2024.12.30	00:27:00.481	0.56270				2
2024.12.30	00:27:01.943	0.56274				2
2024.12.30	00:27:11.969	0.56266	0.56339			6
2024.12.30	00:27:12.353		0.56341			4
2024.12.30	00:27:13.479	0.56262	0.56342			6
2024.12.30	00:27:13.975	0.56258				2
2024.12.30	00:27:16.028	0.56269	0.56339			6
2024.12.30	00:27:17.492		0.56338			4
2024.12.30	00:27:21.782	0.56261	0.56340			6
2024.12.30	00:27:24.842	0.56264	0.56338			6
2024.12.30	00:27:29.769	0.56265				2
2024.12.30	00:27:32.066	0.56261	0.56340			6
2024.12.30	00:27:33.556	0.56262	0.56338			6
2024.12.30	00:27:46.940	0.56261	0.56340			6
2024.12.30	00:27:47.273	0.56263	0.56338			6
2024.12.30	00:27:52.157	0.56258				2
2024.12.30	00:28:00.385	0.56258				2
2024.12.30	00:28:43.693	0.56253				2
2024.12.30	00:28:47.276		0.56338			4
2024.12.30	00:29:00.044	0.56253				2
2024.12.30	00:29:16.240	0.56250				2
2024.12.30	00:29:20.008	0.56257				2
2024.12.30	00:29:24.288	0.56252				2
2024.12.30	00:29:38.281	0.56253	0.56343			6
2024.12.30	00:29:38.865		0.56346			4
2024.12.30	00:29:39.307	0.56255				2
2024.12.30	00:29:41.369		0.56341			4
2024.12.30	00:29:41.879		0.56350			4
2024.12.30	00:29:48.237	0.56254				2
2024.12.30	00:29:48.622		0.56353			4
2024.12.30	00:30:00.314	0.56255	0.56352			6
2024.12.30	00:30:13.104		0.56346			4
2024.12.30	00:30:21.434	0.56258				2
2024.12.30	00:30:27.810	0.56257	0.56344			6
2024.12.30	00:30:28.122	0.56266	0.56342			6
2024.12.30	00:30:29.341	0.56265	0.56345			6
2024.12.30	00:30:30.780	0.56260	0.56344			6
2024.12.30	00:30:31.087	0.56259	0.56345			6
2024.12.30	00:30:31.998		0.56347			4
2024.12.30	00:30:32.376	0.56258				2
2024.12.30	00:30:32.736	0.56261	0.56343			6
2024.12.30	00:30:36.279	0.56262				2
2024.12.30	00:30:39.639		0.56357			4
2024.12.30	00:30:39.976	0.56261				2
2024.12.30	00:30:40.842	0.56262				2
2024.12.30	00:30:41.976	0.56263	0.56358			6
2024.12.30	00:30:46.682		0.56350			4
2024.12.30	00:30:58.744	0.56267	0.56357			6
2024.12.30	00:30:59.883		0.56358			4
2024.12.30	00:31:00.277	0.56267				2
2024.12.30	00:31:01.780	0.56270				2
2024.12.30	00:31:02.307	0.56271				2
2024.12.30	00:31:03.180	0.56270				2
2024.12.30	00:31:04.188	0.56273				2
2024.12.30	00:31:04.978		0.56357			4
2024.12.30	00:31:06.182		0.56358			4
2024.12.30	00:31:06.803	0.56279	0.56356			6
2024.12.30	00:31:09.109	0.56285	0.56355			6
2024.12.30	00:31:09.481		0.56358			4
2024.12.30	00:31:09.794		0.56357			4
2024.12.30	00:31:12.075	0.56287	0.56366			6
2024.12.30	00:31:17.279		0.56369			4
2024.12.30	00:31:32.991		0.56370			4
2024.12.30	00:31:37.875	0.56288				2
2024.12.30	00:31:43.039	0.56289	0.56371			6
2024.12.30	00:31:45.254	0.56286				2
2024.12.30	00:31:45.788		0.56370			4
2024.12.30	00:31:51.780	0.56287				2
2024.12.30	00:31:53.074	0.56286				2
2024.12.30	00:32:00.356	0.56286				2
2024.12.30	00:32:03.140	0.56288				2
2024.12.30	00:32:07.758	0.56289				2
2024.12.30	00:32:10.997	0.56290				2
2024.12.30	00:32:12.437	0.56291	0.56369			6
2024.12.30	00:32:14.515		0.56363			4
2024.12.30	00:32:15.042		0.56368			4
2024.12.30	00:32:16.175		0.56370			4
2024.12.30	00:32:16.486		0.56371			4
2024.12.30	00:32:23.214	0.56290				2
2024.12.30	00:32:33.180	0.56291				2
2024.12.30	00:32:33.756	0.56290				2
2024.12.30	00:32:43.289	0.56291	0.56372			6
2024.12.30	00:32:45.479		0.56371			4
2024.12.30	00:32:46.316	0.56294				2
2024.12.30	00:32:51.276		0.56372			4
2024.12.30	00:32:56.442	0.56292				2
2024.12.30	00:32:57.524		0.56373			4
2024.12.30	00:32:58.162		0.56374			4
2024.12.30	00:32:58.592		0.56375			4
2024.12.30	00:32:59.460		0.56374			4
2024.12.30	00:33:00.191	0.56292				2
2024.12.30	00:33:01.419		0.56373			4
2024.12.30	00:33:02.535		0.56375			4
2024.12.30	00:33:03.205		0.56377			4
2024.12.30	00:33:06.187		0.56373			4
2024.12.30	00:33:08.657		0.56372			4
2024.12.30	00:33:09.990		0.56370			4
2024.12.30	00:33:11.410		0.56371			4
2024.12.30	00:33:13.415	0.56293				2
2024.12.30	00:33:19.459		0.56370			4
2024.12.30	00:33:23.471	0.56292				2
2024.12.30	00:33:23.983	0.56293				2
2024.12.30	00:33:33.507	0.56294				2
2024.12.30	00:33:36.967		0.56371			4
2024.12.30	00:33:44.053	0.56293				2
2024.12.30	00:33:53.608	0.56294				2
2024.12.30	00:34:00.182	0.56294				2
2024.12.30	00:34:00.604		0.56369			4
2024.12.30	00:34:07.188	0.56293	0.56368			6
2024.12.30	00:34:07.980		0.56367			4
2024.12.30	00:34:10.481		0.56368			4
2024.12.30	00:34:11.826		0.56367			4
2024.12.30	00:34:12.817	0.56292	0.56369			6
2024.12.30	00:34:13.376	0.56282	0.56370			6
2024.12.30	00:34:13.681	0.56279	0.56369			6
2024.12.30	00:34:13.983	0.56272	0.56367			6
2024.12.30	00:34:14.311		0.56372			4
2024.12.30	00:34:14.625	0.56275				2
2024.12.30	00:34:17.669		0.56373			4
2024.12.30	00:34:18.739		0.56362			4
2024.12.30	00:34:19.710	0.56276				2
2024.12.30	00:34:23.728	0.56274				2
2024.12.30	00:34:24.115	0.56273	0.56360			6
2024.12.30	00:34:26.680	0.56274				2
2024.12.30	00:34:28.676	0.56271	0.56359			6
2024.12.30	00:34:28.987	0.56268	0.56358			6
2024.12.30	00:34:29.369	0.56267				2
2024.12.30	00:34:30.728	0.56266				2
2024.12.30	00:34:31.032	0.56267				2
2024.12.30	00:34:31.419	0.56266				2
2024.12.30	00:34:34.155		0.56356			4
2024.12.30	00:34:34.477		0.56355			4
2024.12.30	00:34:34.786		0.56356			4
2024.12.30	00:34:53.576	0.56267				2
2024.12.30	00:34:53.883	0.56268				2
2024.12.30	00:34:54.919	0.56267				2
2024.12.30	00:34:55.235	0.56268				2
2024.12.30	00:34:56.855	0.56267	0.56345			6
2024.12.30	00:35:00.850	0.56267				2
2024.12.30	00:35:04.869	0.56265				2
2024.12.30	00:35:09.113	0.56266				2
2024.12.30	00:35:09.432	0.56268				2
2024.12.30	00:35:14.446	0.56266				2
2024.12.30	00:35:17.199	0.56268				2
2024.12.30	00:35:21.297	0.56266				2
2024.12.30	00:35:31.649	0.56267				2
2024.12.30	00:35:41.433	0.56268				2
2024.12.30	00:35:44.878	0.56267				2
2024.12.30	00:35:52.537	0.56268				2
2024.12.30	00:35:57.180		0.56345			4
2024.12.30	00:36:00.481	0.56268				2
2024.12.30	00:36:04.104	0.56269				2
2024.12.30	00:36:04.987	0.56270				2
2024.12.30	00:36:10.548		0.56346			4
2024.12.30	00:36:14.150	0.56272				2
2024.12.30	00:36:16.993		0.56342			4
2024.12.30	00:36:34.206	0.56274	0.56348			6
2024.12.30	00:36:37.300	0.56275				2
2024.12.30	00:36:41.434	0.56274				2
2024.12.30	00:36:49.474		0.56350			4
2024.12.30	00:36:54.151	0.56275				2
2024.12.30	00:36:56.009	0.56274				2
2024.12.30	00:36:59.914	0.56275				2
2024.12.30	00:37:01.683	0.56275				2
2024.12.30	00:37:14.366	0.56276				2
2024.12.30	00:37:17.934	0.56277				2
2024.12.30	00:37:34.877	0.56281				2
2024.12.30	00:37:35.206	0.56277				2
2024.12.30	00:37:39.677	0.56278				2
2024.12.30	00:37:40.027	0.56276				2
2024.12.30	00:37:44.289	0.56275				2
2024.12.30	00:37:48.745	0.56276				2
2024.12.30	00:37:49.281	0.56277				2
2024.12.30	00:37:49.720	0.56279	0.56350			6
2024.12.30	00:37:54.510	0.56278				2
2024.12.30	00:37:56.081	0.56277				2
2024.12.30	00:38:00.026	0.56278				2
2024.12.30	00:38:03.302	0.56280				2
2024.12.30	00:38:05.279	0.56279				2
2024.12.30	00:38:07.549	0.56280				2
2024.12.30	00:38:10.980	0.56279				2
2024.12.30	00:38:13.695	0.56280				2
2024.12.30	00:38:24.039	0.56283				2
2024.12.30	00:38:39.877	0.56282				2
2024.12.30	00:38:40.226	0.56283				2
2024.12.30	00:38:47.425	0.56282				2
2024.12.30	00:38:49.927	0.56281	0.56350			6
2024.12.30	00:38:54.580	0.56280				2
2024.12.30	00:38:56.381	0.56281				2
2024.12.30	00:39:00.879	0.56280	0.56356			6
2024.12.30	00:39:02.838		0.56350			4
2024.12.30	00:39:05.352	0.56279				2
2024.12.30	00:39:06.729	0.56280				2
2024.12.30	00:39:07.480	0.56279				2
2024.12.30	00:39:24.798	0.56281				2
2024.12.30	00:39:25.562	0.56282				2
2024.12.30	00:39:26.582	0.56283				2
2024.12.30	00:39:29.348	0.56285				2
2024.12.30	00:39:30.801	0.56282				2
2024.12.30	00:39:31.281	0.56281				2
2024.12.30	00:39:32.921		0.56352			4
2024.12.30	00:39:34.595	0.56282				2
2024.12.30	00:39:39.968	0.56283				2
2024.12.30	00:39:40.351	0.56282				2
2024.12.30	00:39:41.023	0.56288	0.56356			6
2024.12.30	00:39:41.740	0.56293	0.56357			6
2024.12.30	00:39:44.856		0.56358			4
2024.12.30	00:39:51.351		0.56357			4
2024.12.30	00:39:51.814		0.56358			4
2024.12.30	00:40:00.487	0.56293				2
2024.12.30	00:40:01.481	0.56300				2
2024.12.30	00:40:10.076		0.56360			4
2024.12.30	00:40:10.681		0.56359			4
2024.12.30	00:40:11.630		0.56362			4
2024.12.30	00:40:13.218	0.56301				2
2024.12.30	00:40:24.992	0.56297	0.56366			6
2024.12.30	00:40:25.301	0.56299	0.56365			6
2024.12.30	00:40:25.623	0.56301				2
2024.12.30	00:40:28.083		0.56366			4
2024.12.30	00:40:45.706		0.56367			4
2024.12.30	00:41:00.391	0.56301				2
2024.12.30	00:41:06.741		0.56366			4
2024.12.30	00:41:07.069	0.56323	0.56370			6
2024.12.30	00:41:07.441		0.56369			4
2024.12.30	00:41:08.603		0.56370			4
2024.12.30	00:41:17.751	0.56313	0.56362			6
2024.12.30	00:41:18.780		0.56357			4
2024.12.30	00:41:19.775		0.56355			4
2024.12.30	00:41:59.367	0.56323	0.56362			6
2024.12.30	00:42:00.367	0.56323				2
2024.12.30	00:42:24.282	0.56328	0.56364			6
2024.12.30	00:42:29.883		0.56372			4
2024.12.30	00:42:31.115		0.56373			4
2024.12.30	00:42:40.201		0.56375			4
2024.12.30	00:43:00.620	0.56328				2
2024.12.30	00:43:41.288		0.56375			4
2024.12.30	00:44:01.290	0.56328				2
2024.12.30	00:44:41.289		0.56375			4
2024.12.30	00:45:01.290	0.56328				2
2024.12.30	00:45:02.105		0.56378			4
2024.12.30	00:45:04.073		0.56375			4
2024.12.30	00:45:08.182	0.56336	0.56361			6
2024.12.30	00:46:00.319	0.56336				2
2024.12.30	00:46:08.320		0.56361			4
2024.12.30	00:46:49.504	0.56340	0.56362			6
2024.12.30	00:46:50.323	0.56343	0.56361			6
2024.12.30	00:46:50.677	0.56344				2
2024.12.30	00:47:00.358	0.56343				2
2024.12.30	00:47:02.113	0.56334	0.56379			6
2024.12.30	00:47:03.930	0.56343	0.56361			6
2024.12.30	00:47:34.251	0.56341	0.56364			6
2024.12.30	00:47:34.676	0.56340				2
2024.12.30	00:47:38.288	0.56338				2
2024.12.30	00:47:38.876	0.56337				2
2024.12.30	00:47:44.357	0.56336				2
2024.12.30	00:47:46.480	0.56335				2
2024.12.30	00:47:47.399	0.56336				2
2024.12.30	00:47:48.188	0.56334	0.56363			6
2024.12.30	00:48:00.391	0.56334				2
2024.12.30	00:48:01.297		0.56362			4
2024.12.30	00:48:09.551	0.56335				2
2024.12.30	00:48:13.234	0.56334				2
2024.12.30	00:48:14.543	0.56335				2
2024.12.30	00:48:24.896	0.56334				2
2024.12.30	00:48:29.977	0.56335				2
2024.12.30	00:48:38.281	0.56334				2
2024.12.30	00:48:48.221	0.56335				2
2024.12.30	00:48:52.322	0.56336				2
2024.12.30	00:48:56.961	0.56335				2
2024.12.30	00:48:59.910	0.56336				2
2024.12.30	00:49:01.293	0.56336				2
2024.12.30	00:49:03.190		0.56362			4
2024.12.30	00:49:04.996	0.56335				2
2024.12.30	00:49:06.552	0.56334				2
2024.12.30	00:49:08.146	0.56335				2
2024.12.30	00:49:14.508	0.56336				2
2024.12.30	00:49:16.149	0.56333				2
2024.12.30	00:49:25.074	0.56332				2
2024.12.30	00:49:31.086	0.56333				2
2024.12.30	00:49:41.577	0.56334				2
2024.12.30	00:49:55.080	0.56335				2
2024.12.30	00:49:56.876	0.56334				2
2024.12.30	00:50:01.683	0.56334				2
2024.12.30	00:50:03.776		0.56362			4
2024.12.30	00:50:19.980	0.56335				2
2024.12.30	00:50:25.288	0.56334				2
2024.12.30	00:50:25.787	0.56335				2
2024.12.30	00:50:59.377	0.56334				2
2024.12.30	00:51:00.384	0.56335				2
2024.12.30	00:51:04.682		0.56362			4
2024.12.30	00:51:07.378	0.56334				2
2024.12.30	00:51:08.876	0.56335				2
2024.12.30	00:51:09.551	0.56332	0.56361			6
2024.12.30	00:51:10.355		0.56358			4
2024.12.30	00:52:01.430	0.56332				2
2024.12.30	00:52:10.575		0.56358			4
2024.12.30	00:53:00.779	0.56332				2
2024.12.30	00:53:10.110	0.56328				2
2024.12.30	00:53:10.728		0.56358			4
2024.12.30	00:53:16.175	0.56324				2
2024.12.30	00:54:00.255	0.56324				2
2024.12.30	00:54:10.546		0.56360			4
2024.12.30	00:54:35.664		0.56361			4
2024.12.30	00:54:36.572		0.56360			4
2024.12.30	00:54:37.178	0.56327				2
2024.12.30	00:54:46.257	0.56324				2
2024.12.30	00:55:00.176	0.56324	0.56358			6
2024.12.30	00:55:00.482	0.56326				2
2024.12.30	00:55:30.295		0.56356			4
2024.12.30	00:55:33.478	0.56327				2
2024.12.30	00:55:35.283	0.56326				2
2024.12.30	00:55:37.379	0.56327				2
2024.12.30	00:55:38.460	0.56324				2
2024.12.30	00:55:41.790	0.56326	0.56352			6
2024.12.30	00:55:42.105		0.56350			4
2024.12.30	00:55:42.439		0.56349			4
2024.12.30	00:55:43.075	0.56327	0.56342			6
2024.12.30	00:55:44.174		0.56340			4
2024.12.30	00:56:00.779	0.56327				2
2024.12.30	00:56:03.870	0.56323				2
2024.12.30	00:56:04.493	0.56320	0.56338			6
2024.12.30	00:56:05.302		0.56333			4
2024.12.30	00:56:06.724		0.56332			4
2024.12.30	00:56:11.264	0.56303	0.56324			6
2024.12.30	00:56:11.580	0.56300				2
2024.12.30	00:56:12.146	0.56299				2
2024.12.30	00:56:12.781	0.56304	0.56326			6
2024.12.30	00:56:13.088	0.56306	0.56333			6
2024.12.30	00:56:14.579		0.56331			4
2024.12.30	00:56:26.169		0.56327			4
2024.12.30	00:56:27.175	0.56303	0.56322			6
2024.12.30	00:56:27.482		0.56328			4
2024.12.30	00:56:27.924		0.56325			4
2024.12.30	00:56:38.627		0.56324			4
2024.12.30	00:56:50.651	0.56299	0.56323			6
2024.12.30	00:56:57.476	0.56306				2
2024.12.30	00:56:57.781	0.56311	0.56322			6
2024.12.30	00:56:58.082		0.56323			4
2024.12.30	00:57:01.087	0.56311				2
2024.12.30	00:57:15.211	0.56304	0.56322			6
2024.12.30	00:57:15.545	0.56299	0.56321			6
2024.12.30	00:57:28.676		0.56323			4
2024.12.30	00:57:33.780	0.56304				2
2024.12.30	00:57:34.385	0.56305				2
2024.12.30	00:57:34.739		0.56321			4
2024.12.30	00:57:35.191	0.56304				2
2024.12.30	00:57:35.745	0.56306				2
2024.12.30	00:57:36.095	0.56309	0.56322			6
2024.12.30	00:57:37.655	0.56305				2
2024.12.30	00:57:38.963	0.56306	0.56321			6
2024.12.30	00:57:40.278		0.56320			4
2024.12.30	00:57:41.527	0.56309	0.56322			6
2024.12.30	00:57:43.680	0.56310				2
2024.12.30	00:57:47.708	0.56324	0.56341			6
2024.12.30	00:57:48.749		0.56342			4
2024.12.30	00:57:49.187		0.56345			4
2024.12.30	00:57:50.318		0.56347			4
2024.12.30	00:57:50.628		0.56346			4
2024.12.30	00:57:52.158		0.56345			4
2024.12.30	00:57:57.499		0.56347			4
2024.12.30	00:58:00.479	0.56324	0.56346			6
2024.12.30	00:58:01.485	0.56325	0.56347			6
2024.12.30	00:58:01.799	0.56324				2
2024.12.30	00:58:04.301	0.56325	0.56348			6
2024.12.30	00:58:06.988	0.56331	0.56352			6
2024.12.30	00:58:07.840	0.56332				2
2024.12.30	00:58:08.298	0.56331				2
2024.12.30	00:58:09.841	0.56334	0.56357			6
2024.12.30	00:58:10.247	0.56329	0.56348			6
2024.12.30	00:58:11.475		0.56347			4
2024.12.30	00:58:29.668	0.56331	0.56346			6
2024.12.30	00:58:30.660		0.56345			4
2024.12.30	00:58:38.638	0.56332				2
2024.12.30	00:58:40.057	0.56331				2
2024.12.30	00:58:40.971	0.56332				2
2024.12.30	00:58:41.744	0.56331				2
2024.12.30	00:58:42.899	0.56332				2
2024.12.30	00:58:44.183	0.56331				2
2024.12.30	00:58:45.182	0.56332				2
2024.12.30	00:58:45.492	0.56333				2
2024.12.30	00:58:46.189	0.56332				2
2024.12.30	00:58:47.183	0.56333				2
2024.12.30	00:58:48.066	0.56339	0.56355			6
2024.12.30	00:58:48.670		0.56356			4
2024.12.30	00:58:57.432	0.56346	0.56360			6
2024.12.30	00:59:00.322	0.56346				2
2024.12.30	00:59:11.797	0.56351	0.56365			6
2024.12.30	00:59:15.570	0.56347	0.56364			6
2024.12.30	00:59:15.897		0.56365			4
2024.12.30	00:59:16.626		0.56361			4
2024.12.30	00:59:17.531		0.56360			4
2024.12.30	00:59:45.382	0.56359	0.56375			6
2024.12.30	00:59:48.154		0.56376			4
2024.12.30	00:59:52.014	0.56354	0.56367			6
2024.12.30	00:59:52.341		0.56369			4
2024.12.30	00:59:53.401	0.56359	0.56373			6
2024.12.30	00:59:53.716		0.56374			4
2024.12.30	00:59:55.030		0.56372			4
2024.12.30	00:59:57.454		0.56373			4
2024.12.30	01:00:00.311	0.56370	0.56381			6
2024.12.30	01:00:00.620	0.56371	0.56382			6
2024.12.30	01:00:01.236	0.56372	0.56381			6
2024.12.30	01:00:02.168	0.56371	0.56380			6
2024.12.30	01:00:02.469		0.56382			4
2024.12.30	01:00:03.678	0.56372	0.56383			6
2024.12.30	01:00:04.285		0.56380			4
2024.12.30	01:00:04.890	0.56375				2
2024.12.30	01:00:06.100	0.56374				2
2024.12.30	01:00:07.006	0.56373				2
2024.12.30	01:00:08.823	0.56370	0.56381			6
2024.12.30	01:00:09.130	0.56390	0.56400			6
2024.12.30	01:00:09.436	0.56392	0.56401			6
2024.12.30	01:00:09.751	0.56399	0.56407			6
2024.12.30	01:00:10.055		0.56408			4
2024.12.30	01:00:10.660	0.56398	0.56409			6
2024.12.30	01:00:11.874	0.56399				2
2024.12.30	01:00:13.992		0.56410			4
2024.12.30	01:00:14.902	0.56398	0.56409			6
2024.12.30	01:00:15.807	0.56399	0.56410			6
2024.12.30	01:00:17.929		0.56409			4
2024.12.30	01:00:18.233		0.56410			4
2024.12.30	01:00:18.540	0.56397	0.56408			6
2024.12.30	01:00:18.868	0.56398	0.56409			6
2024.12.30	01:00:20.080		0.56404			4
2024.12.30	01:00:20.688		0.56409			4
2024.12.30	01:00:20.989	0.56397	0.56408			6
2024.12.30	01:00:21.293	0.56398	0.56409			6
2024.12.30	01:00:21.898	0.56401	0.56411			6
2024.12.30	01:00:22.200	0.56402	0.56412			6
2024.12.30	01:00:22.505	0.56404				2
2024.12.30	01:00:23.616	0.56402				2
2024.12.30	01:00:25.259		0.56411			4
2024.12.30	01:00:25.573		0.56412			4
2024.12.30	01:00:25.995	0.56404	0.56411			6
2024.12.30	01:00:27.260	0.56409	0.56410			6
2024.12.30	01:00:27.563	0.56404	0.56412			6
2024.12.30	01:00:28.180	0.56406	0.56417			6
2024.12.30	01:00:30.385	0.56402	0.56412			6
2024.12.30	01:00:31.005	0.56404	0.56415			6
2024.12.30	01:00:36.491	0.56403	0.56412			6
2024.12.30	01:00:37.096	0.56402	0.56413			6
2024.12.30	01:00:37.398		0.56411			4
2024.12.30	01:00:38.309		0.56410			4
2024.12.30	01:00:40.127		0.56408			4
2024.12.30	01:00:42.550		0.56409			4
2024.12.30	01:00:42.855	0.56405	0.56412			6
2024.12.30	01:00:43.158	0.56404	0.56411			6
2024.12.30	01:00:43.461		0.56410			4
2024.12.30	01:00:44.066	0.56405	0.56411			6
2024.12.30	01:00:45.582	0.56410	0.56413			6
2024.12.30	01:00:45.885	0.56408	0.56415			6
2024.12.30	01:00:46.186	0.56406	0.56413			6
2024.12.30	01:00:47.398	0.56407	0.56414			6
2024.12.30	01:00:47.698	0.56408				2
2024.12.30	01:00:48.001		0.56415			4
2024.12.30	01:00:49.235	0.56409	0.56416			6
2024.12.30	01:00:57.145	0.56410				2
2024.12.30	01:01:00.173	0.56410				2
2024.12.30	01:01:01.384	0.56409	0.56415			6
2024.12.30	01:01:04.112	0.56407	0.56413			6
2024.12.30	01:01:05.323	0.56408				2
2024.12.30	01:01:06.533	0.56409	0.56415			6
2024.12.30	01:01:07.138	0.56408	0.56414			6
2024.12.30	01:01:08.654	0.56406	0.56411			6
2024.12.30	01:01:09.259	0.56405				2
2024.12.30	01:01:09.562	0.56404	0.56410			6
2024.12.30	01:01:12.291	0.56402	0.56406			6
2024.12.30	01:01:12.895	0.56401	0.56407			6
2024.12.30	01:01:13.200	0.56402				2
2024.12.30	01:01:15.318	0.56400	0.56406			6
2024.12.30	01:01:15.625	0.56399	0.56404			6
2024.12.30	01:01:16.830		0.56405			4
2024.12.30	01:01:22.278	0.56400	0.56406			6
2024.12.30	01:01:23.184	0.56399	0.56405			6
2024.12.30	01:01:23.789		0.56404			4
2024.12.30	01:01:24.395		0.56405			4
2024.12.30	01:01:26.211		0.56404			4
2024.12.30	01:01:28.328	0.56401	0.56407			6
2024.12.30	01:01:28.933	0.56399	0.56404			6
2024.12.30	01:01:31.657		0.56403			4
2024.12.30	01:01:31.961		0.56404			4
2024.12.30	01:01:32.568		0.56405			4
2024.12.30	01:01:33.477		0.56404			4
2024.12.30	01:01:40.442		0.56405			4
2024.12.30	01:01:48.937	0.56402	0.56408			6
2024.12.30	01:01:50.750	0.56400	0.56406			6
2024.12.30	01:01:52.261	0.56399	0.56405			6
2024.12.30	01:01:57.430	0.56400	0.56406			6
2024.12.30	01:02:00.173	0.56400				2
2024.12.30	01:02:01.711	0.56402	0.56408			6
2024.12.30	01:02:06.880	0.56403	0.56409			6
2024.12.30	01:02:12.361	0.56402	0.56408			6
2024.12.30	01:02:12.666	0.56405	0.56411			6
2024.12.30	01:02:13.575	0.56404	0.56410			6
2024.12.30	01:02:14.181		0.56409			4
2024.12.30	01:02:14.482	0.56403				2
2024.12.30	01:02:16.604		0.56408			4
2024.12.30	01:02:19.026		0.56409			4
2024.12.30	01:02:55.069	0.56401	0.56407			6
2024.12.30	01:02:55.374	0.56400	0.56406			6
2024.12.30	01:02:55.677	0.56398	0.56403			6
2024.12.30	01:02:58.098	0.56400	0.56404			6
2024.12.30	01:03:00.217	0.56400				2
2024.12.30	01:03:31.102	0.56402	0.56405			6
2024.12.30	01:03:31.403	0.56407	0.56413			6
2024.12.30	01:03:31.709		0.56412			4
2024.12.30	01:03:47.512	0.56408	0.56414			6
2024.12.30	01:03:49.633	0.56411	0.56416			6
2024.12.30	01:03:50.237	0.56414	0.56420			6
2024.12.30	01:03:51.801	0.56416	0.56421			6
2024.12.30	01:03:52.112	0.56418	0.56423			6
2024.12.30	01:04:00.179	0.56420	0.56425			6
2024.12.30	01:04:03.514		0.56426			4
2024.12.30	01:04:05.570	0.56421				2
2024.12.30	01:04:08.577	0.56423				2
2024.12.30	01:04:11.063		0.56425			4
2024.12.30	01:04:13.213	0.56420				2
2024.12.30	01:04:13.515	0.56419	0.56424			6
2024.12.30	01:04:18.056		0.56425			4
2024.12.30	01:04:20.781	0.56418	0.56424			6
2024.12.30	01:04:33.509	0.56420	0.56426			6
2024.12.30	01:05:00.282	0.56423	0.56428			6
2024.12.30	01:05:02.354	0.56424				2
2024.12.30	01:05:16.679		0.56427			4
2024.12.30	01:05:20.929	0.56423				2
2024.12.30	01:05:21.533	0.56420	0.56426			6
2024.12.30	01:05:23.956	0.56421	0.56427			6
2024.12.30	01:05:27.287	0.56420	0.56426			6
2024.12.30	01:05:29.454	0.56421	0.56427			6
2024.12.30	01:05:35.200	0.56420	0.56426			6
2024.12.30	01:05:36.107	0.56421	0.56427			6
2024.12.30	01:05:41.246	0.56427	0.56431			6
2024.12.30	01:05:41.590		0.56432			4
2024.12.30	01:05:48.251	0.56433	0.56434			6
2024.12.30	01:05:48.560	0.56437	0.56442			6
2024.12.30	01:05:48.866	0.56438	0.56443			6
2024.12.30	01:05:51.295	0.56442	0.56448			6
2024.12.30	01:05:51.641	0.56441				2
2024.12.30	01:05:54.199	0.56440	0.56447			6
2024.12.30	01:05:57.220	0.56442	0.56448			6
2024.12.30	01:05:57.539	0.56440	0.56447			6
2024.12.30	01:05:59.387	0.56438	0.56441			6
2024.12.30	01:05:59.692	0.56435	0.56442			6
2024.12.30	01:06:00.012	0.56435				2
2024.12.30	01:06:01.254	0.56433	0.56440			6
2024.12.30	01:06:01.561		0.56438			4
2024.12.30	01:06:03.722	0.56435	0.56439			6
2024.12.30	01:06:04.027		0.56441			4
2024.12.30	01:06:05.535	0.56433	0.56437			6
2024.12.30	01:06:07.288		0.56440			4
2024.12.30	01:06:08.208	0.56429	0.56436			6
2024.12.30	01:06:11.289	0.56438	0.56442			6
2024.12.30	01:06:12.631		0.56441			4
2024.12.30	01:06:16.904		0.56443			4
2024.12.30	01:06:20.816	0.56439				2
2024.12.30	01:06:21.298	0.56440	0.56446			6
2024.12.30	01:06:25.156	0.56443	0.56448			6
2024.12.30	01:06:27.595		0.56447			4
2024.12.30	01:06:28.463		0.56448			4
2024.12.30	01:06:29.197	0.56444	0.56447			6
2024.12.30	01:06:30.222	0.56443	0.56446			6
2024.12.30	01:06:31.290		0.56447			4
2024.12.30	01:06:31.594	0.56444				2
2024.12.30	01:06:32.250	0.56445				2
2024.12.30	01:06:32.661		0.56446			4
2024.12.30	01:06:42.826		0.56448			4
2024.12.30	01:06:55.325		0.56447			4
2024.12.30	01:06:55.959		0.56448			4
2024.12.30	01:07:00.500	0.56446				2
2024.12.30	01:07:00.828		0.56447			4
2024.12.30	01:07:04.275		0.56448			4
2024.12.30	01:07:06.960	0.56445				2
2024.12.30	01:07:11.571		0.56447			4
2024.12.30	01:07:11.921		0.56448			4
2024.12.30	01:07:12.476		0.56447			4
2024.12.30	01:07:13.509		0.56446			4
2024.12.30	01:07:16.370		0.56448			4
2024.12.30	01:07:22.567	0.56450	0.56451			6
2024.12.30	01:07:22.886	0.56452	0.56457			6
2024.12.30	01:07:23.201	0.56453	0.56458			6
2024.12.30	01:07:34.393		0.56457			4
2024.12.30	01:07:35.601	0.56457	0.56462			6
2024.12.30	01:07:36.971	0.56458				2
2024.12.30	01:07:37.367		0.56463			4
2024.12.30	01:07:38.212		0.56464			4
2024.12.30	01:07:38.524	0.56460	0.56463			6
2024.12.30	01:07:41.244	0.56463	0.56467			6
2024.12.30	01:07:42.512		0.56466			4
2024.12.30	01:07:43.332	0.56461				2
2024.12.30	01:08:00.839	0.56460				2
2024.12.30	01:08:08.409		0.56465			4
2024.12.30	01:08:11.129	0.56461				2
2024.12.30	01:08:13.399	0.56462				2
2024.12.30	01:08:13.982	0.56461				2
2024.12.30	01:08:16.672	0.56452	0.56457			6
2024.12.30	01:08:31.306	0.56462	0.56464			6
2024.12.30	01:08:31.626	0.56461	0.56465			6
2024.12.30	01:08:32.866	0.56458	0.56461			6
2024.12.30	01:08:33.185	0.56454	0.56459			6
2024.12.30	01:08:34.191	0.56452	0.56456			6
2024.12.30	01:08:36.012	0.56450	0.56455			6
2024.12.30	01:08:36.338		0.56456			4
2024.12.30	01:08:38.025		0.56455			4
2024.12.30	01:08:38.665	0.56445	0.56450			6
2024.12.30	01:08:41.084	0.56440	0.56446			6
2024.12.30	01:08:52.692	0.56442				2
2024.12.30	01:09:00.128	0.56442				2
2024.12.30	01:09:00.457	0.56434	0.56440			6
2024.12.30	01:09:01.141	0.56436	0.56441			6
2024.12.30	01:09:01.992	0.56437				2
2024.12.30	01:09:02.962		0.56442			4
2024.12.30	01:09:06.346		0.56441			4
2024.12.30	01:09:10.405	0.56436				2
2024.12.30	01:09:11.205	0.56440	0.56445			6
2024.12.30	01:09:11.508	0.56441	0.56446			6
2024.12.30	01:09:13.562	0.56442				2
2024.12.30	01:09:14.847	0.56440	0.56445			6
2024.12.30	01:09:18.331	0.56439	0.56444			6
2024.12.30	01:09:18.645	0.56440				2
2024.12.30	01:09:30.353		0.56445			4
2024.12.30	01:09:33.613	0.56438	0.56443			6
2024.12.30	01:09:38.726	0.56437				2
2024.12.30	01:09:39.406		0.56442			4
2024.12.30	01:09:39.708	0.56438	0.56443			6
2024.12.30	01:09:41.292	0.56440	0.56444			6
2024.12.30	01:09:43.741		0.56445			4
2024.12.30	01:10:00.366	0.56441	0.56446			6
2024.12.30	01:10:02.258	0.56442				2
2024.12.30	01:10:04.814	0.56444	0.56447			6
2024.12.30	01:10:05.419	0.56442	0.56446			6
2024.12.30	01:10:06.328		0.56447			4
2024.12.30	01:10:07.810		0.56448			4
2024.12.30	01:10:19.105	0.56443				2
2024.12.30	01:10:20.362	0.56442				2
2024.12.30	01:10:21.476	0.56444				2
2024.12.30	01:10:21.833		0.56449			4
2024.12.30	01:10:30.430	0.56447	0.56452			6
2024.12.30	01:10:38.761	0.56449	0.56453			6
2024.12.30	01:10:39.100		0.56454			4
2024.12.30	01:10:40.914	0.56450	0.56455			6
2024.12.30	01:10:41.337		0.56456			4
2024.12.30	01:10:49.880	0.56455	0.56461			6
2024.12.30	01:10:50.215	0.56454	0.56460			6
2024.12.30	01:10:51.193	0.56453	0.56458			6
2024.12.30	01:10:52.202	0.56451	0.56457			6
2024.12.30	01:10:54.323	0.56450	0.56456			6
2024.12.30	01:10:56.138		0.56455			4
2024.12.30	01:10:56.441		0.56456			4
2024.12.30	01:10:57.047		0.56455			4
2024.12.30	01:11:00.070	0.56450				2
2024.12.30	01:11:00.371		0.56456			4
2024.12.30	01:11:00.714		0.56455			4
2024.12.30	01:11:01.936		0.56456			4
2024.12.30	01:11:14.185		0.56455			4
2024.12.30	01:11:19.490		0.56456			4
2024.12.30	01:11:21.294	0.56452				2
2024.12.30	01:11:21.599	0.56453	0.56459			6
2024.12.30	01:11:22.192	0.56449	0.56454			6
2024.12.30	01:11:23.201	0.56450	0.56456			6
2024.12.30	01:11:30.070	0.56451	0.56455			6
2024.12.30	01:11:31.284		0.56456			4
2024.12.30	01:11:36.862	0.56450				2
2024.12.30	01:11:39.189	0.56451	0.56457			6
2024.12.30	01:11:41.672	0.56458	0.56463			6
2024.12.30	01:11:42.026	0.56459	0.56464			6
2024.12.30	01:11:43.058	0.56460	0.56466			6
2024.12.30	01:11:43.372		0.56465			4
2024.12.30	01:11:43.999		0.56466			4
2024.12.30	01:11:45.490	0.56458	0.56464			6
2024.12.30	01:11:52.538	0.56459	0.56465			6
2024.12.30	01:11:58.016	0.56460				2
2024.12.30	01:12:00.235	0.56460	0.56464			6
2024.12.30	01:12:00.935	0.56459				2
2024.12.30	01:12:01.777		0.56465			4
2024.12.30	01:12:05.116		0.56464			4
2024.12.30	01:12:06.342		0.56465			4
2024.12.30	01:12:06.832	0.56463	0.56468			6
2024.12.30	01:12:07.480	0.56464	0.56469			6
2024.12.30	01:12:08.439	0.56463	0.56468			6
2024.12.30	01:12:11.160		0.56467			4
2024.12.30	01:12:11.465	0.56461	0.56466			6
2024.12.30	01:12:12.372	0.56459	0.56464			6
2024.12.30	01:12:17.959	0.56458	0.56463			6
2024.12.30	01:12:20.675	0.56454	0.56459			6
2024.12.30	01:12:21.297	0.56453				2
2024.12.30	01:12:24.184	0.56454				2
2024.12.30	01:12:43.621	0.56455	0.56460			6
2024.12.30	01:13:00.868	0.56453	0.56457			6
2024.12.30	01:13:01.249	0.56451	0.56455			6
2024.12.30	01:13:01.590	0.56450				2
2024.12.30	01:13:16.977		0.56453			4
2024.12.30	01:13:20.334	0.56451				2
2024.12.30	01:13:20.635		0.56455			4
2024.12.30	01:13:37.573	0.56452				2
2024.12.30	01:13:47.554	0.56451				2
2024.12.30	01:13:47.859	0.56447	0.56452			6
2024.12.30	01:13:48.165		0.56451			4
2024.12.30	01:14:00.010	0.56447				2
2024.12.30	01:14:02.125	0.56448				2
2024.12.30	01:14:02.432	0.56450	0.56454			6
2024.12.30	01:14:03.992	0.56451	0.56455			6
2024.12.30	01:14:04.900	0.56449	0.56454			6
2024.12.30	01:14:05.205		0.56453			4
2024.12.30	01:14:05.857		0.56452			4
2024.12.30	01:14:08.331		0.56453			4
2024.12.30	01:14:16.242	0.56450	0.56454			6
2024.12.30	01:14:28.664	0.56451				2
2024.12.30	01:14:29.167	0.56450				2
2024.12.30	01:14:39.769	0.56449	0.56452			6
2024.12.30	01:14:51.875	0.56448				2
2024.12.30	01:14:53.884	0.56446	0.56451			6
2024.12.30	01:14:54.185		0.56449			4
2024.12.30	01:14:55.402		0.56450			4
2024.12.30	01:14:56.307		0.56449			4
2024.12.30	01:14:57.136	0.56444	0.56446			6
2024.12.30	01:15:00.188	0.56444				2
2024.12.30	01:15:01.398	0.56446	0.56448			6
2024.12.30	01:15:01.703	0.56445				2
2024.12.30	01:15:02.659	0.56444	0.56446			6
2024.12.30	01:15:05.128		0.56449			4
2024.12.30	01:15:05.442		0.56447			4
2024.12.30	01:15:06.692		0.56449			4
2024.12.30	01:15:08.901		0.56447			4
2024.12.30	01:15:10.419	0.56446	0.56450			6
2024.12.30	01:15:24.378	0.56444	0.56447			6
2024.12.30	01:15:33.800		0.56446			4
2024.12.30	01:15:36.220	0.56442				2
2024.12.30	01:15:57.797		0.56445			4
2024.12.30	01:16:00.261	0.56440	0.56443			6
2024.12.30	01:16:00.565	0.56439	0.56442			6
2024.12.30	01:16:02.581		0.56443			4
2024.12.30	01:16:04.941	0.56436	0.56440			6
2024.12.30	01:16:05.308	0.56435				2
2024.12.30	01:16:09.277		0.56439			4
2024.12.30	01:16:25.950		0.56438			4
2024.12.30	01:16:27.778		0.56440			4
2024.12.30	01:16:37.894	0.56432	0.56437			6
2024.12.30	01:16:40.025	0.56434	0.56438			6
2024.12.30	01:16:40.330		0.56439			4
2024.12.30	01:16:41.725	0.56435				2
2024.12.30	01:16:44.365	0.56434	0.56437			6
2024.12.30	01:16:44.665	0.56433				2
2024.12.30	01:16:45.622	0.56434				2
2024.12.30	01:16:51.364	0.56433				2
2024.12.30	01:16:52.576	0.56434				2
2024.12.30	01:16:53.481		0.56438			4
2024.12.30	01:16:56.201	0.56433	0.56436			6
2024.12.30	01:17:00.137	0.56433				2
2024.12.30	01:17:00.741	0.56430	0.56434			6
2024.12.30	01:17:01.856	0.56429				2
2024.12.30	01:17:02.165		0.56432			4
2024.12.30	01:17:04.318	0.56428	0.56430			6
2024.12.30	01:17:05.340		0.56431			4
2024.12.30	01:17:05.641	0.56431	0.56435			6
2024.12.30	01:17:06.690		0.56434			4
2024.12.30	01:17:07.733		0.56435			4
2024.12.30	01:17:08.046	0.56436	0.56440			6
2024.12.30	01:17:09.197		0.56441			4
2024.12.30	01:17:10.248	0.56435	0.56439			6
2024.12.30	01:17:12.129		0.56440			4
2024.12.30	01:17:17.452	0.56434	0.56437			6
2024.12.30	01:17:23.507	0.56435	0.56439			6
2024.12.30	01:17:25.576		0.56438			4
2024.12.30	01:17:26.734		0.56439			4
2024.12.30	01:17:28.626		0.56438			4
2024.12.30	01:17:28.932	0.56433	0.56437			6
2024.12.30	01:17:39.723		0.56436			4
2024.12.30	01:17:42.497	0.56434	0.56437			6
2024.12.30	01:17:44.187	0.56433				2
2024.12.30	01:17:51.549		0.56436			4
2024.12.30	01:17:53.879		0.56437			4
2024.12.30	01:17:56.742	0.56432				2
2024.12.30	01:18:00.241	0.56432				2
2024.12.30	01:18:01.143	0.56435	0.56439			6
2024.12.30	01:18:13.142	0.56436	0.56440			6
2024.12.30	01:18:14.653	0.56435	0.56438			6
2024.12.30	01:18:14.973		0.56440			4
2024.12.30	01:18:15.946	0.56436				2
2024.12.30	01:18:17.292		0.56438			4
2024.12.30	01:18:17.601		0.56440			4
2024.12.30	01:18:30.800	0.56439	0.56441			6
2024.12.30	01:18:31.108	0.56438	0.56444			6
2024.12.30	01:18:50.437		0.56443			4
2024.12.30	01:18:52.314	0.56437				2
2024.12.30	01:18:59.643		0.56442			4
2024.12.30	01:19:00.281	0.56437				2
2024.12.30	01:19:00.582		0.56443			4
2024.12.30	01:19:01.697	0.56438				2
2024.12.30	01:19:02.594		0.56444			4
2024.12.30	01:19:02.934	0.56437	0.56443			6
2024.12.30	01:19:11.592	0.56438				2
2024.12.30	01:19:13.279		0.56444			4
2024.12.30	01:19:20.386		0.56443			4
2024.12.30	01:19:28.247	0.56439	0.56444			6
2024.12.30	01:19:30.111	0.56440				2
2024.12.30	01:19:30.413	0.56443	0.56445			6
2024.12.30	01:19:30.717		0.56446			4
2024.12.30	01:19:32.279		0.56447			4
2024.12.30	01:19:32.580	0.56444				2
2024.12.30	01:19:32.885	0.56443	0.56449			6
2024.12.30	01:19:33.812		0.56447			4
2024.12.30	01:19:37.478		0.56446			4
2024.12.30	01:19:39.333		0.56447			4
2024.12.30	01:19:39.638		0.56446			4
2024.12.30	01:19:44.778		0.56448			4
2024.12.30	01:19:47.498	0.56444				2
2024.12.30	01:19:49.313		0.56450			4
2024.12.30	01:20:00.045	0.56444				2
2024.12.30	01:20:00.651	0.56443	0.56448			6
2024.12.30	01:20:00.956	0.56439	0.56444			6
2024.12.30	01:20:01.261	0.56438				2
2024.12.30	01:20:24.393	0.56436	0.56441			6
2024.12.30	01:20:25.102	0.56437	0.56443			6
2024.12.30	01:20:29.333		0.56442			4
2024.12.30	01:20:34.573		0.56441			4
2024.12.30	01:20:34.887	0.56436	0.56442			6
2024.12.30	01:20:35.909	0.56437	0.56443			6
2024.12.30	01:20:42.276	0.56438	0.56444			6
2024.12.30	01:20:44.111	0.56437	0.56443			6
2024.12.30	01:20:55.667	0.56438				2
2024.12.30	01:20:58.754	0.56437	0.56442			6
2024.12.30	01:21:00.672	0.56437				2
2024.12.30	01:21:04.481	0.56440	0.56445			6
2024.12.30	01:21:41.134	0.56439				2
2024.12.30	01:21:44.209	0.56440				2
2024.12.30	01:21:48.191		0.56444			4
2024.12.30	01:21:52.726	0.56439				2
2024.12.30	01:21:55.496	0.56437	0.56442			6
2024.12.30	01:21:55.799		0.56441			4
2024.12.30	01:21:56.405	0.56438	0.56443			6
2024.12.30	01:21:57.381	0.56437	0.56442			6
2024.12.30	01:22:00.324	0.56437				2
2024.12.30	01:22:03.639		0.56443			4
2024.12.30	01:22:11.015	0.56438				2
2024.12.30	01:22:11.924	0.56437				2
2024.12.30	01:22:13.126		0.56442			4
2024.12.30	01:22:16.418		0.56443			4
2024.12.30	01:22:26.686	0.56438	0.56444			6
2024.12.30	01:22:29.335	0.56437	0.56442			6
2024.12.30	01:22:32.383		0.56443			4
2024.12.30	01:22:39.151	0.56439	0.56444			6
2024.12.30	01:22:57.123	0.56438	0.56443			6
2024.12.30	01:23:00.146	0.56438				2
2024.12.30	01:23:03.169	0.56439	0.56444			6
2024.12.30	01:23:05.336	0.56438	0.56443			6
2024.12.30	01:23:25.998	0.56439	0.56444			6
2024.12.30	01:23:55.631	0.56440	0.56445			6
2024.12.30	01:24:00.217	0.56440				2
2024.12.30	01:24:03.844	0.56439	0.56444			6
2024.12.30	01:24:51.421	0.56442	0.56446			6
2024.12.30	01:24:54.842	0.56443				2
2024.12.30	01:24:55.146		0.56449			4
2024.12.30	01:24:58.174	0.56442	0.56447			6
2024.12.30	01:24:58.493		0.56446			4
2024.12.30	01:25:00.236	0.56442				2
2024.12.30	01:25:19.515	0.56438	0.56443			6
2024.12.30	01:26:00.842	0.56438				2
2024.12.30	01:26:01.452	0.56442	0.56446			6
2024.12.30	01:26:02.373		0.56447			4
2024.12.30	01:26:03.582		0.56446			4
2024.12.30	01:26:05.700		0.56447			4
2024.12.30	01:26:10.537	0.56441				2
2024.12.30	01:26:17.458	0.56438	0.56442			6
2024.12.30	01:26:19.190		0.56441			4
2024.12.30	01:26:21.323		0.56442			4
2024.12.30	01:26:29.746		0.56441			4
2024.12.30	01:26:48.778		0.56440			4
2024.12.30	01:26:53.461	0.56428	0.56434			6
2024.12.30	01:26:53.762		0.56433			4
2024.12.30	01:26:54.076		0.56432			4
2024.12.30	01:26:54.377		0.56433			4
2024.12.30	01:27:00.172	0.56428				2
2024.12.30	01:27:02.340	0.56431				2
2024.12.30	01:27:02.642	0.56428				2
2024.12.30	01:27:08.691	0.56426	0.56431			6
2024.12.30	01:27:16.788	0.56427				2
2024.12.30	01:27:23.135		0.56433			4
2024.12.30	01:27:24.807		0.56431			4
2024.12.30	01:27:26.027		0.56433			4
2024.12.30	01:27:26.329		0.56431			4
2024.12.30	01:27:26.983	0.56423	0.56429			6
2024.12.30	01:27:30.632	0.56424				2
2024.12.30	01:27:30.947	0.56423	0.56428			6
2024.12.30	01:27:32.221	0.56424	0.56430			6
2024.12.30	01:27:53.530	0.56422	0.56426			6
2024.12.30	01:28:00.176	0.56422				2
2024.12.30	01:28:02.816	0.56420	0.56425			6
2024.12.30	01:28:03.482	0.56418	0.56423			6
2024.12.30	01:28:06.113	0.56419	0.56425			6
2024.12.30	01:28:07.317		0.56424			4
2024.12.30	01:28:09.565	0.56418	0.56423			6
2024.12.30	01:28:13.349	0.56419	0.56425			6
2024.12.30	01:28:16.757		0.56424			4
2024.12.30	01:28:27.386		0.56425			4
2024.12.30	01:28:29.720		0.56424			4
2024.12.30	01:28:33.402		0.56423			4
2024.12.30	01:28:36.122		0.56424			4
2024.12.30	01:28:47.087	0.56421	0.56426			6
2024.12.30	01:28:48.318	0.56420				2
2024.12.30	01:28:51.867	0.56421				2
2024.12.30	01:28:54.479	0.56423	0.56429			6
2024.12.30	01:28:58.783	0.56421	0.56428			6
2024.12.30	01:28:59.085		0.56427			4
2024.12.30	01:29:00.253	0.56421				2
2024.12.30	01:29:01.259	0.56422				2
2024.12.30	01:29:04.180	0.56425	0.56429			6
2024.12.30	01:29:04.487	0.56421	0.56426			6
2024.12.30	01:29:11.798		0.56425			4
2024.12.30	01:29:19.108		0.56427			4
2024.12.30	01:29:19.605		0.56426			4
2024.12.30	01:29:21.024		0.56427			4
2024.12.30	01:29:24.158	0.56422				2
2024.12.30	01:29:24.803	0.56421				2
2024.12.30	01:29:25.172	0.56422				2
2024.12.30	01:29:27.323	0.56421	0.56426			6
2024.12.30	01:29:38.778		0.56425			4
2024.12.30	01:29:40.661		0.56426			4
2024.12.30	01:30:00.551	0.56421				2
2024.12.30	01:30:01.240		0.56425			4
2024.12.30	01:30:01.979	0.56420	0.56426			6
2024.12.30	01:30:04.106	0.56421	0.56424			6
2024.12.30	01:30:05.655	0.56419				2
2024.12.30	01:30:06.876		0.56425			4
2024.12.30	01:30:07.482	0.56420				2
2024.12.30	01:30:09.346	0.56419				2
2024.12.30	01:30:16.909	0.56414	0.56420			6
2024.12.30	01:30:18.756	0.56417	0.56422			6
2024.12.30	01:30:19.877	0.56414	0.56419			6
2024.12.30	01:30:27.776	0.56416	0.56420			6
2024.12.30	01:30:28.480		0.56421			4
2024.12.30	01:30:32.750	0.56417	0.56422			6
2024.12.30	01:30:33.695	0.56416				2
2024.12.30	01:30:37.301	0.56417				2
2024.12.30	01:30:46.059	0.56414	0.56420			6
2024.12.30	01:30:49.356		0.56419			4
2024.12.30	01:30:52.097		0.56420			4
2024.12.30	01:31:00.487	0.56409	0.56415			6
2024.12.30	01:31:04.389	0.56408	0.56413			6
2024.12.30	01:31:05.065	0.56407	0.56412			6
2024.12.30	01:31:09.081	0.56406				2
2024.12.30	01:31:15.994		0.56411			4
2024.12.30	01:31:18.267	0.56405				2
2024.12.30	01:31:22.015		0.56410			4
2024.12.30	01:31:23.718	0.56404				2
2024.12.30	01:31:26.001	0.56406	0.56412			6
2024.12.30	01:31:30.555	0.56404	0.56409			6
2024.12.30	01:31:31.212	0.56402	0.56407			6
2024.12.30	01:31:31.655	0.56401	0.56406			6
2024.12.30	01:31:33.294	0.56399	0.56404			6
2024.12.30	01:31:33.843	0.56401	0.56405			6
2024.12.30	01:31:34.700	0.56399				2
2024.12.30	01:31:37.906		0.56403			4
2024.12.30	01:31:38.770	0.56398	0.56404			6
2024.12.30	01:31:40.675	0.56397	0.56401			6
2024.12.30	01:31:44.879	0.56396				2
2024.12.30	01:31:45.428	0.56398	0.56403			6
2024.12.30	01:31:47.581	0.56396	0.56402			6
2024.12.30	01:31:52.702	0.56397				2
2024.12.30	01:32:00.222	0.56397				2
2024.12.30	01:32:02.953	0.56399	0.56405			6
2024.12.30	01:32:05.190	0.56396	0.56400			6
2024.12.30	01:32:06.174	0.56393	0.56398			6
2024.12.30	01:32:06.615		0.56397			4
2024.12.30	01:32:08.141	0.56392				2
2024.12.30	01:32:10.053	0.56397	0.56402			6
2024.12.30	01:32:10.362	0.56395	0.56400			6
2024.12.30	01:32:12.341	0.56391	0.56397			6
2024.12.30	01:32:15.706	0.56392	0.56398			6
2024.12.30	01:32:18.447	0.56391	0.56397			6
2024.12.30	01:32:18.917	0.56392	0.56398			6
2024.12.30	01:32:25.685		0.56397			4
2024.12.30	01:32:26.207		0.56398			4
2024.12.30	01:32:34.239		0.56397			4
2024.12.30	01:32:35.130	0.56393	0.56398			6
2024.12.30	01:32:41.387	0.56394	0.56400			6
2024.12.30	01:32:45.643		0.56399			4
2024.12.30	01:32:46.485	0.56393				2
2024.12.30	01:32:47.877	0.56394				2
2024.12.30	01:33:01.353	0.56394				2
2024.12.30	01:33:06.882	0.56393				2
2024.12.30	01:33:18.231	0.56394				2
2024.12.30	01:33:37.294	0.56396	0.56398			6
2024.12.30	01:33:37.601	0.56398	0.56402			6
2024.12.30	01:33:37.937	0.56397				2
2024.12.30	01:33:38.255	0.56395	0.56400			6
2024.12.30	01:33:59.616	0.56393	0.56398			6
2024.12.30	01:34:00.308	0.56393				2
2024.12.30	01:34:01.593	0.56392				2
2024.12.30	01:34:04.107		0.56397			4
2024.12.30	01:34:05.832	0.56385	0.56390			6
2024.12.30	01:34:06.194	0.56386				2
2024.12.30	01:34:08.345	0.56389	0.56394			6
2024.12.30	01:34:08.666		0.56393			4
2024.12.30	01:34:16.271		0.56394			4
2024.12.30	01:34:17.305	0.56391	0.56396			6
2024.12.30	01:34:33.358		0.56397			4
2024.12.30	01:34:40.531	0.56393				2
2024.12.30	01:34:45.040	0.56394	0.56399			6
2024.12.30	01:34:46.326	0.56395				2
2024.12.30	01:34:56.394		0.56398			4
2024.12.30	01:35:00.022	0.56395				2
2024.12.30	01:35:06.318		0.56399			4
2024.12.30	01:35:06.912		0.56400			4
2024.12.30	01:35:39.357	0.56396	0.56402			6
2024.12.30	01:35:41.283	0.56397				2
2024.12.30	01:35:46.332		0.56403			4
2024.12.30	01:35:48.930	0.56398				2
2024.12.30	01:35:49.258	0.56397				2
2024.12.30	01:35:51.778	0.56395	0.56400			6
2024.12.30	01:36:00.957	0.56395				2
2024.12.30	01:36:03.886	0.56396	0.56402			6
2024.12.30	01:36:08.349	0.56395	0.56400			6
2024.12.30	01:36:40.057		0.56399			4
2024.12.30	01:36:40.663	0.56394				2
2024.12.30	01:37:00.958	0.56394				2
2024.12.30	01:37:02.384	0.56395				2
2024.12.30	01:37:09.945	0.56397	0.56400			6
2024.12.30	01:37:11.171	0.56396				2
2024.12.30	01:37:16.593		0.56397			4
2024.12.30	01:37:16.896	0.56392				2
2024.12.30	01:37:17.240		0.56396			4
2024.12.30	01:37:26.198	0.56388	0.56392			6
2024.12.30	01:37:27.416	0.56387	0.56390			6
2024.12.30	01:37:27.725	0.56384	0.56388			6
2024.12.30	01:37:40.782		0.56389			4
2024.12.30	01:38:01.431	0.56384				2
2024.12.30	01:38:02.202	0.56383				2
2024.12.30	01:38:17.861	0.56390	0.56394			6
2024.12.30	01:38:20.836	0.56389				2
2024.12.30	01:38:21.274	0.56390				2
2024.12.30	01:38:24.340		0.56393			4
2024.12.30	01:38:28.391	0.56388	0.56392			6
2024.12.30	01:38:28.745	0.56387				2
2024.12.30	01:38:29.816	0.56389	0.56394			6
2024.12.30	01:38:30.194		0.56393			4
2024.12.30	01:38:32.564	0.56387	0.56392			6
2024.12.30	01:38:39.629	0.56384	0.56389			6
2024.12.30	01:38:41.687		0.56388			4
2024.12.30	01:38:47.881	0.56382	0.56386			6
2024.12.30	01:38:58.539	0.56381	0.56387			6
2024.12.30	01:38:59.252	0.56379	0.56384			6
2024.12.30	01:38:59.561	0.56378	0.56383			6
2024.12.30	01:39:00.065	0.56378				2
2024.12.30	01:39:00.383		0.56382			4
2024.12.30	01:39:02.559	0.56379				2
2024.12.30	01:39:07.932		0.56383			4
2024.12.30	01:39:08.832	0.56382	0.56386			6
2024.12.30	01:39:10.706	0.56381				2
2024.12.30	01:39:11.724	0.56380	0.56385			6
2024.12.30	01:39:12.036	0.56379	0.56384			6
2024.12.30	01:39:33.189		0.56383			4
2024.12.30	01:39:39.641		0.56384			4
2024.12.30	01:39:46.407	0.56380				2
2024.12.30	01:39:49.810	0.56381	0.56386			6
2024.12.30	01:39:51.575	0.56382	0.56387			6
2024.12.30	01:39:58.195	0.56384	0.56388			6
2024.12.30	01:40:00.218	0.56384				2
2024.12.30	01:40:00.693	0.56385				2
2024.12.30	01:40:01.533	0.56387	0.56390			6
2024.12.30	01:40:03.067	0.56386				2
2024.12.30	01:40:07.829	0.56388				2
2024.12.30	01:40:08.799	0.56386				2
2024.12.30	01:40:09.124	0.56384	0.56389			6
2024.12.30	01:40:09.433		0.56388			4
2024.12.30	01:40:13.336	0.56382	0.56386			6
2024.12.30	01:40:13.674	0.56383	0.56387			6
2024.12.30	01:40:13.993		0.56389			4
2024.12.30	01:40:16.025	0.56384				2
2024.12.30	01:40:21.968	0.56385				2
2024.12.30	01:40:36.384	0.56384				2
2024.12.30	01:40:50.029	0.56383				2
2024.12.30	01:40:50.383	0.56384				2
2024.12.30	01:40:59.386		0.56388			4
2024.12.30	01:41:00.294	0.56384				2
2024.12.30	01:41:10.875		0.56389			4
2024.12.30	01:41:25.252	0.56386	0.56390			6
2024.12.30	01:41:26.199		0.56391			4
2024.12.30	01:41:26.504	0.56389	0.56393			6
2024.12.30	01:41:38.074	0.56390				2
2024.12.30	01:41:44.398	0.56391	0.56396			6
2024.12.30	01:41:44.753	0.56394	0.56398			6
2024.12.30	01:41:45.073	0.56395				2
2024.12.30	01:41:55.362	0.56394				2
2024.12.30	01:42:00.619	0.56394				2
2024.12.30	01:42:02.009	0.56392	0.56396			6
2024.12.30	01:42:02.345	0.56391				2
2024.12.30	01:42:03.272	0.56392				2
2024.12.30	01:42:06.340	0.56390	0.56395			6
2024.12.30	01:42:16.305	0.56389	0.56394			6
2024.12.30	01:42:29.808	0.56387	0.56392			6
2024.12.30	01:42:34.162	0.56389	0.56393			6
2024.12.30	01:42:35.338		0.56394			4
2024.12.30	01:42:56.762	0.56390	0.56395			6
2024.12.30	01:43:02.346	0.56390				2
2024.12.30	01:43:05.143	0.56387	0.56392			6
2024.12.30	01:43:09.098	0.56388				2
2024.12.30	01:43:09.403		0.56394			4
2024.12.30	01:43:14.348	0.56387	0.56392			6
2024.12.30	01:43:16.095	0.56388	0.56393			6
2024.12.30	01:43:39.276	0.56392	0.56397			6
2024.12.30	01:43:49.116	0.56394	0.56399			6
2024.12.30	01:43:51.091	0.56393				2
2024.12.30	01:43:55.681	0.56394				2
2024.12.30	01:44:01.967	0.56394	0.56398			6
2024.12.30	01:44:04.691		0.56399			4
2024.12.30	01:44:14.115	0.56392	0.56396			6
2024.12.30	01:44:15.373		0.56397			4
2024.12.30	01:44:18.397		0.56396			4
2024.12.30	01:44:19.303	0.56390				2
2024.12.30	01:44:19.606	0.56388	0.56392			6
2024.12.30	01:44:20.260		0.56393			4
2024.12.30	01:44:38.847	0.56390	0.56394			6
2024.12.30	01:44:46.450	0.56391				2
2024.12.30	01:44:55.846	0.56390				2
2024.12.30	01:44:57.999	0.56392	0.56397			6
2024.12.30	01:45:01.010	0.56392				2
2024.12.30	01:45:06.376		0.56396			4
2024.12.30	01:45:08.592		0.56397			4
2024.12.30	01:45:08.897	0.56390	0.56395			6
2024.12.30	01:45:11.369	0.56391	0.56396			6
2024.12.30	01:45:12.323	0.56392				2
2024.12.30	01:45:16.557		0.56397			4
2024.12.30	01:45:16.858		0.56396			4
2024.12.30	01:45:19.025	0.56390				2
2024.12.30	01:45:19.329		0.56394			4
2024.12.30	01:45:20.287		0.56395			4
2024.12.30	01:45:26.333		0.56394			4
2024.12.30	01:45:41.801		0.56395			4
2024.12.30	01:45:48.758	0.56391				2
2024.12.30	01:45:51.377		0.56394			4
2024.12.30	01:45:52.284	0.56390				2
2024.12.30	01:45:58.938	0.56391	0.56395			6
2024.12.30	01:46:00.490	0.56390	0.56393			6
2024.12.30	01:46:01.710	0.56392	0.56396			6
2024.12.30	01:46:02.315		0.56397			4
2024.12.30	01:46:02.676	0.56393				2
2024.12.30	01:46:04.755	0.56390	0.56396			6
2024.12.30	01:46:05.424	0.56389	0.56395			6
2024.12.30	01:46:05.780	0.56388	0.56393			6
2024.12.30	01:46:09.698	0.56391	0.56396			6
2024.12.30	01:46:10.004	0.56390	0.56395			6
2024.12.30	01:46:14.027	0.56391	0.56397			6
2024.12.30	01:46:23.938	0.56390	0.56395			6
2024.12.30	01:46:54.004	0.56387	0.56392			6
2024.12.30	01:47:02.360	0.56387				2
2024.12.30	01:47:03.548	0.56388				2
2024.12.30	01:47:07.079	0.56387				2
2024.12.30	01:47:07.805		0.56393			4
2024.12.30	01:47:20.597		0.56392			4
2024.12.30	01:47:20.929		0.56393			4
2024.12.30	01:47:21.595	0.56389	0.56394			6
2024.12.30	01:47:32.349		0.56393			4
2024.12.30	01:47:32.674		0.56394			4
2024.12.30	01:47:52.377		0.56393			4
2024.12.30	01:48:00.238	0.56389				2
2024.12.30	01:48:13.845	0.56387	0.56391			6
2024.12.30	01:48:14.149	0.56385	0.56390			6
2024.12.30	01:48:42.487		0.56388			4
2024.12.30	01:48:42.806		0.56387			4
2024.12.30	01:48:44.332		0.56388			4
2024.12.30	01:48:46.629	0.56383	0.56386			6
2024.12.30	01:48:53.447	0.56377	0.56381			6
2024.12.30	01:49:00.361	0.56377				2
2024.12.30	01:49:01.718	0.56374	0.56378			6
2024.12.30	01:49:02.049		0.56377			4
2024.12.30	01:49:04.860	0.56373				2
2024.12.30	01:49:06.718	0.56371	0.56376			6
2024.12.30	01:49:07.434	0.56370	0.56374			6
2024.12.30	01:49:16.566	0.56367	0.56371			6
2024.12.30	01:49:24.677	0.56365	0.56370			6
2024.12.30	01:49:24.987		0.56369			4
2024.12.30	01:49:32.654	0.56367				2
2024.12.30	01:49:35.657	0.56371	0.56374			6
2024.12.30	01:49:35.966	0.56372	0.56375			6
2024.12.30	01:49:36.348	0.56377	0.56380			6
2024.12.30	01:49:49.333	0.56376				2
2024.12.30	01:49:52.839	0.56374	0.56377			6
2024.12.30	01:49:54.982	0.56378	0.56383			6
2024.12.30	01:49:55.352		0.56382			4
2024.12.30	01:49:58.074	0.56379	0.56383			6
2024.12.30	01:50:00.194	0.56379				2
2024.12.30	01:50:03.323		0.56382			4
2024.12.30	01:50:03.628		0.56383			4
2024.12.30	01:50:05.168		0.56382			4
2024.12.30	01:50:13.279		0.56381			4
2024.12.30	01:50:28.596		0.56382			4
2024.12.30	01:50:33.589	0.56377	0.56379			6
2024.12.30	01:51:00.123	0.56377				2
2024.12.30	01:51:21.215		0.56378			4
2024.12.30	01:51:27.241	0.56379	0.56381			6
2024.12.30	01:51:29.375	0.56377	0.56379			6
2024.12.30	01:51:48.720	0.56380	0.56384			6
2024.12.30	01:51:49.047		0.56385			4
2024.12.30	01:51:49.931		0.56384			4
2024.12.30	01:51:55.087	0.56387	0.56391			6
2024.12.30	01:51:55.391	0.56386	0.56389			6
2024.12.30	01:52:00.682	0.56386				2
2024.12.30	01:52:07.779	0.56383	0.56385			6
2024.12.30	01:52:23.475	0.56381	0.56384			6
2024.12.30	01:52:29.085		0.56385			4
2024.12.30	01:52:37.719	0.56384	0.56388			6
2024.12.30	01:52:39.105	0.56383	0.56386			6
2024.12.30	01:52:39.424		0.56385			4
2024.12.30	01:52:45.464		0.56386			4
2024.12.30	01:52:48.068	0.56384	0.56387			6
2024.12.30	01:52:49.133	0.56383	0.56385			6
2024.12.30	01:52:51.316		0.56386			4
2024.12.30	01:52:52.463		0.56385			4
2024.12.30	01:53:03.779	0.56383	0.56386			6
2024.12.30	01:53:09.793	0.56382				2
2024.12.30	01:53:24.158		0.56385			4
2024.12.30	01:53:24.475	0.56381				2
2024.12.30	01:53:29.968		0.56384			4
2024.12.30	01:53:47.827	0.56383				2
2024.12.30	01:53:48.131	0.56382				2
2024.12.30	01:54:00.225	0.56382	0.56383			6
2024.12.30	01:54:01.736	0.56384	0.56385			6
2024.12.30	01:54:02.039	0.56385	0.56386			6
2024.12.30	01:54:02.346		0.56387			4
2024.12.30	01:54:02.975		0.56386			4
2024.12.30	01:54:03.285	0.56383	0.56385			6
2024.12.30	01:54:16.601	0.56381	0.56384			6
2024.12.30	01:54:21.167		0.56383			4
2024.12.30	01:54:27.819	0.56380				2
2024.12.30	01:54:40.216	0.56381				2
2024.12.30	01:54:43.241	0.56379	0.56380			6
2024.12.30	01:54:52.060		0.56381			4
2024.12.30	01:54:52.968		0.56380			4
2024.12.30	01:54:59.921		0.56381			4
2024.12.30	01:55:00.221	0.56379				2
2024.12.30	01:55:04.154		0.56380			4
2024.12.30	01:55:20.483		0.56381			4
2024.12.30	01:55:34.391		0.56380			4
2024.12.30	01:55:40.133	0.56380	0.56382			6
2024.12.30	01:55:40.739	0.56379	0.56380			6
2024.12.30	01:55:41.343		0.56381			4
2024.12.30	01:55:45.577	0.56380	0.56383			6
2024.12.30	01:55:46.182	0.56383	0.56385			6
2024.12.30	01:55:46.484		0.56386			4
2024.12.30	01:55:46.786	0.56382	0.56385			6
2024.12.30	01:55:47.264	0.56381	0.56384			6
2024.12.30	01:56:00.724	0.56381				2
2024.12.30	01:56:02.812		0.56385			4
2024.12.30	01:56:03.127	0.56383	0.56387			6
2024.12.30	01:56:10.941	0.56382	0.56385			6
2024.12.30	01:56:23.580	0.56384	0.56387			6
2024.12.30	01:56:43.218		0.56386			4
2024.12.30	01:56:45.648		0.56387			4
2024.12.30	01:56:45.950		0.56386			4
2024.12.30	01:56:49.132	0.56383	0.56385			6
2024.12.30	01:56:50.994	0.56384	0.56386			6
2024.12.30	01:57:00.083	0.56384				2
2024.12.30	01:57:35.184		0.56385			4
2024.12.30	01:58:00.252	0.56384				2
2024.12.30	01:58:15.424	0.56385	0.56387			6
2024.12.30	01:58:30.843	0.56386	0.56388			6
2024.12.30	01:58:57.554	0.56388	0.56389			6
2024.12.30	01:58:57.857	0.56391	0.56393			6
2024.12.30	01:58:58.158	0.56390	0.56395			6
2024.12.30	01:58:58.849	0.56392				2
2024.12.30	01:58:59.168		0.56394			4
2024.12.30	01:59:00.181	0.56392	0.56395			6
2024.12.30	01:59:01.795		0.56394			4
2024.12.30	01:59:02.431		0.56395			4
2024.12.30	01:59:07.188		0.56394			4
2024.12.30	01:59:15.030	0.56390	0.56393			6
2024.12.30	01:59:20.045		0.56392			4
2024.12.30	01:59:22.117	0.56388	0.56393			6
2024.12.30	01:59:28.340	0.56389				2
2024.12.30	01:59:31.162	0.56388	0.56392			6
2024.12.30	01:59:42.646	0.56389				2
2024.12.30	01:59:50.593		0.56391			4
2024.12.30	01:59:59.661	0.56388				2
2024.12.30	02:00:00.250	0.56388				2
2024.12.30	02:00:01.471	0.56389				2
2024.12.30	02:00:01.776	0.56390				2
2024.12.30	02:00:02.082	0.56391	0.56393			6
2024.12.30	02:00:02.394		0.56394			4
2024.12.30	02:00:04.011	0.56392				2
2024.12.30	02:00:04.665	0.56394	0.56395			6
2024.12.30	02:00:04.972	0.56392	0.56396			6
2024.12.30	02:00:05.300	0.56391	0.56394			6
2024.12.30	02:00:05.606		0.56393			4
2024.12.30	02:00:06.514	0.56393	0.56395			6
2024.12.30	02:00:07.441	0.56392				2
2024.12.30	02:00:08.453		0.56394			4
2024.12.30	02:00:08.771	0.56391				2
2024.12.30	02:00:10.753	0.56389	0.56390			6
2024.12.30	02:00:11.377	0.56390	0.56394			6
2024.12.30	02:00:14.795	0.56393	0.56396			6
2024.12.30	02:00:17.533	0.56392	0.56395			6
2024.12.30	02:00:29.509	0.56391	0.56394			6
2024.12.30	02:00:33.548		0.56393			4
2024.12.30	02:00:34.622	0.56388	0.56391			6
2024.12.30	02:00:34.922		0.56392			4
2024.12.30	02:00:35.367	0.56387	0.56390			6
2024.12.30	02:00:36.661		0.56389			4
2024.12.30	02:00:37.397	0.56383	0.56385			6
2024.12.30	02:00:39.481	0.56381	0.56383			6
2024.12.30	02:00:39.785		0.56384			4
2024.12.30	02:00:40.759		0.56383			4
2024.12.30	02:00:42.873		0.56384			4
2024.12.30	02:00:43.185	0.56371	0.56373			6
2024.12.30	02:00:43.487	0.56366	0.56368			6
2024.12.30	02:00:43.789	0.56364	0.56366			6
2024.12.30	02:00:44.106	0.56362	0.56364			6
2024.12.30	02:00:44.419	0.56364	0.56365			6
2024.12.30	02:00:45.908	0.56365	0.56366			6
2024.12.30	02:00:47.127	0.56367	0.56369			6
2024.12.30	02:00:56.456	0.56363	0.56366			6
2024.12.30	02:00:57.562	0.56358	0.56360			6
2024.12.30	02:01:00.353	0.56358	0.56361			6
2024.12.30	02:01:00.655	0.56361	0.56362			6
2024.12.30	02:01:01.276	0.56363	0.56364			6
2024.12.30	02:01:02.200	0.56360				2
2024.12.30	02:01:04.194		0.56362			4
2024.12.30	02:01:04.832	0.56358				2
2024.12.30	02:01:05.743	0.56357	0.56361			6
2024.12.30	02:01:07.276	0.56358	0.56362			6
2024.12.30	02:01:08.204	0.56357	0.56360			6
2024.12.30	02:01:13.114	0.56353	0.56357			6
2024.12.30	02:01:14.115		0.56354			4
2024.12.30	02:01:15.296	0.56354	0.56355			6
2024.12.30	02:01:18.457	0.56355	0.56357			6
2024.12.30	02:01:26.724	0.56349	0.56353			6
2024.12.30	02:01:27.124		0.56352			4
2024.12.30	02:01:28.739	0.56348				2
2024.12.30	02:01:31.855	0.56347				2
2024.12.30	02:01:32.553	0.56345	0.56348			6
2024.12.30	02:01:32.862	0.56343				2
2024.12.30	02:01:37.305	0.56344				2
2024.12.30	02:01:38.161	0.56345	0.56349			6
2024.12.30	02:01:41.778	0.56344	0.56348			6
2024.12.30	02:01:42.152	0.56345	0.56349			6
2024.12.30	02:01:44.610	0.56344				2
2024.12.30	02:01:49.123	0.56343	0.56348			6
2024.12.30	02:02:00.673	0.56347	0.56349			6
2024.12.30	02:02:00.975		0.56350			4
2024.12.30	02:02:02.247	0.56348				2
2024.12.30	02:02:02.584	0.56347				2
2024.12.30	02:02:04.327	0.56350	0.56351			6
2024.12.30	02:02:04.703	0.56349				2
2024.12.30	02:02:05.066	0.56351	0.56353			6
2024.12.30	02:02:05.377	0.56349				2
2024.12.30	02:02:07.432	0.56344	0.56348			6
2024.12.30	02:02:07.754	0.56343				2
2024.12.30	02:02:10.339		0.56349			4
2024.12.30	02:02:13.065	0.56344				2
2024.12.30	02:02:22.405	0.56343				2
2024.12.30	02:02:32.643	0.56347	0.56351			6
2024.12.30	02:02:33.337	0.56346				2
2024.12.30	02:02:35.058	0.56348	0.56352			6
2024.12.30	02:02:35.363	0.56350	0.56353			6
2024.12.30	02:02:35.877	0.56349				2
2024.12.30	02:02:37.068	0.56350				2
2024.12.30	02:02:37.970	0.56349				2
2024.12.30	02:02:38.352	0.56350				2
2024.12.30	02:02:38.710	0.56349				2
2024.12.30	02:02:43.855	0.56350				2
2024.12.30	02:02:47.322		0.56355			4
2024.12.30	02:02:50.114	0.56349	0.56354			6
2024.12.30	02:02:53.603	0.56351	0.56355			6
2024.12.30	02:02:55.605	0.56347	0.56352			6
2024.12.30	02:02:57.553	0.56346				2
2024.12.30	02:02:58.857		0.56351			4
2024.12.30	02:03:00.377	0.56346				2
2024.12.30	02:03:01.940	0.56347				2
2024.12.30	02:03:03.511	0.56346				2
2024.12.30	02:03:04.343	0.56349	0.56352			6
2024.12.30	02:03:04.649	0.56350	0.56354			6
2024.12.30	02:03:10.211	0.56349				2
2024.12.30	02:03:11.768	0.56350				2
2024.12.30	02:03:15.448	0.56351				2
2024.12.30	02:03:15.753	0.56355	0.56358			6
2024.12.30	02:03:16.058	0.56354				2
2024.12.30	02:03:19.441		0.56359			4
2024.12.30	02:03:19.925	0.56355				2
2024.12.30	02:03:21.244	0.56351	0.56357			6
2024.12.30	02:03:21.546		0.56356			4
2024.12.30	02:03:22.677		0.56355			4
2024.12.30	02:03:22.995	0.56350				2
2024.12.30	02:03:24.884	0.56351	0.56357			6
2024.12.30	02:03:36.459	0.56350	0.56355			6
2024.12.30	02:03:38.396	0.56351				2
2024.12.30	02:03:39.002	0.56350				2
2024.12.30	02:03:44.288	0.56351				2
2024.12.30	02:03:46.039		0.56356			4
2024.12.30	02:03:57.248	0.56352				2
2024.12.30	02:03:58.487	0.56351				2
2024.12.30	02:04:00.354	0.56352	0.56357			6
2024.12.30	02:04:00.661	0.56353				2
2024.12.30	02:04:00.965		0.56358			4
2024.12.30	02:04:01.267	0.56354				2
2024.12.30	02:04:07.321	0.56352	0.56356			6
2024.12.30	02:04:09.404		0.56357			4
2024.12.30	02:04:12.521	0.56353				2
2024.12.30	02:04:17.669	0.56354				2
2024.12.30	02:04:18.880	0.56353				2
2024.12.30	02:04:19.182	0.56356	0.56360			6
2024.12.30	02:04:23.221	0.56355	0.56359			6
2024.12.30	02:04:23.581		0.56360			4
2024.12.30	02:04:24.332	0.56356	0.56361			6
2024.12.30	02:04:25.844		0.56360			4
2024.12.30	02:04:28.270	0.56355	0.56359			6
2024.12.30	02:04:29.177	0.56356	0.56360			6
2024.12.30	02:04:34.329		0.56359			4
2024.12.30	02:04:34.630		0.56360			4
2024.12.30	02:04:43.243		0.56359			4
2024.12.30	02:05:00.204	0.56358	0.56361			6
2024.12.30	02:05:00.506	0.56357	0.56360			6
2024.12.30	02:05:02.655	0.56358	0.56361			6
2024.12.30	02:05:02.963	0.56362	0.56365			6
2024.12.30	02:05:03.265	0.56365	0.56369			6
2024.12.30	02:05:03.578	0.56366				2
2024.12.30	02:05:03.916		0.56370			4
2024.12.30	02:05:04.220	0.56365				2
2024.12.30	02:05:04.737	0.56366				2
2024.12.30	02:05:06.313	0.56365	0.56369			6
2024.12.30	02:05:07.814		0.56368			4
2024.12.30	02:05:10.097		0.56366			4
2024.12.30	02:05:10.406	0.56362				2
2024.12.30	02:05:12.645	0.56363	0.56367			6
2024.12.30	02:05:12.948	0.56362	0.56366			6
2024.12.30	02:05:13.272		0.56365			4
2024.12.30	02:05:17.781	0.56366	0.56368			6
2024.12.30	02:05:18.084		0.56369			4
2024.12.30	02:05:31.567	0.56358	0.56363			6
2024.12.30	02:05:31.870	0.56354	0.56360			6
2024.12.30	02:05:32.171		0.56355			4
2024.12.30	02:05:36.645	0.56353	0.56354			6
2024.12.30	02:05:38.792		0.56355			4
2024.12.30	02:05:44.883		0.56359			4
2024.12.30	02:05:45.418	0.56350	0.56354			6
2024.12.30	02:05:48.136		0.56356			4
2024.12.30	02:05:53.880		0.56355			4
2024.12.30	02:06:00.717	0.56350				2
2024.12.30	02:06:05.220	0.56351	0.56357			6
2024.12.30	02:06:05.566	0.56352				2
2024.12.30	02:06:06.025		0.56356			4
2024.12.30	02:06:10.570	0.56353	0.56358			6
2024.12.30	02:06:12.117		0.56357			4
2024.12.30	02:06:21.907	0.56351	0.56356			6
2024.12.30	02:06:23.807		0.56355			4
2024.12.30	02:06:29.917		0.56356			4
2024.12.30	02:06:30.644	0.56352				2
2024.12.30	02:06:31.505	0.56353				2
2024.12.30	02:06:34.715		0.56355			4
2024.12.30	02:06:35.927		0.56356			4
2024.12.30	02:06:39.981		0.56357			4
2024.12.30	02:06:40.772		0.56356			4
2024.12.30	02:06:42.701	0.56354	0.56357			6
2024.12.30	02:06:49.735		0.56358			4
2024.12.30	02:06:50.217	0.56353	0.56356			6
2024.12.30	02:06:50.671	0.56352				2
2024.12.30	02:06:53.266		0.56355			4
2024.12.30	02:06:55.294	0.56356	0.56360			6
2024.12.30	02:07:00.388	0.56356				2
2024.12.30	02:07:01.512	0.56354	0.56357			6
2024.12.30	02:07:03.192	0.56355	0.56358			6
2024.12.30	02:07:03.493	0.56356	0.56359			6
2024.12.30	02:07:09.304		0.56361			4
2024.12.30	02:07:10.657	0.56357	0.56360			6
2024.12.30	02:07:12.181	0.56360	0.56363			6
2024.12.30	02:07:14.140		0.56362			4
2024.12.30	02:07:20.270		0.56363			4
2024.12.30	02:07:20.684		0.56362			4
2024.12.30	02:07:23.606	0.56364	0.56367			6
2024.12.30	02:07:29.489		0.56368			4
2024.12.30	02:07:29.805	0.56370	0.56373			6
2024.12.30	02:07:30.768	0.56371	0.56374			6
2024.12.30	02:07:31.678		0.56375			4
2024.12.30	02:07:43.498		0.56374			4
2024.12.30	02:07:44.103	0.56369	0.56373			6
2024.12.30	02:07:44.406	0.56370				2
2024.12.30	02:07:44.721	0.56368	0.56371			6
2024.12.30	02:07:48.998		0.56372			4
2024.12.30	02:07:49.907		0.56371			4
2024.12.30	02:07:51.116	0.56367				2
2024.12.30	02:07:51.421		0.56370			4
2024.12.30	02:08:00.454	0.56369	0.56374			6
2024.12.30	02:08:00.822	0.56370				2
2024.12.30	02:08:01.644	0.56371	0.56375			6
2024.12.30	02:08:02.343		0.56374			4
2024.12.30	02:08:05.833		0.56375			4
2024.12.30	02:08:06.736	0.56372				2
2024.12.30	02:08:14.322	0.56371				2
2024.12.30	02:08:20.331	0.56370	0.56372			6
2024.12.30	02:08:21.323	0.56369	0.56373			6
2024.12.30	02:08:24.358	0.56370	0.56374			6
2024.12.30	02:08:27.289	0.56369	0.56373			6
2024.12.30	02:08:31.019		0.56372			4
2024.12.30	02:08:32.563		0.56374			4
2024.12.30	02:08:33.640		0.56373			4
2024.12.30	02:08:33.981	0.56367	0.56372			6
2024.12.30	02:08:34.587	0.56369				2
2024.12.30	02:08:37.028		0.56374			4
2024.12.30	02:08:46.517	0.56374	0.56376			6
2024.12.30	02:08:46.840		0.56377			4
2024.12.30	02:08:51.201		0.56378			4
2024.12.30	02:08:52.223	0.56375				2
2024.12.30	02:08:54.310		0.56377			4
2024.12.30	02:08:56.823	0.56373	0.56375			6
2024.12.30	02:08:59.399	0.56374				2
2024.12.30	02:09:00.449	0.56374	0.56377			6
2024.12.30	02:09:01.412		0.56376			4
2024.12.30	02:09:01.718		0.56375			4
2024.12.30	02:09:03.513	0.56376	0.56378			6
2024.12.30	02:09:12.424	0.56375				2
2024.12.30	02:09:17.816	0.56374	0.56377			6
2024.12.30	02:09:18.734	0.56375				2
2024.12.30	02:09:19.338	0.56374				2
2024.12.30	02:09:19.642	0.56375				2
2024.12.30	02:09:24.187	0.56374				2
2024.12.30	02:09:24.665	0.56375				2
2024.12.30	02:09:28.916	0.56378	0.56381			6
2024.12.30	02:09:29.221	0.56377	0.56379			6
2024.12.30	02:09:29.522	0.56376				2
2024.12.30	02:09:35.420		0.56378			4
2024.12.30	02:09:43.889	0.56375				2
2024.12.30	02:09:44.212	0.56374	0.56377			6
2024.12.30	02:09:45.266	0.56373	0.56375			6
2024.12.30	02:09:45.581		0.56376			4
2024.12.30	02:09:45.884	0.56374	0.56377			6
2024.12.30	02:09:59.610	0.56373	0.56376			6
2024.12.30	02:10:00.214	0.56373				2
2024.12.30	02:10:00.518	0.56374	0.56377			6
2024.12.30	02:10:00.856	0.56373	0.56376			6
2024.12.30	02:10:01.404	0.56374	0.56377			6
2024.12.30	02:10:04.480	0.56375				2
2024.12.30	02:10:04.785	0.56374				2
2024.12.30	02:10:05.388		0.56375			4
2024.12.30	02:10:05.693	0.56372	0.56374			6
2024.12.30	02:10:06.383	0.56366	0.56369			6
2024.12.30	02:10:07.307		0.56370			4
2024.12.30	02:10:34.222		0.56369			4
2024.12.30	02:10:36.341	0.56365	0.56368			6
2024.12.30	02:10:38.413		0.56367			4
2024.12.30	02:10:40.382		0.56368			4
2024.12.30	02:10:42.942		0.56367			4
2024.12.30	02:11:01.291	0.56365				2
2024.12.30	02:11:04.782	0.56360	0.56363			6
2024.12.30	02:11:07.494		0.56364			4
2024.12.30	02:11:08.300		0.56363			4
2024.12.30	02:11:13.251		0.56364			4
2024.12.30	02:11:14.244	0.56362	0.56366			6
2024.12.30	02:11:16.520	0.56361	0.56364			6
2024.12.30	02:11:19.775	0.56364	0.56366			6
2024.12.30	02:11:20.402		0.56367			4
2024.12.30	02:11:21.313	0.56362	0.56366			6
2024.12.30	02:11:24.897	0.56363				2
2024.12.30	02:11:44.181		0.56365			4
2024.12.30	02:11:46.301	0.56364	0.56366			6
2024.12.30	02:11:49.330	0.56365	0.56367			6
2024.12.30	02:11:49.635	0.56364				2
2024.12.30	02:11:49.940	0.56363	0.56366			6
2024.12.30	02:12:00.312	0.56363				2
2024.12.30	02:12:04.279	0.56364				2
2024.12.30	02:12:08.217	0.56368	0.56369			6
2024.12.30	02:12:08.521		0.56370			4
2024.12.30	02:12:09.127		0.56371			4
2024.12.30	02:12:33.981	0.56367	0.56370			6
2024.12.30	02:12:40.339		0.56369			4
2024.12.30	02:12:45.185	0.56369	0.56371			6
2024.12.30	02:12:46.400		0.56372			4
2024.12.30	02:12:47.003		0.56371			4
2024.12.30	02:13:00.039	0.56369				2
2024.12.30	02:13:00.646		0.56370			4
2024.12.30	02:13:06.123	0.56367	0.56369			6
2024.12.30	02:13:06.427	0.56368	0.56370			6
2024.12.30	02:13:07.031	0.56361	0.56363			6
2024.12.30	02:13:07.338	0.56362	0.56364			6
2024.12.30	02:13:08.265	0.56361	0.56365			6
2024.12.30	02:13:08.643	0.56359	0.56363			6
2024.12.30	02:13:09.702	0.56355	0.56359			6
2024.12.30	02:13:10.015	0.56356				2
2024.12.30	02:13:10.359		0.56360			4
2024.12.30	02:13:16.427	0.56357				2
2024.12.30	02:13:31.881	0.56355	0.56359			6
2024.12.30	02:13:49.407		0.56358			4
2024.12.30	02:14:00.257	0.56355				2
2024.12.30	02:14:08.132		0.56357			4
2024.12.30	02:14:25.097	0.56354				2
2024.12.30	02:14:25.401	0.56351	0.56352			6
2024.12.30	02:14:25.705	0.56354	0.56356			6
2024.12.30	02:14:26.006	0.56355	0.56357			6
2024.12.30	02:14:26.310	0.56353				2
2024.12.30	02:14:28.347	0.56352	0.56356			6
2024.12.30	02:14:30.424		0.56355			4
2024.12.30	02:14:41.596	0.56351	0.56354			6
2024.12.30	02:14:46.500	0.56350	0.56352			6
2024.12.30	02:14:58.352		0.56354			4
2024.12.30	02:15:00.298	0.56350				2
2024.12.30	02:15:03.598		0.56353			4
2024.12.30	02:15:05.941		0.56352			4
2024.12.30	02:15:08.188	0.56346	0.56349			6
2024.12.30	02:15:08.495	0.56347	0.56350			6
2024.12.30	02:15:10.351		0.56349			4
2024.12.30	02:15:17.381	0.56345	0.56348			6
2024.12.30	02:15:40.641	0.56349	0.56350			6
2024.12.30	02:15:40.944		0.56352			4
2024.12.30	02:15:41.851	0.56350				2
2024.12.30	02:15:42.153		0.56354			4
2024.12.30	02:15:45.732	0.56351				2
2024.12.30	02:15:46.115		0.56355			4
2024.12.30	02:15:58.878	0.56353				2
2024.12.30	02:16:00.098	0.56354				2
2024.12.30	02:16:00.399	0.56358	0.56362			6
2024.12.30	02:16:01.287	0.56362	0.56366			6
2024.12.30	02:16:01.603	0.56370	0.56371			6
2024.12.30	02:16:01.908	0.56369	0.56370			6
2024.12.30	02:16:02.237		0.56371			4
2024.12.30	02:16:03.763		0.56373			4
2024.12.30	02:16:09.333	0.56372	0.56376			6
2024.12.30	02:16:09.642	0.56371	0.56377			6
2024.12.30	02:16:09.946	0.56373	0.56376			6
2024.12.30	02:16:16.496		0.56375			4
2024.12.30	02:16:44.277		0.56376			4
2024.12.30	02:16:44.986	0.56372				2
2024.12.30	02:17:00.373	0.56372	0.56377			6
2024.12.30	02:17:01.719		0.56376			4
2024.12.30	02:17:08.253		0.56375			4
2024.12.30	02:17:14.791	0.56374	0.56377			6
2024.12.30	02:17:15.095	0.56376	0.56380			6
2024.12.30	02:17:16.148	0.56377				2
2024.12.30	02:17:21.426	0.56379	0.56383			6
2024.12.30	02:17:23.844	0.56376	0.56381			6
2024.12.30	02:17:24.909	0.56372	0.56378			6
2024.12.30	02:17:33.537	0.56373				2
2024.12.30	02:17:33.903	0.56374				2
2024.12.30	02:17:36.936	0.56372	0.56377			6
2024.12.30	02:17:37.978	0.56378	0.56381			6
2024.12.30	02:17:38.298	0.56377				2
2024.12.30	02:17:39.685	0.56374	0.56378			6
2024.12.30	02:17:39.987		0.56377			4
2024.12.30	02:17:42.952	0.56373				2
2024.12.30	02:17:43.265	0.56374	0.56378			6
2024.12.30	02:17:43.587		0.56377			4
2024.12.30	02:17:45.214		0.56378			4
2024.12.30	02:17:45.965	0.56376	0.56381			6
2024.12.30	02:17:54.946	0.56374	0.56378			6
2024.12.30	02:17:55.968		0.56379			4
2024.12.30	02:17:59.061	0.56376	0.56381			6
2024.12.30	02:18:00.153	0.56376				2
2024.12.30	02:18:01.326	0.56377				2
2024.12.30	02:18:01.628	0.56378	0.56382			6
2024.12.30	02:18:12.117	0.56379	0.56385			6
2024.12.30	02:18:16.206		0.56384			4
2024.12.30	02:18:17.993	0.56378	0.56383			6
2024.12.30	02:18:19.304	0.56377	0.56382			6
2024.12.30	02:18:33.696	0.56378				2
2024.12.30	02:18:41.410	0.56379				2
2024.12.30	02:18:49.893		0.56381			4
2024.12.30	02:18:50.194		0.56382			4
2024.12.30	02:18:59.286	0.56380				2
2024.12.30	02:19:00.195	0.56380				2
2024.12.30	02:19:01.717	0.56381	0.56383			6
2024.12.30	02:19:02.034	0.56382	0.56384			6
2024.12.30	02:19:02.340		0.56385			4
2024.12.30	02:19:11.160		0.56384			4
2024.12.30	02:19:11.765	0.56388	0.56390			6
2024.12.30	02:19:12.391	0.56387	0.56391			6
2024.12.30	02:19:12.754	0.56386				2
2024.12.30	02:19:13.774	0.56391	0.56394			6
2024.12.30	02:19:19.296	0.56392				2
2024.12.30	02:19:19.811	0.56391				2
2024.12.30	02:19:21.978	0.56392	0.56395			6
2024.12.30	02:19:24.269		0.56394			4
2024.12.30	02:19:28.561	0.56390	0.56392			6
2024.12.30	02:19:31.540		0.56394			4
2024.12.30	02:19:31.922		0.56393			4
2024.12.30	02:19:36.923		0.56394			4
2024.12.30	02:19:43.532	0.56391	0.56395			6
2024.12.30	02:19:57.418	0.56392				2
2024.12.30	02:20:00.147	0.56392				2
2024.12.30	02:20:11.964	0.56393	0.56394			6
2024.12.30	02:20:12.269	0.56392	0.56393			6
2024.12.30	02:20:13.481	0.56391	0.56392			6
2024.12.30	02:20:13.784	0.56390	0.56393			6
2024.12.30	02:20:14.390	0.56391				2
2024.12.30	02:20:15.301		0.56394			4
2024.12.30	02:20:17.426	0.56392	0.56395			6
2024.12.30	02:20:23.795		0.56394			4
2024.12.30	02:20:24.098		0.56395			4
2024.12.30	02:20:30.320		0.56394			4
2024.12.30	02:20:30.624	0.56393	0.56395			6
2024.12.30	02:20:34.900	0.56392	0.56394			6
2024.12.30	02:20:42.780	0.56393	0.56395			6
2024.12.30	02:21:00.052	0.56393				2
2024.12.30	02:21:09.138	0.56392	0.56394			6
2024.12.30	02:21:12.472	0.56393	0.56395			6
2024.12.30	02:21:27.614	0.56391	0.56392			6
2024.12.30	02:21:28.220	0.56392	0.56393			6
2024.12.30	02:21:34.901	0.56390	0.56392			6
2024.12.30	02:21:35.814	0.56391	0.56393			6
2024.12.30	02:21:39.751	0.56390	0.56392			6
2024.12.30	02:21:40.058	0.56391	0.56393			6
2024.12.30	02:21:44.908	0.56392				2
2024.12.30	02:21:45.229	0.56390	0.56392			6
2024.12.30	02:21:45.567	0.56392	0.56393			6
2024.12.30	02:21:58.301	0.56385	0.56386			6
2024.12.30	02:21:58.605	0.56383	0.56385			6
2024.12.30	02:21:59.218	0.56382	0.56386			6
2024.12.30	02:22:00.128	0.56383	0.56387			6
2024.12.30	02:22:00.753	0.56382				2
2024.12.30	02:22:02.250		0.56386			4
2024.12.30	02:22:07.976	0.56384	0.56389			6
2024.12.30	02:22:08.278	0.56385				2
2024.12.30	02:22:09.714		0.56390			4
2024.12.30	02:22:16.671	0.56387	0.56391			6
2024.12.30	02:22:18.181	0.56388	0.56392			6
2024.12.30	02:22:19.222		0.56393			4
2024.12.30	02:22:19.538	0.56387				2
2024.12.30	02:22:21.718		0.56392			4
2024.12.30	02:22:27.158		0.56391			4
2024.12.30	02:22:32.346		0.56393			4
2024.12.30	02:22:46.230		0.56392			4
2024.12.30	02:22:47.760		0.56393			4
2024.12.30	02:22:50.404	0.56388				2
2024.12.30	02:22:51.928	0.56389				2
2024.12.30	02:22:52.812	0.56390				2
2024.12.30	02:22:53.139	0.56391				2
2024.12.30	02:22:54.525	0.56388				2
2024.12.30	02:22:56.955	0.56389				2
2024.12.30	02:23:00.289	0.56388				2
2024.12.30	02:23:00.591	0.56389				2
2024.12.30	02:23:00.916	0.56390				2
2024.12.30	02:23:03.766	0.56389	0.56392			6
2024.12.30	02:23:04.998		0.56393			4
2024.12.30	02:23:05.601		0.56392			4
2024.12.30	02:23:05.906		0.56391			4
2024.12.30	02:23:10.750		0.56390			4
2024.12.30	02:23:19.227		0.56391			4
2024.12.30	02:23:19.533		0.56390			4
2024.12.30	02:23:28.908		0.56391			4
2024.12.30	02:23:29.212	0.56390				2
2024.12.30	02:23:29.520	0.56388	0.56390			6
2024.12.30	02:23:38.298	0.56387	0.56388			6
2024.12.30	02:23:38.602	0.56383	0.56385			6
2024.12.30	02:23:39.226	0.56380	0.56383			6
2024.12.30	02:23:41.378	0.56382	0.56384			6
2024.12.30	02:23:44.881	0.56380	0.56383			6
2024.12.30	02:23:54.332		0.56382			4
2024.12.30	02:23:57.351		0.56383			4
2024.12.30	02:24:00.398	0.56380				2
2024.12.30	02:24:08.124	0.56381				2
2024.12.30	02:24:19.337	0.56382				2
2024.12.30	02:24:25.701	0.56380	0.56382			6
2024.12.30	02:24:29.943		0.56383			4
2024.12.30	02:24:30.248		0.56382			4
2024.12.30	02:24:31.710		0.56381			4
2024.12.30	02:24:36.247	0.56375	0.56378			6
2024.12.30	02:24:36.550		0.56377			4
2024.12.30	02:24:37.156	0.56376	0.56379			6
2024.12.30	02:24:40.588	0.56377				2
2024.12.30	02:24:43.354		0.56380			4
2024.12.30	02:24:47.995	0.56379				2
2024.12.30	02:24:51.764	0.56376	0.56379			6
2024.12.30	02:24:52.201	0.56375	0.56376			6
2024.12.30	02:24:52.503		0.56378			4
2024.12.30	02:24:52.808		0.56376			4
2024.12.30	02:24:55.134	0.56374				2
2024.12.30	02:24:56.349	0.56373	0.56375			6
2024.12.30	02:24:56.656	0.56374	0.56376			6
2024.12.30	02:24:58.138		0.56377			4
2024.12.30	02:25:00.224	0.56374				2
2024.12.30	02:25:02.058	0.56375				2
2024.12.30	02:25:06.922	0.56374	0.56376			6
2024.12.30	02:25:07.449	0.56373	0.56375			6
2024.12.30	02:25:10.716		0.56376			4
2024.12.30	02:25:13.417		0.56375			4
2024.12.30	02:25:16.143	0.56371	0.56373			6
2024.12.30	02:25:16.449	0.56370	0.56372			6
2024.12.30	02:25:17.377		0.56373			4
2024.12.30	02:25:20.243	0.56368	0.56371			6
2024.12.30	02:25:22.299	0.56369				2
2024.12.30	02:25:28.063		0.56372			4
2024.12.30	02:25:30.075		0.56371			4
2024.12.30	02:25:30.386		0.56372			4
2024.12.30	02:25:33.186	0.56370	0.56371			6
2024.12.30	02:25:34.395		0.56372			4
2024.12.30	02:25:34.701	0.56371	0.56373			6
2024.12.30	02:25:35.002		0.56372			4
2024.12.30	02:25:41.366		0.56373			4
2024.12.30	02:25:41.671	0.56370	0.56372			6
2024.12.30	02:25:51.999	0.56371	0.56373			6
2024.12.30	02:25:54.124	0.56372	0.56374			6
2024.12.30	02:25:58.384	0.56376	0.56378			6
2024.12.30	02:25:59.322	0.56375	0.56379			6
2024.12.30	02:26:00.353	0.56375	0.56378			6
2024.12.30	02:26:02.369	0.56376				2
2024.12.30	02:26:07.423	0.56375				2
2024.12.30	02:26:11.746	0.56374	0.56377			6
2024.12.30	02:26:12.398	0.56373	0.56376			6
2024.12.30	02:26:20.275	0.56374				2
2024.12.30	02:26:26.029	0.56375	0.56377			6
2024.12.30	02:26:31.482	0.56374	0.56376			6
2024.12.30	02:26:32.391	0.56375	0.56377			6
2024.12.30	02:26:33.602	0.56376	0.56378			6
2024.12.30	02:26:37.539	0.56378	0.56380			6
2024.12.30	02:26:37.843	0.56377	0.56379			6
2024.12.30	02:26:45.713	0.56376	0.56378			6
2024.12.30	02:26:46.015	0.56375	0.56377			6
2024.12.30	02:26:49.042	0.56376	0.56378			6
2024.12.30	02:26:53.936	0.56377				2
2024.12.30	02:26:54.844	0.56376				2
2024.12.30	02:27:00.296	0.56376				2
2024.12.30	02:27:01.206	0.56377	0.56379			6
2024.12.30	02:27:04.537	0.56380	0.56382			6
2024.12.30	02:27:05.748	0.56383	0.56385			6
2024.12.30	02:27:06.357	0.56382				2
2024.12.30	02:27:07.314	0.56381				2
2024.12.30	02:27:10.398	0.56382				2
2024.12.30	02:27:13.428	0.56380	0.56383			6
2024.12.30	02:27:13.766		0.56384			4
2024.12.30	02:27:21.173	0.56382	0.56385			6
2024.12.30	02:27:21.805		0.56384			4
2024.12.30	02:27:22.109	0.56381				2
2024.12.30	02:27:29.416		0.56385			4
2024.12.30	02:27:30.223	0.56380	0.56383			6
2024.12.30	02:27:31.152	0.56379	0.56382			6
2024.12.30	02:27:37.812	0.56378				2
2024.12.30	02:27:40.745	0.56379				2
2024.12.30	02:27:41.363	0.56378				2
2024.12.30	02:27:44.379		0.56381			4
2024.12.30	02:27:49.221	0.56374	0.56377			6
2024.12.30	02:27:51.355	0.56373	0.56374			6
2024.12.30	02:28:00.857	0.56373				2
2024.12.30	02:28:01.903	0.56374	0.56376			6
2024.12.30	02:28:14.012	0.56373				2
2024.12.30	02:28:15.656	0.56374				2
2024.12.30	02:28:29.064	0.56376	0.56377			6
2024.12.30	02:28:32.099	0.56375	0.56376			6
2024.12.30	02:29:00.369	0.56375				2
2024.12.30	02:29:14.760	0.56376	0.56377			6
2024.12.30	02:29:26.401	0.56375	0.56376			6
2024.12.30	02:29:54.068	0.56376	0.56377			6
2024.12.30	02:29:54.382	0.56379	0.56380			6
2024.12.30	02:29:55.003	0.56378	0.56379			6
2024.12.30	02:29:55.332	0.56380	0.56381			6
2024.12.30	02:29:55.999	0.56381	0.56382			6
2024.12.30	02:30:00.408	0.56381				2
2024.12.30	02:30:01.450	0.56382	0.56383			6
2024.12.30	02:30:07.983	0.56386	0.56388			6
2024.12.30	02:30:08.288	0.56384	0.56387			6
2024.12.30	02:30:09.241		0.56388			4
2024.12.30	02:30:17.330		0.56387			4
2024.12.30	02:30:29.375		0.56386			4
2024.12.30	02:30:38.461		0.56387			4
2024.12.30	02:30:45.305		0.56386			4
2024.12.30	02:30:46.817	0.56385	0.56387			6
2024.12.30	02:30:57.280	0.56388	0.56389			6
2024.12.30	02:30:58.091	0.56390	0.56391			6
2024.12.30	02:30:59.181	0.56389				2
2024.12.30	02:31:00.339	0.56389				2
2024.12.30	02:31:04.102		0.56390			4
2024.12.30	02:31:40.434	0.56390	0.56391			6
2024.12.30	02:31:50.491	0.56389				2
2024.12.30	02:32:00.900	0.56390				2
2024.12.30	02:32:07.499	0.56388	0.56390			6
2024.12.30	02:32:19.637	0.56387	0.56388			6
2024.12.30	02:32:28.206	0.56388	0.56389			6
2024.12.30	02:32:31.844	0.56384	0.56386			6
2024.12.30	02:32:32.237		0.56385			4
2024.12.30	02:32:32.540	0.56383				2
2024.12.30	02:32:57.046	0.56381	0.56383			6
2024.12.30	02:33:00.520	0.56381				2
2024.12.30	02:33:05.525	0.56382				2
2024.12.30	02:33:29.250	0.56385	0.56388			6
2024.12.30	02:33:30.205		0.56389			4
2024.12.30	02:33:30.561	0.56383	0.56387			6
2024.12.30	02:33:57.730		0.56386			4
2024.12.30	02:33:58.471	0.56387	0.56391			6
2024.12.30	02:33:59.100	0.56388	0.56390			6
2024.12.30	02:34:00.252	0.56388	0.56391			6
2024.12.30	02:34:06.693		0.56390			4
2024.12.30	02:34:07.037		0.56391			4
2024.12.30	02:34:10.601	0.56387				2
2024.12.30	02:34:20.460	0.56389	0.56393			6
2024.12.30	02:34:21.052	0.56387				2
2024.12.30	02:34:21.686	0.56390				2
2024.12.30	02:34:23.439	0.56389				2
2024.12.30	02:34:24.361	0.56388	0.56392			6
2024.12.30	02:34:26.365	0.56387	0.56390			6
2024.12.30	02:34:33.900		0.56391			4
2024.12.30	02:34:39.008	0.56388				2
2024.12.30	02:34:42.036	0.56389	0.56392			6
2024.12.30	02:34:42.349		0.56393			4
2024.12.30	02:34:45.652		0.56392			4
2024.12.30	02:34:47.578	0.56388	0.56391			6
2024.12.30	02:34:58.076	0.56389	0.56393			6
2024.12.30	02:34:58.380	0.56388	0.56392			6
2024.12.30	02:34:58.704	0.56389	0.56393			6
2024.12.30	02:35:00.220	0.56389				2
2024.12.30	02:35:00.824	0.56388	0.56392			6
2024.12.30	02:35:09.011	0.56387	0.56391			6
2024.12.30	02:35:13.891	0.56388	0.56392			6
2024.12.30	02:35:19.346		0.56391			4
2024.12.30	02:35:32.982	0.56384	0.56387			6
2024.12.30	02:35:34.193	0.56383				2
2024.12.30	02:35:40.648	0.56390	0.56393			6
2024.12.30	02:35:40.956	0.56388				2
2024.12.30	02:35:41.277		0.56392			4
2024.12.30	02:35:57.447		0.56391			4
2024.12.30	02:36:01.292	0.56388				2
2024.12.30	02:36:41.712	0.56387				2
2024.12.30	02:36:45.592	0.56385	0.56388			6
2024.12.30	02:36:45.927	0.56384				2
2024.12.30	02:36:47.605		0.56389			4
2024.12.30	02:36:58.579		0.56388			4
2024.12.30	02:37:00.505	0.56384	0.56387			6
2024.12.30	02:37:04.193	0.56382				2
2024.12.30	02:37:05.261	0.56383	0.56388			6
2024.12.30	02:37:13.147	0.56382	0.56387			6
2024.12.30	02:37:16.955	0.56385	0.56388			6
2024.12.30	02:37:17.456	0.56386	0.56389			6
2024.12.30	02:37:22.633		0.56390			4
2024.12.30	02:37:27.633		0.56389			4
2024.12.30	02:37:28.450	0.56387	0.56390			6
2024.12.30	02:37:28.831		0.56391			4
2024.12.30	02:37:29.879	0.56388				2
2024.12.30	02:37:38.332	0.56387				2
2024.12.30	02:37:48.413	0.56391	0.56395			6
2024.12.30	02:37:52.375	0.56392				2
2024.12.30	02:37:52.768	0.56390	0.56393			6
2024.12.30	02:37:56.341	0.56394	0.56398			6
2024.12.30	02:37:56.980	0.56393	0.56397			6
2024.12.30	02:37:57.285	0.56392				2
2024.12.30	02:38:01.019	0.56392				2
2024.12.30	02:38:04.618	0.56391	0.56393			6
2024.12.30	02:38:13.601	0.56388	0.56390			6
2024.12.30	02:38:13.908	0.56387				2
2024.12.30	02:38:22.806	0.56391	0.56392			6
2024.12.30	02:38:31.959		0.56397			4
2024.12.30	02:39:00.589	0.56391				2
2024.12.30	02:39:13.033		0.56396			4
2024.12.30	02:39:13.341		0.56397			4
2024.12.30	02:39:19.902		0.56396			4
2024.12.30	02:39:33.835	0.56392				2
2024.12.30	02:39:45.145		0.56393			4
2024.12.30	02:39:45.450	0.56389				2
2024.12.30	02:39:46.056	0.56388	0.56392			6
2024.12.30	02:39:46.358		0.56393			4
2024.12.30	02:39:58.348	0.56387				2
2024.12.30	02:40:00.767	0.56387				2
2024.12.30	02:40:04.419	0.56396	0.56399			6
2024.12.30	02:40:04.722	0.56395				2
2024.12.30	02:40:05.050	0.56393	0.56398			6
2024.12.30	02:40:06.291	0.56392	0.56397			6
2024.12.30	02:40:06.617	0.56393				2
2024.12.30	02:40:18.362		0.56396			4
2024.12.30	02:40:20.764	0.56396	0.56400			6
2024.12.30	02:40:29.741	0.56395				2
2024.12.30	02:40:36.900	0.56397	0.56402			6
2024.12.30	02:40:50.178		0.56401			4
2024.12.30	02:40:54.480		0.56402			4
2024.12.30	02:41:01.291	0.56397				2
2024.12.30	02:41:01.848		0.56400			4
2024.12.30	02:41:33.501		0.56401			4
2024.12.30	02:41:39.264	0.56398	0.56402			6
2024.12.30	02:41:42.296		0.56401			4
2024.12.30	02:41:42.899	0.56397				2
2024.12.30	02:41:43.405	0.56398				2
2024.12.30	02:41:44.316	0.56397				2
2024.12.30	02:41:48.401	0.56398				2
2024.12.30	02:41:54.758	0.56399				2
2024.12.30	02:41:55.065	0.56398				2
2024.12.30	02:42:00.231	0.56398				2
2024.12.30	02:42:04.166		0.56400			4
2024.12.30	02:42:14.469	0.56399	0.56401			6
2024.12.30	02:42:14.771	0.56398	0.56400			6
2024.12.30	02:42:15.075	0.56399	0.56401			6
2024.12.30	02:42:26.292	0.56398	0.56400			6
2024.12.30	02:42:26.597	0.56399	0.56401			6
2024.12.30	02:42:39.945	0.56401	0.56403			6
2024.12.30	02:42:40.250	0.56402	0.56404			6
2024.12.30	02:42:40.854	0.56401	0.56403			6
2024.12.30	02:42:41.159		0.56404			4
2024.12.30	02:42:42.061	0.56400	0.56403			6
2024.12.30	02:42:43.881	0.56399	0.56402			6
2024.12.30	02:42:45.698	0.56400	0.56403			6
2024.12.30	02:42:46.005	0.56404	0.56406			6
2024.12.30	02:42:46.325	0.56403	0.56405			6
2024.12.30	02:42:47.231	0.56402				2
2024.12.30	02:42:47.549		0.56406			4
2024.12.30	02:42:55.192		0.56405			4
2024.12.30	02:43:01.253	0.56407	0.56410			6
2024.12.30	02:43:04.791	0.56408	0.56411			6
2024.12.30	02:43:10.955	0.56409	0.56412			6
2024.12.30	02:43:11.576	0.56408	0.56411			6
2024.12.30	02:43:13.029	0.56407	0.56410			6
2024.12.30	02:43:21.282	0.56408	0.56411			6
2024.12.30	02:43:22.271	0.56411	0.56414			6
2024.12.30	02:43:26.445	0.56410				2
2024.12.30	02:43:30.333	0.56407	0.56413			6
2024.12.30	02:43:30.996		0.56410			4
2024.12.30	02:43:31.573	0.56408	0.56411			6
2024.12.30	02:43:36.626		0.56412			4
2024.12.30	02:43:42.340	0.56407	0.56411			6
2024.12.30	02:43:43.405		0.56412			4
2024.12.30	02:43:48.827	0.56408				2
2024.12.30	02:43:59.581	0.56410	0.56414			6
2024.12.30	02:44:00.098	0.56410				2
2024.12.30	02:44:04.169	0.56411				2
2024.12.30	02:44:04.535		0.56415			4
2024.12.30	02:44:04.853	0.56417	0.56420			6
2024.12.30	02:44:06.641		0.56421			4
2024.12.30	02:44:07.729	0.56418	0.56422			6
2024.12.30	02:44:10.560	0.56417				2
2024.12.30	02:44:27.755	0.56418				2
2024.12.30	02:44:37.973	0.56416				2
2024.12.30	02:44:40.907	0.56418				2
2024.12.30	02:44:41.221	0.56419				2
2024.12.30	02:44:45.000	0.56420	0.56424			6
2024.12.30	02:44:54.669	0.56421	0.56425			6
2024.12.30	02:44:55.734		0.56424			4
2024.12.30	02:44:56.055		0.56425			4
2024.12.30	02:44:56.739		0.56424			4
2024.12.30	02:45:00.337	0.56414	0.56417			6
2024.12.30	02:45:00.638	0.56413	0.56418			6
2024.12.30	02:45:00.960		0.56417			4
2024.12.30	02:45:03.388	0.56414	0.56418			6
2024.12.30	02:45:04.015	0.56417	0.56420			6
2024.12.30	02:45:06.353	0.56416	0.56419			6
2024.12.30	02:45:11.539	0.56417	0.56420			6
2024.12.30	02:45:21.241	0.56416	0.56419			6
2024.12.30	02:45:24.161		0.56420			4
2024.12.30	02:45:28.055	0.56415	0.56419			6
2024.12.30	02:45:31.217	0.56420	0.56424			6
2024.12.30	02:45:35.942		0.56425			4
2024.12.30	02:45:36.636		0.56424			4
2024.12.30	02:45:36.985		0.56425			4
2024.12.30	02:45:37.680		0.56424			4
2024.12.30	02:45:38.033		0.56425			4
2024.12.30	02:45:38.732		0.56424			4
2024.12.30	02:45:39.073		0.56425			4
2024.12.30	02:45:39.769		0.56424			4
2024.12.30	02:45:40.118		0.56425			4
2024.12.30	02:45:40.803		0.56424			4
2024.12.30	02:45:42.744	0.56421	0.56425			6
2024.12.30	02:45:43.258	0.56424	0.56428			6
2024.12.30	02:45:43.563		0.56427			4
2024.12.30	02:45:44.828		0.56428			4
2024.12.30	02:45:51.251		0.56427			4
2024.12.30	02:45:55.821		0.56428			4
2024.12.30	02:45:58.654	0.56423				2
2024.12.30	02:46:00.336	0.56423				2
2024.12.30	02:46:00.933	0.56425	0.56429			6
2024.12.30	02:46:01.507	0.56424				2
2024.12.30	02:46:02.798		0.56428			4
2024.12.30	02:46:07.240		0.56429			4
2024.12.30	02:46:09.846		0.56428			4
2024.12.30	02:46:10.424	0.56423	0.56426			6
2024.12.30	02:46:16.959	0.56420	0.56424			6
2024.12.30	02:46:17.262	0.56419	0.56422			6
2024.12.30	02:46:17.568		0.56421			4
2024.12.30	02:46:39.200		0.56422			4
2024.12.30	02:46:45.697		0.56421			4
2024.12.30	02:46:54.914		0.56423			4
2024.12.30	02:46:57.314		0.56424			4
2024.12.30	02:46:58.724		0.56423			4
2024.12.30	02:46:59.029		0.56424			4
2024.12.30	02:47:00.162	0.56419				2
2024.12.30	02:47:00.819	0.56418	0.56423			6
2024.12.30	02:47:01.123	0.56419				2
2024.12.30	02:47:01.750	0.56420				2
2024.12.30	02:47:03.616		0.56424			4
2024.12.30	02:47:05.128	0.56419				2
2024.12.30	02:47:06.050	0.56420				2
2024.12.30	02:47:19.383		0.56423			4
2024.12.30	02:47:23.617	0.56419	0.56422			6
2024.12.30	02:47:36.353	0.56420				2
2024.12.30	02:47:39.680	0.56419	0.56421			6
2024.12.30	02:47:40.287	0.56416	0.56418			6
2024.12.30	02:47:40.892	0.56414	0.56416			6
2024.12.30	02:47:41.197	0.56411	0.56414			6
2024.12.30	02:47:42.274	0.56410	0.56413			6
2024.12.30	02:47:45.296	0.56412	0.56416			6
2024.12.30	02:48:00.275	0.56411				2
2024.12.30	02:48:08.594	0.56409	0.56414			6
2024.12.30	02:48:08.910	0.56411	0.56416			6
2024.12.30	02:48:09.713	0.56412				2
2024.12.30	02:48:25.898	0.56410	0.56413			6
2024.12.30	02:48:27.413	0.56409				2
2024.12.30	02:48:29.383	0.56410				2
2024.12.30	02:48:29.989	0.56411				2
2024.12.30	02:48:33.626	0.56410				2
2024.12.30	02:48:39.681	0.56411	0.56414			6
2024.12.30	02:48:43.009		0.56413			4
2024.12.30	02:48:43.917		0.56414			4
2024.12.30	02:48:50.273	0.56412				2
2024.12.30	02:49:00.269	0.56412				2
2024.12.30	02:49:15.724	0.56413	0.56415			6
2024.12.30	02:49:26.330		0.56414			4
2024.12.30	02:49:35.111	0.56415	0.56417			6
2024.12.30	02:49:35.417	0.56417	0.56419			6
2024.12.30	02:49:35.739	0.56418	0.56420			6
2024.12.30	02:49:36.345	0.56417	0.56421			6
2024.12.30	02:49:41.336		0.56422			4
2024.12.30	02:49:41.657		0.56421			4
2024.12.30	02:49:50.934	0.56418	0.56423			6
2024.12.30	02:49:51.480	0.56417				2
2024.12.30	02:49:57.640	0.56418				2
2024.12.30	02:49:58.245	0.56417				2
2024.12.30	02:49:58.601	0.56418				2
2024.12.30	02:50:00.114	0.56418				2
2024.12.30	02:50:05.920	0.56417	0.56422			6
2024.12.30	02:50:06.620	0.56418				2
2024.12.30	02:50:07.835	0.56420	0.56424			6
2024.12.30	02:50:17.268	0.56419	0.56421			6
2024.12.30	02:50:19.527	0.56420				2
2024.12.30	02:50:22.045	0.56417	0.56419			6
2024.12.30	02:50:22.350	0.56414	0.56416			6
2024.12.30	02:50:25.525	0.56410	0.56412			6
2024.12.30	02:50:32.361	0.56409	0.56411			6
2024.12.30	02:50:33.414		0.56412			4
2024.12.30	02:50:40.983	0.56411	0.56414			6
2024.12.30	02:50:43.064		0.56415			4
2024.12.30	02:50:55.879	0.56410	0.56414			6
2024.12.30	02:51:00.286	0.56410				2
2024.12.30	02:51:12.462	0.56409	0.56413			6
2024.12.30	02:51:16.958	0.56411	0.56415			6
2024.12.30	02:51:18.654	0.56410	0.56414			6
2024.12.30	02:51:30.336		0.56413			4
2024.12.30	02:51:30.692	0.56411	0.56415			6
2024.12.30	02:51:31.763	0.56410	0.56413			6
2024.12.30	02:51:41.273	0.56411	0.56414			6
2024.12.30	02:51:50.384	0.56412				2
2024.12.30	02:52:00.101	0.56412				2
2024.12.30	02:52:08.280	0.56408	0.56410			6
2024.12.30	02:52:09.188	0.56406				2
2024.12.30	02:52:21.391	0.56407				2
2024.12.30	02:52:24.723	0.56406				2
2024.12.30	02:52:26.907	0.56405	0.56409			6
2024.12.30	02:52:27.221	0.56403	0.56406			6
2024.12.30	02:52:28.128		0.56408			4
2024.12.30	02:52:41.292	0.56404				2
2024.12.30	02:52:47.386		0.56407			4
2024.12.30	02:52:51.023	0.56402	0.56405			6
2024.12.30	02:52:51.326	0.56407	0.56410			6
2024.12.30	02:52:51.954	0.56406	0.56409			6
2024.12.30	02:52:52.255	0.56405	0.56410			6
2024.12.30	02:52:55.173	0.56402	0.56407			6
2024.12.30	02:52:55.531		0.56406			4
2024.12.30	02:52:59.680	0.56401	0.56405			6
2024.12.30	02:53:00.008	0.56401				2
2024.12.30	02:53:00.532	0.56400				2
2024.12.30	02:53:01.830	0.56399	0.56404			6
2024.12.30	02:53:02.305	0.56400	0.56405			6
2024.12.30	02:53:03.695	0.56407	0.56412			6
2024.12.30	02:53:05.407	0.56406	0.56410			6
2024.12.30	02:53:08.680		0.56411			4
2024.12.30	02:53:10.351		0.56410			4
2024.12.30	02:53:10.723	0.56407	0.56411			6
2024.12.30	02:53:11.025		0.56412			4
2024.12.30	02:53:26.070	0.56409	0.56413			6
2024.12.30	02:53:26.811		0.56415			4
2024.12.30	02:53:27.122	0.56410				2
2024.12.30	02:53:27.467		0.56414			4
2024.12.30	02:53:30.077	0.56412	0.56415			6
2024.12.30	02:53:30.384		0.56418			4
2024.12.30	02:53:41.990		0.56417			4
2024.12.30	02:53:43.512		0.56418			4
2024.12.30	02:53:49.830	0.56414				2
2024.12.30	02:53:50.137	0.56412	0.56417			6
2024.12.30	02:53:50.771		0.56416			4
2024.12.30	02:53:55.595		0.56417			4
2024.12.30	02:54:00.007	0.56412				2
2024.12.30	02:54:03.779		0.56415			4
2024.12.30	02:54:05.061	0.56411				2
2024.12.30	02:54:05.795	0.56412	0.56416			6
2024.12.30	02:54:07.775	0.56413	0.56418			6
2024.12.30	02:54:09.651	0.56414	0.56419			6
2024.12.30	02:54:10.168	0.56416	0.56421			6
2024.12.30	02:54:11.115	0.56418	0.56423			6
