<DATE>	<TIME>	<BID>	<ASK>	<LAST>	<VOLUME>	<FLAGS>
2024.07.05	00:00:00.879	0.61108	0.61252			6
2024.07.05	00:00:00.965		0.61245			4
2024.07.05	00:00:01.307		0.61241			4
2024.07.05	00:00:22.226	0.61080	0.61262			6
2024.07.05	00:00:23.307	0.61113				2
2024.07.05	00:00:23.937		0.61240			4
2024.07.05	00:00:24.310	0.61114	0.61236			6
2024.07.05	00:00:26.107	0.61117	0.61233			6
2024.07.05	00:00:31.166	0.61119				2
2024.07.05	00:00:31.761	0.61080	0.61262			6
2024.07.05	00:00:32.858	0.61109				2
2024.07.05	00:00:33.857		0.61240			4
2024.07.05	00:01:01.367	0.61109				2
2024.07.05	00:01:03.244		0.61225			4
2024.07.05	00:01:03.555		0.61238			4
2024.07.05	00:01:03.870		0.61225			4
2024.07.05	00:01:04.190		0.61238			4
2024.07.05	00:01:09.805	0.61093	0.61251			6
2024.07.05	00:01:10.124	0.61109	0.61248			6
2024.07.05	00:01:11.204		0.61239			4
2024.07.05	00:01:23.548	0.61093	0.61251			6
2024.07.05	00:01:24.552	0.61119	0.61247			6
2024.07.05	00:01:25.651		0.61235			4
2024.07.05	00:01:40.281		0.61233			4
2024.07.05	00:02:00.065	0.61119				2
2024.07.05	00:02:11.713		0.61236			4
2024.07.05	00:02:12.775		0.61233			4
2024.07.05	00:02:37.306		0.61230			4
2024.07.05	00:03:01.565	0.61119				2
2024.07.05	00:03:37.537		0.61229			4
2024.07.05	00:04:00.618	0.61119				2
2024.07.05	00:04:56.754		0.61229			4
2024.07.05	00:05:00.591	0.61119				2
2024.07.05	00:05:04.397	0.61145	0.61222			6
2024.07.05	00:05:05.443		0.61219			4
2024.07.05	00:05:06.483		0.61216			4
2024.07.05	00:05:29.734		0.61202			4
2024.07.05	00:06:01.013	0.61145				2
2024.07.05	00:06:41.710		0.61202			4
2024.07.05	00:07:01.762	0.61145				2
2024.07.05	00:07:03.327		0.61192			4
2024.07.05	00:08:03.527	0.61145	0.61192			6
2024.07.05	00:08:14.902	0.61147	0.61183			6
2024.07.05	00:08:15.212		0.61182			4
2024.07.05	00:08:17.349		0.61181			4
2024.07.05	00:08:22.062		0.61179			4
2024.07.05	00:09:14.946	0.61147				2
2024.07.05	00:09:57.542		0.61179			4
2024.07.05	00:10:12.438	0.61146				2
2024.07.05	00:10:12.937	0.61147				2
2024.07.05	00:11:05.016	0.61147	0.61179			6
2024.07.05	00:11:13.718		0.61181			4
2024.07.05	00:12:03.085	0.61147				2
2024.07.05	00:12:08.700		0.61180			4
2024.07.05	00:12:46.444		0.61178			4
2024.07.05	00:12:50.060		0.61180			4
2024.07.05	00:12:57.051		0.61178			4
2024.07.05	00:13:05.144	0.61147	0.61180			6
2024.07.05	00:13:13.686		0.61178			4
2024.07.05	00:13:52.838	0.61149	0.61179			6
2024.07.05	00:13:53.196	0.61147	0.61178			6
2024.07.05	00:14:00.540	0.61147				2
2024.07.05	00:15:00.507	0.61147	0.61178			6
2024.07.05	00:15:16.073		0.61179			4
2024.07.05	00:16:01.095	0.61147				2
2024.07.05	00:16:18.167		0.61179			4
2024.07.05	00:16:35.644	0.61139				2
2024.07.05	00:17:01.306	0.61139				2
2024.07.05	00:17:06.113		0.61178			4
2024.07.05	00:18:01.057	0.61139				2
2024.07.05	00:18:06.745		0.61178			4
2024.07.05	00:19:04.055	0.61139				2
2024.07.05	00:19:10.045		0.61178			4
2024.07.05	00:20:07.235	0.61139				2
2024.07.05	00:20:14.331		0.61178			4
2024.07.05	00:20:37.340		0.61179			4
2024.07.05	00:20:53.022	0.61145				2
2024.07.05	00:20:53.827	0.61139				2
2024.07.05	00:21:01.097	0.61139				2
2024.07.05	00:21:32.342		0.61178			4
2024.07.05	00:21:32.675	0.61143				2
2024.07.05	00:21:32.982	0.61139				2
2024.07.05	00:21:33.325	0.61143				2
2024.07.05	00:21:33.634	0.61139				2
2024.07.05	00:22:02.468	0.61139				2
2024.07.05	00:22:32.207		0.61179			4
2024.07.05	00:23:01.462	0.61139				2
2024.07.05	00:23:43.389		0.61179			4
2024.07.05	00:24:05.729	0.61139				2
2024.07.05	00:24:49.232		0.61179			4
2024.07.05	00:25:03.934	0.61139				2
2024.07.05	00:25:55.274		0.61179			4
2024.07.05	00:26:00.756	0.61139				2
2024.07.05	00:26:10.501		0.61181			4
2024.07.05	00:27:00.639	0.61139				2
2024.07.05	00:27:31.424		0.61181			4
2024.07.05	00:29:03.547	0.61139	0.61181			6
2024.07.05	00:30:01.616	0.61139				2
2024.07.05	00:30:04.619		0.61181			4
2024.07.05	00:30:29.890	0.61140	0.61183			6
2024.07.05	00:30:35.654	0.61146				2
2024.07.05	00:30:40.895	0.61147				2
2024.07.05	00:30:56.986	0.61145	0.61179			6
2024.07.05	00:30:57.600		0.61182			4
2024.07.05	00:31:00.385	0.61146				2
2024.07.05	00:31:16.084		0.61179			4
2024.07.05	00:31:27.227		0.61181			4
2024.07.05	00:31:32.436		0.61178			4
2024.07.05	00:31:48.582	0.61161	0.61191			6
2024.07.05	00:31:58.905	0.61162	0.61192			6
2024.07.05	00:32:00.365	0.61162				2
2024.07.05	00:32:00.801		0.61194			4
2024.07.05	00:32:53.907		0.61195			4
2024.07.05	00:33:00.800	0.61162				2
2024.07.05	00:33:28.365		0.61196			4
2024.07.05	00:34:00.322	0.61162				2
2024.07.05	00:34:33.583		0.61196			4
2024.07.05	00:34:43.896		0.61198			4
2024.07.05	00:35:00.226	0.61162	0.61197			6
2024.07.05	00:35:23.432	0.61155	0.61195			6
2024.07.05	00:35:24.353		0.61193			4
2024.07.05	00:35:49.028		0.61192			4
2024.07.05	00:36:00.931	0.61155				2
2024.07.05	00:36:32.383		0.61193			4
2024.07.05	00:36:49.112		0.61192			4
2024.07.05	00:37:00.877	0.61155				2
2024.07.05	00:37:50.357		0.61192			4
2024.07.05	00:38:02.576	0.61155				2
2024.07.05	00:38:51.785		0.61192			4
2024.07.05	00:39:01.798	0.61155				2
2024.07.05	00:39:51.972		0.61192			4
2024.07.05	00:40:04.958	0.61155				2
2024.07.05	00:40:52.734		0.61192			4
2024.07.05	00:41:01.159	0.61155				2
2024.07.05	00:41:08.569	0.61145				2
2024.07.05	00:41:29.791	0.61144				2
2024.07.05	00:41:36.563	0.61145				2
2024.07.05	00:41:46.846	0.61144				2
2024.07.05	00:41:57.350		0.61192			4
2024.07.05	00:42:00.463	0.61144				2
2024.07.05	00:42:01.316	0.61145				2
2024.07.05	00:42:03.149	0.61144				2
2024.07.05	00:42:07.180	0.61145				2
2024.07.05	00:42:17.352	0.61144				2
2024.07.05	00:42:22.048	0.61145				2
2024.07.05	00:42:36.097	0.61144				2
2024.07.05	00:42:37.630	0.61145				2
2024.07.05	00:42:47.809	0.61144				2
2024.07.05	00:42:57.994	0.61145	0.61192			6
2024.07.05	00:42:59.363	0.61144				2
2024.07.05	00:43:04.048	0.61144				2
2024.07.05	00:43:58.482		0.61192			4
2024.07.05	00:44:08.368	0.61144				2
2024.07.05	00:44:38.421	0.61145				2
2024.07.05	00:44:39.661	0.61144				2
2024.07.05	00:45:00.149	0.61144	0.61192			6
2024.07.05	00:45:06.058	0.61158	0.61182			6
2024.07.05	00:45:21.931		0.61181			4
2024.07.05	00:45:24.131	0.61157				2
2024.07.05	00:45:31.921		0.61182			4
2024.07.05	00:45:40.130		0.61181			4
2024.07.05	00:46:05.347	0.61158	0.61182			6
2024.07.05	00:46:09.928	0.61157				2
2024.07.05	00:46:12.927		0.61181			4
2024.07.05	00:46:14.394		0.61178			4
2024.07.05	00:46:41.505		0.61176			4
2024.07.05	00:46:50.030		0.61175			4
2024.07.05	00:46:50.912		0.61176			4
2024.07.05	00:47:01.431	0.61157	0.61183			6
2024.07.05	00:47:02.552		0.61176			4
2024.07.05	00:47:06.846		0.61175			4
2024.07.05	00:47:08.933		0.61176			4
2024.07.05	00:47:13.133		0.61175			4
2024.07.05	00:48:03.038	0.61157	0.61176			6
2024.07.05	00:49:01.762	0.61157				2
2024.07.05	00:49:04.064		0.61176			4
2024.07.05	00:50:00.930	0.61157				2
2024.07.05	00:50:05.102		0.61176			4
2024.07.05	00:50:46.734		0.61177			4
2024.07.05	00:50:47.501		0.61176			4
2024.07.05	00:50:55.736		0.61178			4
2024.07.05	00:50:56.043		0.61177			4
2024.07.05	00:50:56.727	0.61163	0.61178			6
2024.07.05	00:50:59.859		0.61177			4
2024.07.05	00:51:00.935	0.61163				2
2024.07.05	00:51:20.036	0.61162				2
2024.07.05	00:51:35.077		0.61182			4
2024.07.05	00:51:40.009	0.61163	0.61183			6
2024.07.05	00:51:41.185		0.61181			4
2024.07.05	00:51:46.353		0.61182			4
2024.07.05	00:52:00.998	0.61163				2
2024.07.05	00:53:02.407	0.61163	0.61182			6
2024.07.05	00:54:17.129	0.61163	0.61182			6
2024.07.05	00:54:20.599	0.61159				2
2024.07.05	00:54:41.386	0.61160				2
2024.07.05	00:55:02.725	0.61160				2
2024.07.05	00:55:08.360	0.61162	0.61180			6
2024.07.05	00:56:01.003	0.61162				2
2024.07.05	00:56:11.144		0.61180			4
2024.07.05	00:57:01.298	0.61162				2
2024.07.05	00:57:15.026		0.61180			4
2024.07.05	00:57:26.054	0.61161				2
2024.07.05	00:57:28.974	0.61162				2
2024.07.05	00:58:02.605	0.61161				2
2024.07.05	00:58:28.480		0.61180			4
2024.07.05	00:59:16.974	0.61161				2
2024.07.05	00:59:28.821		0.61180			4
2024.07.05	00:59:29.172	0.61163	0.61183			6
2024.07.05	00:59:31.448	0.61164	0.61186			6
2024.07.05	00:59:37.508	0.61163	0.61183			6
2024.07.05	00:59:40.684		0.61182			4
2024.07.05	00:59:42.051	0.61162				2
2024.07.05	00:59:54.490		0.61183			4
2024.07.05	01:00:00.308	0.61161	0.61185			6
2024.07.05	01:00:01.223	0.61164	0.61182			6
2024.07.05	01:00:01.544		0.61193			4
2024.07.05	01:00:02.882		0.61182			4
2024.07.05	01:00:03.281	0.61159	0.61176			6
2024.07.05	01:00:06.418	0.61164				2
2024.07.05	01:00:14.404	0.61169	0.61180			6
2024.07.05	01:00:14.979	0.61168				2
2024.07.05	01:00:15.980	0.61169				2
2024.07.05	01:00:16.338	0.61170				2
2024.07.05	01:00:16.691	0.61169				2
2024.07.05	01:00:20.349		0.61179			4
2024.07.05	01:00:27.624		0.61180			4
2024.07.05	01:00:28.935	0.61165	0.61177			6
2024.07.05	01:00:32.359	0.61160	0.61170			6
2024.07.05	01:00:32.665	0.61159				2
2024.07.05	01:00:41.665		0.61163			4
2024.07.05	01:00:59.013		0.61170			4
2024.07.05	01:01:00.491	0.61159				2
2024.07.05	01:01:08.373	0.61156	0.61166			6
2024.07.05	01:01:21.413		0.61167			4
2024.07.05	01:01:38.429		0.61161			4
2024.07.05	01:01:38.742		0.61167			4
2024.07.05	01:01:39.068		0.61163			4
2024.07.05	01:01:39.369		0.61167			4
2024.07.05	01:01:41.891	0.61158				2
2024.07.05	01:01:58.696	0.61160				2
2024.07.05	01:01:59.402	0.61158				2
2024.07.05	01:02:00.393	0.61158				2
2024.07.05	01:02:14.126		0.61166			4
2024.07.05	01:02:24.406		0.61167			4
2024.07.05	01:02:57.103		0.61166			4
2024.07.05	01:03:07.422	0.61158	0.61167			6
2024.07.05	01:03:08.820		0.61168			4
2024.07.05	01:03:14.744	0.61160				2
2024.07.05	01:03:16.759		0.61167			4
2024.07.05	01:04:00.190	0.61160				2
2024.07.05	01:04:02.091	0.61161				2
2024.07.05	01:04:03.394		0.61166			4
2024.07.05	01:04:13.399	0.61160	0.61167			6
2024.07.05	01:04:13.713	0.61158				2
2024.07.05	01:05:00.389	0.61158				2
2024.07.05	01:05:14.168		0.61167			4
2024.07.05	01:05:29.128		0.61166			4
2024.07.05	01:05:33.650	0.61156				2
2024.07.05	01:05:52.233	0.61155				2
2024.07.05	01:05:57.626	0.61156				2
2024.07.05	01:06:00.876	0.61156				2
2024.07.05	01:06:10.067	0.61154	0.61163			6
2024.07.05	01:06:13.404	0.61155				2
2024.07.05	01:06:20.403	0.61154				2
2024.07.05	01:06:36.626		0.61162			4
2024.07.05	01:07:00.625	0.61154				2
2024.07.05	01:07:42.930		0.61162			4
2024.07.05	01:08:00.987	0.61154				2
2024.07.05	01:08:07.225	0.61155	0.61164			6
2024.07.05	01:08:11.454	0.61156	0.61163			6
2024.07.05	01:08:26.426		0.61164			4
2024.07.05	01:08:43.575	0.61159				2
2024.07.05	01:08:59.426		0.61165			4
2024.07.05	01:09:15.026	0.61159				2
2024.07.05	01:09:18.027		0.61164			4
2024.07.05	01:09:21.325		0.61165			4
2024.07.05	01:09:50.427		0.61164			4
2024.07.05	01:09:59.427		0.61165			4
2024.07.05	01:10:00.307	0.61159				2
2024.07.05	01:10:02.849	0.61157				2
2024.07.05	01:10:03.151	0.61155	0.61163			6
2024.07.05	01:10:06.248		0.61161			4
2024.07.05	01:10:07.462		0.61157			4
2024.07.05	01:10:08.125	0.61154				2
2024.07.05	01:11:04.455	0.61154				2
2024.07.05	01:11:07.489		0.61157			4
2024.07.05	01:11:08.511	0.61155	0.61158			6
2024.07.05	01:12:08.147	0.61155				2
2024.07.05	01:12:09.929	0.61152	0.61157			6
2024.07.05	01:12:10.252	0.61151				2
2024.07.05	01:12:10.606	0.61150				2
2024.07.05	01:12:14.164		0.61156			4
2024.07.05	01:12:15.159		0.61157			4
2024.07.05	01:12:21.326	0.61151				2
2024.07.05	01:13:00.430	0.61151				2
2024.07.05	01:13:19.847		0.61157			4
2024.07.05	01:13:35.546		0.61152			4
2024.07.05	01:13:35.862		0.61157			4
2024.07.05	01:13:36.210		0.61152			4
2024.07.05	01:13:36.523		0.61157			4
2024.07.05	01:14:00.064	0.61151				2
2024.07.05	01:14:45.931		0.61157			4
2024.07.05	01:15:00.414	0.61151				2
2024.07.05	01:15:00.923	0.61152				2
2024.07.05	01:15:06.028	0.61151				2
2024.07.05	01:15:08.876		0.61158			4
2024.07.05	01:15:21.663		0.61152			4
2024.07.05	01:15:21.977		0.61158			4
2024.07.05	01:15:27.693		0.61159			4
2024.07.05	01:16:00.925	0.61151				2
2024.07.05	01:16:14.765	0.61152	0.61154			6
2024.07.05	01:16:15.074		0.61158			4
2024.07.05	01:16:15.391		0.61154			4
2024.07.05	01:16:15.738		0.61158			4
2024.07.05	01:16:22.860	0.61151				2
2024.07.05	01:16:30.963	0.61152				2
2024.07.05	01:17:00.495	0.61152				2
2024.07.05	01:17:18.032		0.61158			4
2024.07.05	01:18:00.928	0.61152				2
2024.07.05	01:18:21.959		0.61158			4
2024.07.05	01:18:51.331		0.61157			4
2024.07.05	01:19:00.916	0.61152				2
2024.07.05	01:19:06.744	0.61153				2
2024.07.05	01:19:16.553	0.61154				2
2024.07.05	01:19:29.935	0.61151				2
2024.07.05	01:19:30.685	0.61153				2
2024.07.05	01:19:33.595	0.61154	0.61158			6
2024.07.05	01:20:00.327	0.61153				2
2024.07.05	01:20:01.525		0.61157			4
2024.07.05	01:20:01.854		0.61156			4
2024.07.05	01:20:02.944		0.61157			4
2024.07.05	01:20:04.710	0.61152	0.61155			6
2024.07.05	01:20:05.023		0.61156			4
2024.07.05	01:20:06.458	0.61153				2
2024.07.05	01:20:08.557	0.61152				2
2024.07.05	01:20:08.867	0.61151	0.61155			6
2024.07.05	01:20:26.584	0.61152	0.61156			6
2024.07.05	01:20:27.627		0.61157			4
2024.07.05	01:20:31.254	0.61151				2
2024.07.05	01:20:34.866		0.61156			4
2024.07.05	01:20:35.370	0.61152				2
2024.07.05	01:20:51.898	0.61150	0.61155			6
2024.07.05	01:20:53.016		0.61154			4
2024.07.05	01:20:55.248	0.61152	0.61156			6
2024.07.05	01:21:00.325	0.61152				2
2024.07.05	01:21:37.586	0.61154	0.61159			6
2024.07.05	01:21:47.125	0.61155				2
2024.07.05	01:21:47.441	0.61154	0.61158			6
2024.07.05	01:21:52.961	0.61153	0.61157			6
2024.07.05	01:21:54.085	0.61154	0.61158			6
2024.07.05	01:22:00.327	0.61154				2
2024.07.05	01:22:00.656	0.61155				2
2024.07.05	01:22:00.961	0.61154				2
2024.07.05	01:22:06.485		0.61157			4
2024.07.05	01:22:06.848	0.61153	0.61156			6
2024.07.05	01:22:09.601	0.61154				2
2024.07.05	01:22:13.537	0.61153				2
2024.07.05	01:22:29.408	0.61154				2
2024.07.05	01:22:40.592	0.61153				2
2024.07.05	01:22:53.059	0.61152				2
2024.07.05	01:22:57.243	0.61153				2
2024.07.05	01:23:00.117	0.61154				2
2024.07.05	01:23:06.105	0.61153				2
2024.07.05	01:23:06.927		0.61156			4
2024.07.05	01:23:22.457	0.61154				2
2024.07.05	01:23:22.771	0.61153				2
2024.07.05	01:24:00.051	0.61154				2
2024.07.05	01:24:00.410	0.61153				2
2024.07.05	01:24:05.753	0.61150	0.61153			6
2024.07.05	01:24:14.319	0.61151	0.61154			6
2024.07.05	01:24:15.662	0.61152	0.61155			6
2024.07.05	01:24:19.231		0.61154			4
2024.07.05	01:24:21.486	0.61153	0.61155			6
2024.07.05	01:24:29.372	0.61152				2
2024.07.05	01:24:31.535	0.61153				2
2024.07.05	01:24:33.535		0.61156			4
2024.07.05	01:24:36.010	0.61154				2
2024.07.05	01:25:00.095	0.61153				2
2024.07.05	01:25:01.663	0.61154				2
2024.07.05	01:25:19.416	0.61151	0.61154			6
2024.07.05	01:25:19.758		0.61153			4
2024.07.05	01:25:26.401	0.61152	0.61154			6
2024.07.05	01:25:26.705	0.61153				2
2024.07.05	01:25:27.868	0.61152				2
2024.07.05	01:25:32.215	0.61151	0.61153			6
2024.07.05	01:25:32.522	0.61148	0.61150			6
2024.07.05	01:25:37.139		0.61151			4
2024.07.05	01:25:38.939	0.61147	0.61150			6
2024.07.05	01:25:39.249	0.61146	0.61149			6
2024.07.05	01:25:44.354	0.61147				2
2024.07.05	01:25:44.985	0.61146				2
2024.07.05	01:26:00.360	0.61146				2
2024.07.05	01:26:19.672		0.61150			4
2024.07.05	01:26:23.187		0.61149			4
2024.07.05	01:26:28.517	0.61149	0.61152			6
2024.07.05	01:26:29.109	0.61148	0.61151			6
2024.07.05	01:26:33.272	0.61147	0.61150			6
2024.07.05	01:26:37.549	0.61148				2
2024.07.05	01:26:38.494	0.61147				2
2024.07.05	01:26:41.750	0.61148				2
2024.07.05	01:26:44.333	0.61149				2
2024.07.05	01:26:45.060	0.61148				2
2024.07.05	01:26:53.616	0.61147				2
2024.07.05	01:26:54.781	0.61148				2
2024.07.05	01:27:00.578	0.61148				2
2024.07.05	01:27:09.428		0.61151			4
2024.07.05	01:27:15.485		0.61150			4
2024.07.05	01:27:36.018	0.61149				2
2024.07.05	01:27:36.757	0.61148				2
2024.07.05	01:27:47.578	0.61147				2
2024.07.05	01:27:48.093	0.61148				2
2024.07.05	01:28:01.044	0.61147				2
2024.07.05	01:28:18.545		0.61150			4
2024.07.05	01:28:22.538	0.61148				2
2024.07.05	01:28:44.617	0.61147				2
2024.07.05	01:28:53.069	0.61148				2
2024.07.05	01:29:06.547	0.61148				2
2024.07.05	01:29:13.315	0.61153	0.61155			6
2024.07.05	01:29:16.361	0.61155	0.61158			6
2024.07.05	01:29:22.907	0.61154	0.61157			6
2024.07.05	01:29:29.620	0.61153				2
2024.07.05	01:29:29.921	0.61154	0.61155			6
2024.07.05	01:29:34.226		0.61156			4
2024.07.05	01:29:36.467		0.61155			4
2024.07.05	01:29:53.608	0.61153				2
2024.07.05	01:29:54.816	0.61152				2
2024.07.05	01:29:58.273	0.61153				2
2024.07.05	01:30:00.626	0.61153				2
2024.07.05	01:30:01.420	0.61150	0.61157			6
2024.07.05	01:30:02.628	0.61153	0.61155			6
2024.07.05	01:30:07.524		0.61154			4
2024.07.05	01:30:17.501		0.61155			4
2024.07.05	01:30:27.951	0.61152				2
2024.07.05	01:31:07.816	0.61152				2
2024.07.05	01:31:08.122	0.61151				2
2024.07.05	01:31:18.520		0.61155			4
2024.07.05	01:31:20.754	0.61150	0.61154			6
2024.07.05	01:31:32.500	0.61151				2
2024.07.05	01:31:50.328	0.61152	0.61156			6
2024.07.05	01:32:01.419	0.61152				2
2024.07.05	01:32:08.191	0.61153				2
2024.07.05	01:32:18.853	0.61152	0.61155			6
2024.07.05	01:32:19.174		0.61156			4
2024.07.05	01:32:21.821		0.61155			4
2024.07.05	01:32:23.372		0.61156			4
2024.07.05	01:32:30.379	0.61153				2
2024.07.05	01:33:00.664	0.61153				2
2024.07.05	01:33:23.754		0.61156			4
2024.07.05	01:34:00.085	0.61153				2
2024.07.05	01:34:24.102		0.61156			4
2024.07.05	01:34:31.240	0.61150				2
2024.07.05	01:34:54.930		0.61155			4
2024.07.05	01:35:00.508	0.61150				2
2024.07.05	01:35:18.195	0.61152	0.61153			6
2024.07.05	01:35:18.498		0.61155			4
2024.07.05	01:35:19.412	0.61153				2
2024.07.05	01:35:20.468	0.61152				2
2024.07.05	01:35:21.518	0.61151				2
2024.07.05	01:35:26.635	0.61152				2
2024.07.05	01:36:00.564	0.61152				2
2024.07.05	01:36:26.329		0.61155			4
2024.07.05	01:37:02.378	0.61152				2
2024.07.05	01:37:27.534	0.61151	0.61156			6
2024.07.05	01:37:45.650	0.61150	0.61155			6
2024.07.05	01:38:03.500	0.61150				2
2024.07.05	01:38:18.954	0.61151	0.61156			6
2024.07.05	01:38:22.675		0.61155			4
2024.07.05	01:38:35.768		0.61156			4
2024.07.05	01:38:46.586		0.61155			4
2024.07.05	01:38:47.155		0.61156			4
2024.07.05	01:38:52.770		0.61155			4
2024.07.05	01:38:53.075		0.61156			4
2024.07.05	01:38:53.425		0.61155			4
2024.07.05	01:38:58.385	0.61149	0.61154			6
2024.07.05	01:38:58.702		0.61152			4
2024.07.05	01:38:59.092	0.61148				2
2024.07.05	01:39:00.363	0.61148				2
2024.07.05	01:39:01.837	0.61147	0.61151			6
2024.07.05	01:39:07.510	0.61146				2
2024.07.05	01:39:14.819	0.61149	0.61152			6
2024.07.05	01:39:19.401	0.61147				2
2024.07.05	01:39:19.826		0.61151			4
2024.07.05	01:40:02.350	0.61147				2
2024.07.05	01:40:11.821	0.61146				2
2024.07.05	01:40:15.098	0.61147				2
2024.07.05	01:40:20.803		0.61151			4
2024.07.05	01:40:38.672	0.61146				2
2024.07.05	01:40:43.734	0.61147				2
2024.07.05	01:40:46.978	0.61146				2
2024.07.05	01:40:51.566	0.61147				2
2024.07.05	01:40:51.871	0.61146				2
2024.07.05	01:40:58.744	0.61147				2
2024.07.05	01:40:59.046	0.61146				2
2024.07.05	01:41:00.461	0.61146	0.61150			6
2024.07.05	01:41:24.174	0.61145	0.61148			6
2024.07.05	01:41:24.478		0.61150			4
2024.07.05	01:41:25.246		0.61151			4
2024.07.05	01:41:26.725		0.61150			4
2024.07.05	01:41:28.727	0.61144	0.61149			6
2024.07.05	01:41:29.043	0.61145				2
2024.07.05	01:41:31.022		0.61150			4
2024.07.05	01:41:53.695	0.61146				2
2024.07.05	01:41:55.496		0.61151			4
2024.07.05	01:42:01.826	0.61147				2
2024.07.05	01:42:07.834	0.61150	0.61155			6
2024.07.05	01:42:08.139	0.61151	0.61156			6
2024.07.05	01:42:09.532	0.61152				2
2024.07.05	01:42:10.628		0.61155			4
2024.07.05	01:42:10.931	0.61151	0.61156			6
2024.07.05	01:42:16.525		0.61155			4
2024.07.05	01:42:19.773	0.61149	0.61153			6
2024.07.05	01:42:27.515	0.61150				2
2024.07.05	01:42:27.817	0.61149				2
2024.07.05	01:42:41.927		0.61154			4
2024.07.05	01:43:01.697	0.61149				2
2024.07.05	01:43:07.960	0.61150				2
2024.07.05	01:43:13.040		0.61155			4
2024.07.05	01:43:17.325	0.61152				2
2024.07.05	01:43:36.062	0.61151				2
2024.07.05	01:43:43.293		0.61152			4
2024.07.05	01:43:43.594		0.61155			4
2024.07.05	01:44:00.794	0.61151				2
2024.07.05	01:44:45.862		0.61155			4
2024.07.05	01:44:58.652	0.61148	0.61152			6
2024.07.05	01:45:00.359	0.61148				2
2024.07.05	01:45:22.757		0.61151			4
2024.07.05	01:45:23.259		0.61152			4
2024.07.05	01:45:48.337		0.61151			4
2024.07.05	01:45:50.210		0.61154			4
2024.07.05	01:45:50.724	0.61149				2
2024.07.05	01:45:51.556		0.61155			4
2024.07.05	01:45:52.681	0.61148	0.61154			6
2024.07.05	01:45:54.885	0.61149	0.61155			6
2024.07.05	01:45:55.367		0.61154			4
2024.07.05	01:45:56.074		0.61153			4
2024.07.05	01:45:57.395		0.61155			4
2024.07.05	01:46:00.925	0.61149				2
2024.07.05	01:46:01.404		0.61154			4
2024.07.05	01:46:11.404		0.61155			4
2024.07.05	01:46:34.985		0.61154			4
2024.07.05	01:46:35.385		0.61155			4
2024.07.05	01:46:53.604	0.61150				2
2024.07.05	01:47:01.641	0.61150				2
2024.07.05	01:47:02.041	0.61152				2
2024.07.05	01:47:02.349		0.61157			4
2024.07.05	01:47:29.500		0.61155			4
2024.07.05	01:47:29.825		0.61156			4
2024.07.05	01:47:30.127		0.61155			4
2024.07.05	01:47:30.436		0.61156			4
2024.07.05	01:47:30.751		0.61157			4
2024.07.05	01:48:00.570	0.61152				2
2024.07.05	01:48:04.002	0.61153	0.61156			6
2024.07.05	01:48:14.369	0.61152				2
2024.07.05	01:49:02.594	0.61152				2
2024.07.05	01:49:18.931		0.61156			4
2024.07.05	01:49:54.230		0.61155			4
2024.07.05	01:49:54.665		0.61156			4
2024.07.05	01:49:58.361	0.61153				2
2024.07.05	01:50:00.506	0.61153				2
2024.07.05	01:50:32.283	0.61154				2
2024.07.05	01:50:55.593		0.61156			4
2024.07.05	01:51:00.815	0.61154				2
2024.07.05	01:51:55.953		0.61156			4
2024.07.05	01:52:00.129	0.61154				2
2024.07.05	01:52:56.000		0.61156			4
2024.07.05	01:53:00.906	0.61154				2
2024.07.05	01:53:08.217	0.61155				2
2024.07.05	01:53:12.497	0.61154				2
2024.07.05	01:53:23.315	0.61153				2
2024.07.05	01:53:24.065	0.61154				2
2024.07.05	01:53:29.261	0.61153				2
2024.07.05	01:53:56.700		0.61156			4
2024.07.05	01:54:00.511	0.61153				2
2024.07.05	01:54:22.010		0.61155			4
2024.07.05	01:54:32.709	0.61151				2
2024.07.05	01:55:00.268	0.61151				2
2024.07.05	01:55:25.376	0.61154	0.61159			6
2024.07.05	01:55:27.437	0.61155				2
2024.07.05	01:55:32.294	0.61156				2
2024.07.05	01:55:37.175		0.61158			4
2024.07.05	01:55:37.480		0.61159			4
2024.07.05	01:55:55.390	0.61153	0.61156			6
2024.07.05	01:56:00.415	0.61153				2
2024.07.05	01:56:00.984	0.61152				2
2024.07.05	01:56:45.855	0.61155	0.61159			6
2024.07.05	01:56:52.776		0.61160			4
2024.07.05	01:56:55.862	0.61157				2
2024.07.05	01:56:57.059		0.61161			4
2024.07.05	01:57:00.385	0.61157				2
2024.07.05	01:57:02.859	0.61160	0.61164			6
2024.07.05	01:57:03.180	0.61159				2
2024.07.05	01:57:11.295		0.61163			4
2024.07.05	01:57:17.916	0.61158				2
2024.07.05	01:57:46.171	0.61160				2
2024.07.05	01:57:47.186	0.61158	0.61161			6
2024.07.05	01:57:48.193	0.61160	0.61163			6
2024.07.05	01:57:49.206	0.61158	0.61161			6
2024.07.05	01:57:50.217	0.61160	0.61163			6
2024.07.05	01:57:50.925		0.61162			4
2024.07.05	01:57:51.228	0.61158	0.61161			6
2024.07.05	01:57:52.194		0.61163			4
2024.07.05	01:58:01.349	0.61158	0.61162			6
2024.07.05	01:58:09.060		0.61163			4
2024.07.05	01:58:32.960		0.61162			4
2024.07.05	01:58:33.413		0.61163			4
2024.07.05	01:58:47.822	0.61159	0.61164			6
2024.07.05	01:58:48.138	0.61158				2
2024.07.05	01:58:48.444		0.61163			4
2024.07.05	01:58:48.758	0.61159				2
2024.07.05	01:58:51.586	0.61158				2
2024.07.05	01:58:54.933		0.61164			4
2024.07.05	01:59:01.753	0.61158				2
2024.07.05	01:59:16.310	0.61159				2
2024.07.05	01:59:32.286	0.61158				2
2024.07.05	01:59:33.505		0.61163			4
2024.07.05	01:59:34.631		0.61164			4
2024.07.05	01:59:36.890		0.61163			4
2024.07.05	01:59:58.311		0.61164			4
2024.07.05	02:00:00.320	0.61158	0.61163			6
2024.07.05	02:00:00.942	0.61157				2
2024.07.05	02:00:01.263	0.61158				2
2024.07.05	02:00:33.342	0.61159				2
2024.07.05	02:00:34.643	0.61158				2
2024.07.05	02:00:51.909	0.61159				2
2024.07.05	02:01:03.961	0.61158	0.61162			6
2024.07.05	02:01:04.269	0.61159	0.61163			6
2024.07.05	02:01:38.246		0.61162			4
2024.07.05	02:01:39.264		0.61163			4
2024.07.05	02:01:42.020	0.61160				2
2024.07.05	02:01:58.659	0.61162	0.61165			6
2024.07.05	02:01:58.965	0.61161				2
2024.07.05	02:02:00.110	0.61161				2
2024.07.05	02:02:35.689		0.61166			4
2024.07.05	02:02:45.576	0.61162				2
2024.07.05	02:02:45.881	0.61161				2
2024.07.05	02:03:00.215	0.61161				2
2024.07.05	02:03:08.960	0.61157	0.61161			6
2024.07.05	02:03:09.368	0.61156				2
2024.07.05	02:03:15.185	0.61157				2
2024.07.05	02:03:15.485	0.61156				2
2024.07.05	02:03:24.452		0.61160			4
2024.07.05	02:03:25.173		0.61161			4
2024.07.05	02:03:27.926	0.61157				2
2024.07.05	02:03:40.869	0.61156	0.61160			6
2024.07.05	02:03:51.301		0.61161			4
2024.07.05	02:03:56.694		0.61160			4
2024.07.05	02:04:00.384	0.61156	0.61161			6
2024.07.05	02:04:02.281	0.61157				2
2024.07.05	02:04:34.696	0.61153	0.61157			6
2024.07.05	02:04:54.053	0.61156	0.61160			6
2024.07.05	02:04:58.300		0.61159			4
2024.07.05	02:05:01.923	0.61156				2
2024.07.05	02:05:07.802	0.61155				2
2024.07.05	02:05:08.172	0.61154				2
2024.07.05	02:05:15.176	0.61155				2
2024.07.05	02:05:23.053	0.61154				2
2024.07.05	02:05:31.679		0.61158			4
2024.07.05	02:05:32.486		0.61159			4
2024.07.05	02:05:37.715		0.61158			4
2024.07.05	02:05:53.297	0.61155				2
2024.07.05	02:05:53.601	0.61154				2
2024.07.05	02:06:00.251	0.61154				2
2024.07.05	02:06:03.180	0.61156				2
2024.07.05	02:06:03.637	0.61155				2
2024.07.05	02:06:04.761		0.61159			4
2024.07.05	02:06:06.051	0.61154				2
2024.07.05	02:06:07.017	0.61155				2
2024.07.05	02:06:12.653	0.61154				2
2024.07.05	02:06:13.777	0.61155				2
2024.07.05	02:06:24.957	0.61157				2
2024.07.05	02:06:25.467	0.61155				2
2024.07.05	02:06:26.170	0.61154				2
2024.07.05	02:06:31.642	0.61155				2
2024.07.05	02:06:31.989	0.61154				2
2024.07.05	02:06:32.573	0.61155				2
2024.07.05	02:06:32.887	0.61154	0.61158			6
2024.07.05	02:06:37.000		0.61157			4
2024.07.05	02:06:37.442		0.61158			4
2024.07.05	02:06:38.013		0.61157			4
2024.07.05	02:06:38.567		0.61158			4
2024.07.05	02:06:39.677		0.61157			4
2024.07.05	02:06:41.538		0.61158			4
2024.07.05	02:06:54.341	0.61158	0.61162			6
2024.07.05	02:06:54.642	0.61159	0.61163			6
2024.07.05	02:07:00.264	0.61159				2
2024.07.05	02:07:26.467		0.61164			4
2024.07.05	02:07:37.864	0.61160				2
2024.07.05	02:08:00.387	0.61160	0.61163			6
2024.07.05	02:08:09.509	0.61159				2
2024.07.05	02:08:18.409		0.61164			4
2024.07.05	02:08:38.365	0.61160				2
2024.07.05	02:08:38.683	0.61161	0.61165			6
2024.07.05	02:09:00.021	0.61161				2
2024.07.05	02:09:00.674	0.61162	0.61166			6
2024.07.05	02:09:21.608		0.61165			4
2024.07.05	02:09:22.656		0.61166			4
2024.07.05	02:10:00.411	0.61161	0.61165			6
2024.07.05	02:10:04.618		0.61163			4
2024.07.05	02:10:05.077		0.61165			4
2024.07.05	02:10:42.486	0.61162				2
2024.07.05	02:10:53.513		0.61166			4
2024.07.05	02:11:00.364	0.61160	0.61164			6
2024.07.05	02:11:03.507	0.61161	0.61165			6
2024.07.05	02:11:15.061	0.61160	0.61164			6
2024.07.05	02:11:27.851	0.61161	0.61165			6
2024.07.05	02:11:29.395		0.61164			4
2024.07.05	02:11:35.250		0.61165			4
2024.07.05	02:11:35.621	0.61162				2
2024.07.05	02:11:36.461	0.61161	0.61164			6
2024.07.05	02:11:37.236		0.61165			4
2024.07.05	02:11:38.401		0.61164			4
2024.07.05	02:11:49.383		0.61165			4
2024.07.05	02:11:50.389		0.61164			4
2024.07.05	02:12:02.400	0.61161				2
2024.07.05	02:12:03.356		0.61165			4
2024.07.05	02:12:04.413		0.61164			4
2024.07.05	02:12:21.421		0.61165			4
2024.07.05	02:12:28.771		0.61163			4
2024.07.05	02:12:29.074		0.61165			4
2024.07.05	02:12:35.906	0.61159	0.61162			6
2024.07.05	02:12:45.876	0.61163	0.61166			6
2024.07.05	02:12:55.189	0.61162				2
2024.07.05	02:13:00.091	0.61162				2
2024.07.05	02:13:00.960	0.61161				2
2024.07.05	02:13:08.255	0.61164				2
2024.07.05	02:13:08.555	0.61161				2
2024.07.05	02:13:33.447	0.61163				2
2024.07.05	02:13:34.095	0.61161				2
2024.07.05	02:13:35.573		0.61163			4
2024.07.05	02:13:36.224		0.61166			4
2024.07.05	02:13:47.348	0.61162				2
2024.07.05	02:13:53.248	0.61164				2
2024.07.05	02:13:53.915	0.61162				2
2024.07.05	02:14:00.850	0.61162				2
2024.07.05	02:14:13.608		0.61167			4
2024.07.05	02:14:21.554	0.61161	0.61166			6
2024.07.05	02:14:28.856	0.61162				2
2024.07.05	02:14:29.657		0.61167			4
2024.07.05	02:14:30.045		0.61166			4
2024.07.05	02:14:42.410	0.61163				2
2024.07.05	02:14:42.831	0.61162				2
2024.07.05	02:14:43.748		0.61165			4
2024.07.05	02:14:50.152		0.61166			4
2024.07.05	02:14:52.351	0.61160	0.61164			6
2024.07.05	02:14:53.344	0.61161				2
2024.07.05	02:14:58.291	0.61160				2
2024.07.05	02:14:59.215	0.61161				2
2024.07.05	02:15:00.406	0.61161				2
2024.07.05	02:15:03.445		0.61165			4
2024.07.05	02:15:12.579	0.61160	0.61164			6
2024.07.05	02:15:34.220	0.61161				2
2024.07.05	02:16:10.512	0.61161	0.61165			6
2024.07.05	02:16:14.480		0.61163			4
2024.07.05	02:16:14.783		0.61165			4
2024.07.05	02:16:15.084		0.61163			4
2024.07.05	02:16:15.453		0.61165			4
2024.07.05	02:16:16.520		0.61164			4
2024.07.05	02:16:17.218		0.61165			4
2024.07.05	02:16:46.445	0.61159	0.61162			6
2024.07.05	02:17:00.326	0.61159				2
2024.07.05	02:17:20.423	0.61160	0.61163			6
2024.07.05	02:18:03.240	0.61160				2
2024.07.05	02:18:08.797	0.61163	0.61166			6
2024.07.05	02:18:09.202	0.61164				2
2024.07.05	02:18:09.925		0.61167			4
2024.07.05	02:18:11.597	0.61166	0.61169			6
2024.07.05	02:18:59.931		0.61168			4
2024.07.05	02:19:01.188	0.61166				2
2024.07.05	02:19:03.927	0.61164	0.61167			6
2024.07.05	02:19:23.156	0.61162	0.61166			6
2024.07.05	02:19:24.315	0.61163				2
2024.07.05	02:19:58.357	0.61162				2
2024.07.05	02:20:00.634	0.61163				2
2024.07.05	02:20:09.120		0.61167			4
2024.07.05	02:20:10.230	0.61162				2
2024.07.05	02:20:11.273		0.61165			4
2024.07.05	02:20:27.191		0.61166			4
2024.07.05	02:20:27.497		0.61165			4
2024.07.05	02:20:33.175	0.61163				2
2024.07.05	02:20:37.437	0.61161	0.61164			6
2024.07.05	02:20:37.775		0.61163			4
2024.07.05	02:20:39.764	0.61160				2
2024.07.05	02:20:47.242		0.61162			4
2024.07.05	02:20:50.379		0.61163			4
2024.07.05	02:20:50.682		0.61162			4
2024.07.05	02:20:51.736		0.61163			4
2024.07.05	02:20:53.348	0.61161				2
2024.07.05	02:20:54.003	0.61160				2
2024.07.05	02:21:00.354	0.61160				2
2024.07.05	02:21:01.079	0.61161				2
2024.07.05	02:21:07.515	0.61160				2
2024.07.05	02:21:08.669	0.61161	0.61162			6
2024.07.05	02:21:09.755	0.61160				2
2024.07.05	02:21:10.602		0.61163			4
2024.07.05	02:21:11.257		0.61162			4
2024.07.05	02:21:14.370		0.61163			4
2024.07.05	02:21:14.725		0.61162			4
2024.07.05	02:21:30.788		0.61163			4
2024.07.05	02:21:31.518		0.61162			4
2024.07.05	02:21:32.647		0.61163			4
2024.07.05	02:21:33.758		0.61162			4
2024.07.05	02:21:35.814		0.61163			4
2024.07.05	02:21:36.136		0.61162			4
2024.07.05	02:21:37.559	0.61161				2
2024.07.05	02:21:51.582		0.61163			4
2024.07.05	02:21:51.913		0.61162			4
2024.07.05	02:21:54.052	0.61160				2
2024.07.05	02:21:58.561	0.61161				2
2024.07.05	02:22:00.403	0.61159	0.61161			6
2024.07.05	02:22:01.653	0.61157	0.61160			6
2024.07.05	02:22:04.755		0.61159			4
2024.07.05	02:22:05.068		0.61160			4
2024.07.05	02:22:06.947	0.61158				2
2024.07.05	02:22:14.748	0.61156	0.61158			6
2024.07.05	02:22:16.026	0.61157				2
2024.07.05	02:22:16.868	0.61156				2
2024.07.05	02:22:25.434		0.61159			4
2024.07.05	02:22:26.373	0.61157				2
2024.07.05	02:22:27.878	0.61158	0.61160			6
2024.07.05	02:22:28.399	0.61157				2
2024.07.05	02:22:29.450	0.61158				2
2024.07.05	02:22:33.977	0.61157				2
2024.07.05	02:22:52.975		0.61161			4
2024.07.05	02:22:59.860	0.61156	0.61160			6
2024.07.05	02:23:00.307	0.61156				2
2024.07.05	02:23:01.842		0.61159			4
2024.07.05	02:23:02.250	0.61154	0.61156			6
2024.07.05	02:23:02.734		0.61157			4
2024.07.05	02:23:04.304	0.61155				2
2024.07.05	02:23:04.608	0.61154	0.61158			6
2024.07.05	02:23:04.978		0.61157			4
2024.07.05	02:23:10.108		0.61158			4
2024.07.05	02:23:14.725		0.61157			4
2024.07.05	02:23:15.644		0.61158			4
2024.07.05	02:23:15.981	0.61155				2
2024.07.05	02:23:17.820	0.61154				2
2024.07.05	02:23:18.243		0.61157			4
2024.07.05	02:23:22.009	0.61153				2
2024.07.05	02:23:22.603	0.61154				2
2024.07.05	02:23:22.950	0.61153				2
2024.07.05	02:23:25.097	0.61154				2
2024.07.05	02:23:26.294		0.61158			4
2024.07.05	02:23:28.477		0.61157			4
2024.07.05	02:23:30.840	0.61155	0.61159			6
2024.07.05	02:23:31.856	0.61154	0.61157			6
2024.07.05	02:23:45.380	0.61155				2
2024.07.05	02:23:45.891	0.61154				2
2024.07.05	02:23:57.533		0.61158			4
2024.07.05	02:23:57.886		0.61157			4
2024.07.05	02:23:58.396	0.61153	0.61156			6
2024.07.05	02:24:00.356	0.61153	0.61155			6
2024.07.05	02:24:03.763	0.61152				2
2024.07.05	02:24:08.666		0.61154			4
2024.07.05	02:24:14.274	0.61145	0.61147			6
2024.07.05	02:24:14.896	0.61146	0.61148			6
2024.07.05	02:24:16.346		0.61149			4
2024.07.05	02:24:24.829	0.61145	0.61148			6
2024.07.05	02:24:29.566	0.61144				2
2024.07.05	02:24:30.509		0.61147			4
2024.07.05	02:24:48.695		0.61146			4
2024.07.05	02:24:50.160		0.61147			4
2024.07.05	02:24:51.941	0.61145				2
2024.07.05	02:24:52.656	0.61144				2
2024.07.05	02:24:59.244		0.61146			4
2024.07.05	02:25:00.560	0.61144				2
2024.07.05	02:25:02.134		0.61147			4
2024.07.05	02:25:02.815	0.61145				2
2024.07.05	02:25:04.051	0.61144				2
2024.07.05	02:25:07.321	0.61145				2
2024.07.05	02:25:08.021	0.61144				2
2024.07.05	02:25:08.345		0.61146			4
2024.07.05	02:25:08.653		0.61147			4
2024.07.05	02:25:15.009	0.61145				2
2024.07.05	02:25:15.322	0.61144				2
2024.07.05	02:25:16.291		0.61146			4
2024.07.05	02:25:18.997	0.61146	0.61147			6
2024.07.05	02:25:19.460	0.61144	0.61146			6
2024.07.05	02:25:24.057		0.61147			4
2024.07.05	02:25:26.202		0.61146			4
2024.07.05	02:25:27.587		0.61147			4
2024.07.05	02:25:28.714		0.61146			4
2024.07.05	02:25:29.647		0.61147			4
2024.07.05	02:25:29.965		0.61146			4
2024.07.05	02:25:33.000		0.61147			4
2024.07.05	02:25:33.306		0.61146			4
2024.07.05	02:25:37.495	0.61145	0.61147			6
2024.07.05	02:25:37.855	0.61144				2
2024.07.05	02:25:38.181		0.61146			4
2024.07.05	02:25:52.377	0.61143	0.61145			6
2024.07.05	02:25:54.417	0.61144				2
2024.07.05	02:26:00.054	0.61144	0.61146			6
2024.07.05	02:26:18.971		0.61145			4
2024.07.05	02:26:20.116		0.61146			4
2024.07.05	02:26:23.586	0.61145	0.61148			6
2024.07.05	02:26:26.556	0.61146				2
2024.07.05	02:26:26.872	0.61145				2
2024.07.05	02:26:36.460	0.61146				2
2024.07.05	02:26:40.363	0.61144				2
2024.07.05	02:26:42.578		0.61147			4
2024.07.05	02:26:43.780		0.61146			4
2024.07.05	02:26:47.696	0.61146	0.61148			6
2024.07.05	02:26:48.395	0.61145				2
2024.07.05	02:27:00.202	0.61145				2
2024.07.05	02:27:00.535		0.61147			4
2024.07.05	02:27:01.809		0.61148			4
2024.07.05	02:27:11.946	0.61144				2
2024.07.05	02:27:24.294	0.61145				2
2024.07.05	02:27:29.896	0.61147	0.61151			6
2024.07.05	02:27:30.211	0.61148	0.61152			6
2024.07.05	02:27:53.956	0.61149				2
2024.07.05	02:27:54.263	0.61148				2
2024.07.05	02:28:00.419	0.61148				2
2024.07.05	02:28:24.313	0.61149				2
2024.07.05	02:28:25.384	0.61148				2
2024.07.05	02:28:30.304		0.61152			4
2024.07.05	02:28:30.780	0.61149	0.61153			6
2024.07.05	02:29:00.391	0.61148				2
2024.07.05	02:29:09.502		0.61152			4
2024.07.05	02:29:28.364	0.61147	0.61149			6
2024.07.05	02:29:58.217	0.61146	0.61147			6
2024.07.05	02:30:00.355	0.61146				2
2024.07.05	02:30:08.396	0.61147	0.61150			6
2024.07.05	02:30:28.654		0.61149			4
2024.07.05	02:30:29.062		0.61150			4
2024.07.05	02:30:30.044		0.61148			4
2024.07.05	02:30:33.076		0.61150			4
2024.07.05	02:30:33.386		0.61151			4
2024.07.05	02:30:49.170		0.61148			4
2024.07.05	02:31:00.505	0.61142	0.61146			6
2024.07.05	02:31:01.481		0.61145			4
2024.07.05	02:31:01.808	0.61141				2
2024.07.05	02:31:24.815	0.61138	0.61142			6
2024.07.05	02:31:37.363	0.61139				2
2024.07.05	02:31:59.209	0.61140				2
2024.07.05	02:32:00.376	0.61140				2
2024.07.05	02:32:25.240		0.61142			4
2024.07.05	02:32:34.056	0.61139				2
2024.07.05	02:32:34.365	0.61140				2
2024.07.05	02:32:34.827	0.61139				2
2024.07.05	02:32:35.141	0.61140				2
2024.07.05	02:32:36.389	0.61139				2
2024.07.05	02:32:36.706	0.61140				2
2024.07.05	02:32:43.273	0.61139				2
2024.07.05	02:32:48.907		0.61141			4
2024.07.05	02:33:00.170	0.61139				2
2024.07.05	02:33:01.603		0.61142			4
2024.07.05	02:33:02.086		0.61141			4
2024.07.05	02:33:10.744	0.61140				2
2024.07.05	02:33:11.047	0.61139				2
2024.07.05	02:33:38.897		0.61142			4
2024.07.05	02:33:39.278		0.61141			4
2024.07.05	02:33:53.457	0.61137	0.61139			6
2024.07.05	02:33:54.444		0.61140			4
2024.07.05	02:33:55.422	0.61135	0.61137			6
2024.07.05	02:34:00.012	0.61135				2
2024.07.05	02:34:00.986	0.61139	0.61142			6
2024.07.05	02:34:01.372	0.61138	0.61141			6
2024.07.05	02:34:01.682	0.61139				2
2024.07.05	02:34:17.291		0.61142			4
2024.07.05	02:34:18.886	0.61140	0.61141			6
2024.07.05	02:34:20.059		0.61142			4
2024.07.05	02:34:25.236		0.61141			4
2024.07.05	02:34:27.362		0.61142			4
2024.07.05	02:34:29.646		0.61141			4
2024.07.05	02:34:37.846	0.61138	0.61140			6
2024.07.05	02:34:38.863		0.61141			4
2024.07.05	02:34:39.166	0.61139				2
2024.07.05	02:34:59.317	0.61138	0.61142			6
2024.07.05	02:35:02.391	0.61138				2
2024.07.05	02:35:10.553		0.61141			4
2024.07.05	02:35:38.581		0.61142			4
2024.07.05	02:36:01.553	0.61138				2
2024.07.05	02:36:28.748		0.61140			4
2024.07.05	02:36:29.053		0.61142			4
2024.07.05	02:36:34.011	0.61139				2
2024.07.05	02:36:38.545	0.61138	0.61139			6
2024.07.05	02:36:38.862	0.61136	0.61137			6
2024.07.05	02:36:39.182		0.61138			4
2024.07.05	02:36:39.985	0.61135	0.61137			6
2024.07.05	02:36:43.159	0.61137	0.61138			6
2024.07.05	02:36:43.464	0.61135	0.61137			6
2024.07.05	02:37:00.877	0.61135				2
2024.07.05	02:37:13.778	0.61134				2
2024.07.05	02:37:17.212		0.61136			4
2024.07.05	02:37:22.602		0.61137			4
2024.07.05	02:37:22.955		0.61136			4
2024.07.05	02:37:39.341	0.61133	0.61134			6
2024.07.05	02:37:40.917	0.61134	0.61136			6
2024.07.05	02:37:41.220	0.61133	0.61137			6
2024.07.05	02:37:44.223	0.61134	0.61136			6
2024.07.05	02:37:44.590	0.61133	0.61137			6
2024.07.05	02:37:51.728	0.61135				2
2024.07.05	02:37:52.371	0.61134				2
2024.07.05	02:37:53.369	0.61135				2
2024.07.05	02:37:53.680	0.61134				2
2024.07.05	02:37:59.111		0.61136			4
2024.07.05	02:38:00.256	0.61133	0.61134			6
2024.07.05	02:38:03.122	0.61134	0.61135			6
2024.07.05	02:38:07.526	0.61133	0.61134			6
2024.07.05	02:38:17.291	0.61130	0.61132			6
2024.07.05	02:38:17.630	0.61131	0.61133			6
2024.07.05	02:38:22.474	0.61132				2
2024.07.05	02:38:40.894		0.61135			4
2024.07.05	02:38:52.021	0.61133				2
2024.07.05	02:38:52.781	0.61132				2
2024.07.05	02:39:00.139	0.61132				2
2024.07.05	02:39:14.498		0.61134			4
2024.07.05	02:39:53.606	0.61130	0.61132			6
2024.07.05	02:40:00.645	0.61130				2
2024.07.05	02:40:01.504		0.61133			4
2024.07.05	02:40:07.286	0.61131	0.61132			6
2024.07.05	02:40:07.777	0.61130				2
2024.07.05	02:40:19.101		0.61131			4
2024.07.05	02:40:19.482		0.61132			4
2024.07.05	02:40:37.873	0.61131				2
2024.07.05	02:40:41.018	0.61132	0.61135			6
2024.07.05	02:40:49.470	0.61133				2
2024.07.05	02:41:00.292	0.61132	0.61134			6
2024.07.05	02:41:02.108	0.61133				2
2024.07.05	02:41:06.288		0.61135			4
2024.07.05	02:41:41.950		0.61134			4
2024.07.05	02:41:42.255		0.61135			4
2024.07.05	02:41:46.042	0.61131	0.61134			6
2024.07.05	02:41:46.345	0.61133	0.61135			6
2024.07.05	02:41:46.711		0.61134			4
2024.07.05	02:41:47.021	0.61132				2
2024.07.05	02:42:03.927	0.61132				2
2024.07.05	02:42:09.371	0.61134	0.61136			6
2024.07.05	02:42:12.207		0.61135			4
2024.07.05	02:43:01.036	0.61134				2
2024.07.05	02:43:17.737		0.61135			4
2024.07.05	02:43:18.465	0.61133				2
2024.07.05	02:43:23.674		0.61134			4
2024.07.05	02:43:28.105	0.61132				2
2024.07.05	02:43:28.491	0.61133				2
2024.07.05	02:43:34.416	0.61132				2
2024.07.05	02:43:35.078		0.61133			4
2024.07.05	02:43:36.134		0.61134			4
2024.07.05	02:43:37.156		0.61133			4
2024.07.05	02:43:37.458		0.61134			4
2024.07.05	02:43:40.676	0.61133				2
2024.07.05	02:43:49.178	0.61132				2
2024.07.05	02:44:00.069	0.61132				2
2024.07.05	02:44:00.420		0.61135			4
2024.07.05	02:44:09.876		0.61134			4
2024.07.05	02:44:20.369	0.61133				2
2024.07.05	02:44:20.684	0.61134	0.61135			6
2024.07.05	02:44:21.223	0.61133				2
2024.07.05	02:44:41.930		0.61134			4
2024.07.05	02:44:42.300	0.61130	0.61132			6
2024.07.05	02:44:42.609	0.61129	0.61131			6
2024.07.05	02:44:42.939	0.61130				2
2024.07.05	02:44:50.749	0.61132	0.61133			6
2024.07.05	02:44:51.086		0.61134			4
2024.07.05	02:44:55.332	0.61134	0.61136			6
2024.07.05	02:44:55.734		0.61135			4
2024.07.05	02:45:00.361	0.61134				2
2024.07.05	02:45:01.132		0.61136			4
2024.07.05	02:45:01.753	0.61133				2
2024.07.05	02:45:02.070	0.61134				2
2024.07.05	02:45:09.328		0.61137			4
2024.07.05	02:45:44.654	0.61132	0.61136			6
2024.07.05	02:45:46.315	0.61133				2
2024.07.05	02:45:48.973	0.61132	0.61134			6
2024.07.05	02:45:49.281	0.61133				2
2024.07.05	02:46:00.428	0.61132				2
2024.07.05	02:46:00.884	0.61134	0.61136			6
2024.07.05	02:46:01.378	0.61133	0.61135			6
2024.07.05	02:46:01.981	0.61132				2
2024.07.05	02:46:07.172	0.61133				2
2024.07.05	02:46:21.517	0.61132				2
2024.07.05	02:46:26.128	0.61133				2
2024.07.05	02:46:28.707	0.61132				2
2024.07.05	02:46:30.918	0.61133				2
2024.07.05	02:46:35.890		0.61137			4
2024.07.05	02:47:00.361	0.61133				2
2024.07.05	02:47:19.052	0.61134				2
2024.07.05	02:47:24.844		0.61135			4
2024.07.05	02:47:33.012	0.61133	0.61134			6
2024.07.05	02:47:33.438	0.61134	0.61135			6
2024.07.05	02:48:02.714	0.61134				2
2024.07.05	02:48:04.775		0.61136			4
2024.07.05	02:48:11.428	0.61132	0.61134			6
2024.07.05	02:48:11.828	0.61134	0.61135			6
2024.07.05	02:48:41.568	0.61133				2
2024.07.05	02:48:48.239	0.61134				2
2024.07.05	02:48:48.932	0.61133				2
2024.07.05	02:48:52.932	0.61134	0.61136			6
2024.07.05	02:49:00.556	0.61134				2
2024.07.05	02:49:02.383	0.61133	0.61135			6
2024.07.05	02:49:11.327	0.61134				2
2024.07.05	02:49:47.514		0.61136			4
2024.07.05	02:50:00.320	0.61134				2
2024.07.05	02:50:05.956	0.61135	0.61137			6
2024.07.05	02:50:07.040	0.61134	0.61136			6
2024.07.05	02:50:08.290	0.61135	0.61137			6
2024.07.05	02:50:09.879	0.61136	0.61138			6
2024.07.05	02:50:10.309		0.61137			4
2024.07.05	02:50:13.612	0.61135				2
2024.07.05	02:50:18.081	0.61134	0.61136			6
2024.07.05	02:50:24.508	0.61135				2
2024.07.05	02:50:24.906		0.61137			4
2024.07.05	02:50:29.723	0.61134	0.61136			6
2024.07.05	02:50:39.270		0.61135			4
2024.07.05	02:50:41.327	0.61135	0.61136			6
2024.07.05	02:50:41.641	0.61134				2
2024.07.05	02:50:42.601	0.61135				2
2024.07.05	02:50:45.197		0.61137			4
2024.07.05	02:50:47.109		0.61136			4
2024.07.05	02:50:48.006		0.61137			4
2024.07.05	02:50:48.345		0.61136			4
2024.07.05	02:50:53.279		0.61137			4
2024.07.05	02:50:55.106		0.61136			4
2024.07.05	02:51:00.556	0.61135				2
2024.07.05	02:51:02.607		0.61137			4
2024.07.05	02:51:02.996		0.61136			4
2024.07.05	02:51:10.096	0.61134				2
2024.07.05	02:51:15.445	0.61135				2
2024.07.05	02:51:17.608		0.61137			4
2024.07.05	02:51:17.982		0.61136			4
2024.07.05	02:51:21.251		0.61137			4
2024.07.05	02:51:23.506		0.61136			4
2024.07.05	02:51:39.284		0.61137			4
2024.07.05	02:51:41.521		0.61136			4
2024.07.05	02:51:43.796	0.61134				2
2024.07.05	02:51:44.696	0.61135	0.61137			6
2024.07.05	02:51:45.026		0.61136			4
2024.07.05	02:51:45.757		0.61137			4
2024.07.05	02:51:46.160		0.61136			4
2024.07.05	02:51:49.427	0.61134				2
2024.07.05	02:51:50.552	0.61135				2
2024.07.05	02:51:54.944	0.61134	0.61137			6
2024.07.05	02:51:56.746		0.61136			4
2024.07.05	02:52:00.258	0.61134				2
2024.07.05	02:52:13.255	0.61135				2
2024.07.05	02:52:13.652	0.61134				2
2024.07.05	02:52:22.344	0.61135				2
2024.07.05	02:52:22.666	0.61134				2
2024.07.05	02:52:23.508	0.61135				2
2024.07.05	02:52:23.856	0.61134				2
2024.07.05	02:52:48.300	0.61135				2
2024.07.05	02:52:48.600	0.61134				2
2024.07.05	02:52:51.658	0.61135				2
2024.07.05	02:52:51.966	0.61134				2
2024.07.05	02:52:54.646	0.61137	0.61139			6
2024.07.05	02:52:54.963	0.61138				2
2024.07.05	02:52:55.277	0.61137				2
2024.07.05	02:52:57.752	0.61138				2
2024.07.05	02:53:00.353	0.61138				2
2024.07.05	02:53:06.306	0.61137				2
2024.07.05	02:53:07.990	0.61139	0.61140			6
2024.07.05	02:53:08.295	0.61140	0.61141			6
2024.07.05	02:53:18.770	0.61139				2
2024.07.05	02:53:19.441		0.61140			4
2024.07.05	02:53:24.660		0.61141			4
2024.07.05	02:54:00.416	0.61138	0.61139			6
2024.07.05	02:54:02.041		0.61140			4
2024.07.05	02:54:06.876		0.61139			4
2024.07.05	02:54:18.407		0.61140			4
2024.07.05	02:54:34.170	0.61137	0.61139			6
2024.07.05	02:54:36.197	0.61136	0.61138			6
2024.07.05	02:54:40.875	0.61137				2
2024.07.05	02:54:41.434	0.61136				2
2024.07.05	02:54:59.369		0.61137			4
2024.07.05	02:55:00.093	0.61137	0.61138			6
2024.07.05	02:55:00.395	0.61136	0.61137			6
2024.07.05	02:55:01.716	0.61135				2
2024.07.05	02:55:02.505	0.61136				2
2024.07.05	02:55:03.567	0.61137	0.61138			6
2024.07.05	02:55:11.011	0.61135	0.61137			6
2024.07.05	02:55:25.501	0.61134				2
2024.07.05	02:55:30.548	0.61133	0.61136			6
2024.07.05	02:55:30.852		0.61135			4
2024.07.05	02:55:45.060	0.61134				2
2024.07.05	02:55:48.677		0.61136			4
2024.07.05	02:55:52.583	0.61135	0.61137			6
2024.07.05	02:55:55.157		0.61136			4
2024.07.05	02:55:55.465		0.61137			4
2024.07.05	02:56:00.357	0.61135				2
2024.07.05	02:56:02.051	0.61134				2
2024.07.05	02:56:08.165		0.61136			4
2024.07.05	02:56:13.580		0.61137			4
2024.07.05	02:56:13.906		0.61136			4
2024.07.05	02:56:30.356	0.61135				2
2024.07.05	02:56:30.701	0.61134				2
2024.07.05	02:56:49.856	0.61133	0.61135			6
2024.07.05	02:56:52.587	0.61135	0.61136			6
2024.07.05	02:56:53.973		0.61137			4
2024.07.05	02:56:56.681	0.61134	0.61136			6
2024.07.05	02:56:59.325	0.61133	0.61135			6
2024.07.05	02:57:00.081	0.61134	0.61136			6
2024.07.05	02:57:00.455	0.61133	0.61135			6
2024.07.05	02:57:00.850	0.61134				2
2024.07.05	02:57:01.202		0.61136			4
2024.07.05	02:57:01.576		0.61135			4
2024.07.05	02:57:02.461	0.61133				2
2024.07.05	02:57:04.564	0.61134	0.61136			6
2024.07.05	02:57:04.955	0.61133	0.61135			6
2024.07.05	02:57:05.825	0.61134				2
2024.07.05	02:57:08.336	0.61133				2
2024.07.05	02:57:12.535	0.61134	0.61136			6
2024.07.05	02:57:12.847	0.61133	0.61135			6
2024.07.05	02:57:15.392	0.61132	0.61134			6
2024.07.05	02:57:26.086		0.61133			4
2024.07.05	02:57:27.636	0.61133	0.61134			6
2024.07.05	02:57:43.988	0.61131	0.61133			6
2024.07.05	02:57:44.302	0.61132				2
2024.07.05	02:57:48.477	0.61133	0.61134			6
2024.07.05	02:57:51.402	0.61132				2
2024.07.05	02:57:51.719		0.61133			4
2024.07.05	02:57:56.175	0.61128	0.61131			6
2024.07.05	02:57:57.257	0.61129				2
2024.07.05	02:58:00.372	0.61129				2
2024.07.05	02:58:09.874		0.61132			4
2024.07.05	02:58:16.182	0.61128	0.61130			6
2024.07.05	02:58:16.495	0.61129	0.61131			6
2024.07.05	02:58:17.231	0.61128				2
2024.07.05	02:58:21.270		0.61130			4
2024.07.05	02:58:37.161		0.61129			4
2024.07.05	02:58:37.463	0.61129	0.61130			6
2024.07.05	02:58:46.644	0.61130	0.61131			6
2024.07.05	02:58:52.271	0.61129	0.61130			6
2024.07.05	02:59:01.286	0.61129				2
2024.07.05	02:59:14.556	0.61128				2
2024.07.05	02:59:16.207	0.61129				2
2024.07.05	02:59:22.634	0.61124	0.61126			6
2024.07.05	02:59:22.950		0.61127			4
2024.07.05	02:59:23.310	0.61125				2
2024.07.05	02:59:23.624	0.61124	0.61126			6
2024.07.05	02:59:25.786		0.61127			4
2024.07.05	02:59:27.546	0.61125				2
2024.07.05	02:59:27.855	0.61124				2
2024.07.05	02:59:29.482	0.61126	0.61128			6
2024.07.05	02:59:29.793	0.61127	0.61129			6
2024.07.05	02:59:30.914	0.61126				2
2024.07.05	02:59:33.925		0.61130			4
2024.07.05	02:59:39.425	0.61127				2
2024.07.05	02:59:39.982	0.61126				2
2024.07.05	02:59:49.963		0.61129			4
2024.07.05	02:59:53.033	0.61127				2
2024.07.05	02:59:53.345		0.61130			4
2024.07.05	02:59:57.765	0.61128				2
2024.07.05	02:59:58.379	0.61127				2
2024.07.05	02:59:58.720	0.61128				2
2024.07.05	03:00:00.196	0.61128	0.61131			6
2024.07.05	03:00:01.130	0.61127	0.61130			6
2024.07.05	03:00:01.435	0.61128				2
2024.07.05	03:00:02.460		0.61131			4
2024.07.05	03:00:03.285	0.61132	0.61135			6
2024.07.05	03:00:03.602	0.61133	0.61136			6
2024.07.05	03:00:06.063	0.61132	0.61135			6
2024.07.05	03:00:09.280		0.61136			4
2024.07.05	03:00:10.455	0.61133				2
2024.07.05	03:00:11.343	0.61132				2
2024.07.05	03:00:12.169	0.61133				2
2024.07.05	03:00:14.319	0.61132	0.61135			6
2024.07.05	03:00:16.124		0.61134			4
2024.07.05	03:00:16.969	0.61133	0.61135			6
2024.07.05	03:00:17.297	0.61135	0.61137			6
2024.07.05	03:00:17.602		0.61138			4
2024.07.05	03:00:18.352	0.61134	0.61136			6
2024.07.05	03:00:18.679	0.61133				2
2024.07.05	03:00:19.561	0.61134				2
2024.07.05	03:00:19.861	0.61133				2
2024.07.05	03:00:24.423		0.61137			4
2024.07.05	03:00:28.387	0.61134				2
2024.07.05	03:00:29.577	0.61133				2
2024.07.05	03:00:30.200	0.61134	0.61138			6
2024.07.05	03:00:31.659		0.61137			4
2024.07.05	03:00:31.963	0.61133				2
2024.07.05	03:00:32.949	0.61134	0.61138			6
2024.07.05	03:00:33.645		0.61137			4
2024.07.05	03:00:41.353	0.61133				2
2024.07.05	03:00:41.746	0.61134				2
2024.07.05	03:00:43.060	0.61133				2
2024.07.05	03:00:45.320	0.61134				2
2024.07.05	03:00:46.437	0.61133	0.61136			6
2024.07.05	03:00:54.611		0.61137			4
2024.07.05	03:00:55.584		0.61136			4
2024.07.05	03:00:55.958		0.61137			4
2024.07.05	03:00:56.358	0.61134				2
2024.07.05	03:00:56.662	0.61133				2
2024.07.05	03:00:57.378	0.61134				2
2024.07.05	03:00:57.713	0.61133	0.61136			6
2024.07.05	03:00:58.035		0.61137			4
2024.07.05	03:00:59.525		0.61134			4
2024.07.05	03:00:59.843	0.61134	0.61136			6
2024.07.05	03:01:00.148	0.61134	0.61135			6
2024.07.05	03:01:00.462	0.61133	0.61134			6
2024.07.05	03:01:02.140		0.61136			4
2024.07.05	03:01:02.869		0.61135			4
2024.07.05	03:01:03.621	0.61134				2
2024.07.05	03:01:03.925	0.61133				2
2024.07.05	03:01:05.942	0.61134				2
2024.07.05	03:01:06.661	0.61135	0.61136			6
2024.07.05	03:01:06.966		0.61137			4
2024.07.05	03:01:07.283		0.61136			4
2024.07.05	03:01:08.879	0.61137	0.61138			6
2024.07.05	03:01:09.184	0.61136	0.61137			6
2024.07.05	03:01:09.702		0.61138			4
2024.07.05	03:01:10.484	0.61137	0.61139			6
2024.07.05	03:01:11.229	0.61139	0.61141			6
2024.07.05	03:01:11.543	0.61140	0.61142			6
2024.07.05	03:01:11.866	0.61139				2
2024.07.05	03:01:13.001	0.61140	0.61143			6
2024.07.05	03:01:13.506	0.61141				2
2024.07.05	03:01:13.824	0.61139				2
2024.07.05	03:01:14.441		0.61142			4
2024.07.05	03:01:15.953		0.61143			4
2024.07.05	03:01:16.309	0.61140	0.61142			6
2024.07.05	03:01:18.651		0.61143			4
2024.07.05	03:01:19.272		0.61142			4
2024.07.05	03:01:19.894		0.61143			4
2024.07.05	03:01:20.303		0.61144			4
2024.07.05	03:01:21.116	0.61141				2
2024.07.05	03:01:26.964	0.61140	0.61143			6
2024.07.05	03:01:27.282	0.61141				2
2024.07.05	03:01:30.225	0.61145	0.61147			6
2024.07.05	03:01:42.510	0.61147	0.61150			6
2024.07.05	03:01:42.823	0.61148	0.61151			6
2024.07.05	03:01:43.131		0.61150			4
2024.07.05	03:01:43.573	0.61149				2
2024.07.05	03:01:45.055	0.61148	0.61149			6
2024.07.05	03:01:45.363	0.61144	0.61147			6
2024.07.05	03:01:49.517	0.61143	0.61146			6
2024.07.05	03:01:50.275	0.61144				2
2024.07.05	03:01:52.322	0.61145	0.61147			6
2024.07.05	03:01:52.641	0.61144				2
2024.07.05	03:01:58.010	0.61145				2
2024.07.05	03:01:58.391	0.61144				2
2024.07.05	03:01:59.405	0.61143				2
2024.07.05	03:02:00.063	0.61143				2
2024.07.05	03:02:03.761	0.61147	0.61148			6
2024.07.05	03:02:04.063	0.61144	0.61147			6
2024.07.05	03:02:06.538	0.61145	0.61148			6
2024.07.05	03:02:06.845	0.61149	0.61153			6
2024.07.05	03:02:07.464	0.61152	0.61156			6
2024.07.05	03:02:07.789	0.61154	0.61157			6
2024.07.05	03:02:08.103	0.61153				2
2024.07.05	03:02:10.320	0.61155	0.61159			6
2024.07.05	03:02:10.623	0.61156	0.61160			6
2024.07.05	03:02:10.933		0.61161			4
2024.07.05	03:02:11.283	0.61154	0.61157			6
2024.07.05	03:02:14.770	0.61153	0.61156			6
2024.07.05	03:02:15.557		0.61157			4
2024.07.05	03:02:18.210	0.61154				2
2024.07.05	03:02:20.056	0.61153	0.61156			6
2024.07.05	03:02:21.408	0.61154	0.61157			6
2024.07.05	03:02:28.716	0.61157	0.61161			6
2024.07.05	03:02:29.032		0.61160			4
2024.07.05	03:02:29.412	0.61154	0.61158			6
2024.07.05	03:02:30.359	0.61155				2
2024.07.05	03:02:30.663	0.61154				2
2024.07.05	03:02:31.458	0.61156				2
2024.07.05	03:02:31.762	0.61157	0.61159			6
2024.07.05	03:02:32.446	0.61156	0.61158			6
2024.07.05	03:02:34.737	0.61154				2
2024.07.05	03:02:36.921		0.61157			4
2024.07.05	03:02:42.271	0.61153				2
2024.07.05	03:02:43.541	0.61154				2
2024.07.05	03:02:44.646		0.61156			4
2024.07.05	03:02:45.937		0.61157			4
2024.07.05	03:02:46.249		0.61156			4
2024.07.05	03:02:48.038		0.61157			4
2024.07.05	03:02:49.366		0.61156			4
2024.07.05	03:02:52.609	0.61153	0.61155			6
2024.07.05	03:02:52.924	0.61154	0.61156			6
2024.07.05	03:03:00.026	0.61154				2
2024.07.05	03:03:01.293		0.61157			4
2024.07.05	03:03:03.061	0.61155				2
2024.07.05	03:03:03.371	0.61154				2
2024.07.05	03:03:05.406	0.61156	0.61159			6
2024.07.05	03:03:06.057	0.61153	0.61156			6
2024.07.05	03:03:06.360	0.61154	0.61157			6
2024.07.05	03:03:07.925	0.61153	0.61156			6
2024.07.05	03:03:08.265	0.61154				2
2024.07.05	03:03:08.786		0.61157			4
2024.07.05	03:03:10.634	0.61153	0.61156			6
2024.07.05	03:03:10.976		0.61157			4
2024.07.05	03:03:13.018	0.61154				2
2024.07.05	03:03:16.063	0.61155				2
2024.07.05	03:03:16.372	0.61156	0.61159			6
2024.07.05	03:03:16.682	0.61157	0.61160			6
2024.07.05	03:03:18.255	0.61156	0.61159			6
2024.07.05	03:03:19.953	0.61157	0.61160			6
2024.07.05	03:03:20.424	0.61156	0.61158			6
2024.07.05	03:03:22.402		0.61160			4
2024.07.05	03:03:23.050	0.61157				2
2024.07.05	03:03:28.841	0.61155	0.61157			6
2024.07.05	03:03:29.302	0.61154				2
2024.07.05	03:03:32.663		0.61159			4
2024.07.05	03:03:33.936		0.61156			4
2024.07.05	03:03:43.606	0.61152	0.61154			6
2024.07.05	03:03:51.462	0.61151	0.61153			6
2024.07.05	03:03:51.779	0.61150	0.61152			6
2024.07.05	03:03:52.914	0.61152	0.61154			6
2024.07.05	03:03:53.909	0.61150	0.61153			6
2024.07.05	03:03:55.488	0.61151				2
2024.07.05	03:03:58.853	0.61152	0.61154			6
2024.07.05	03:03:59.877	0.61153	0.61155			6
2024.07.05	03:04:00.184	0.61153				2
2024.07.05	03:04:00.791	0.61152	0.61154			6
2024.07.05	03:04:01.174	0.61153	0.61155			6
2024.07.05	03:04:01.802	0.61152	0.61154			6
2024.07.05	03:04:06.902		0.61153			4
2024.07.05	03:04:08.007	0.61155	0.61157			6
2024.07.05	03:04:08.321	0.61154	0.61156			6
2024.07.05	03:04:11.226	0.61153	0.61155			6
2024.07.05	03:04:14.683	0.61152	0.61153			6
2024.07.05	03:04:20.754		0.61154			4
2024.07.05	03:04:21.084	0.61153	0.61155			6
2024.07.05	03:04:28.885	0.61149	0.61152			6
2024.07.05	03:04:30.146	0.61150				2
2024.07.05	03:04:30.602		0.61153			4
2024.07.05	03:04:32.242		0.61152			4
2024.07.05	03:04:32.684		0.61153			4
2024.07.05	03:04:33.002	0.61149	0.61151			6
2024.07.05	03:04:33.735		0.61152			4
2024.07.05	03:04:34.273	0.61150	0.61153			6
2024.07.05	03:04:39.141	0.61151				2
2024.07.05	03:04:41.836	0.61152	0.61155			6
2024.07.05	03:04:43.989		0.61154			4
2024.07.05	03:04:51.119	0.61151	0.61153			6
2024.07.05	03:04:56.253	0.61148	0.61151			6
2024.07.05	03:04:58.156	0.61146	0.61149			6
2024.07.05	03:04:58.464	0.61144	0.61147			6
2024.07.05	03:04:58.787	0.61145	0.61148			6
2024.07.05	03:04:59.130	0.61144				2
2024.07.05	03:05:00.054	0.61145				2
2024.07.05	03:05:00.372	0.61144	0.61147			6
2024.07.05	03:05:00.832	0.61143	0.61146			6
2024.07.05	03:05:01.145	0.61144				2
2024.07.05	03:05:04.361	0.61143	0.61145			6
2024.07.05	03:05:09.342	0.61145	0.61147			6
2024.07.05	03:05:11.493	0.61144				2
2024.07.05	03:05:13.375	0.61145				2
2024.07.05	03:05:15.792		0.61146			4
2024.07.05	03:05:16.103		0.61147			4
2024.07.05	03:05:16.848		0.61148			4
2024.07.05	03:05:18.407		0.61147			4
2024.07.05	03:05:24.008	0.61151	0.61153			6
2024.07.05	03:05:24.327	0.61152	0.61154			6
2024.07.05	03:05:25.165	0.61151	0.61153			6
2024.07.05	03:05:30.605	0.61150	0.61152			6
2024.07.05	03:05:32.670		0.61153			4
2024.07.05	03:05:32.991	0.61151				2
2024.07.05	03:05:33.705	0.61150				2
2024.07.05	03:05:34.424	0.61149	0.61151			6
2024.07.05	03:05:34.733	0.61151	0.61153			6
2024.07.05	03:05:39.143	0.61152				2
2024.07.05	03:05:39.479	0.61153	0.61155			6
2024.07.05	03:05:42.087	0.61152	0.61154			6
2024.07.05	03:05:44.727	0.61153	0.61155			6
2024.07.05	03:05:45.079	0.61152				2
2024.07.05	03:05:47.140	0.61153				2
2024.07.05	03:05:49.491	0.61152				2
2024.07.05	03:05:53.042	0.61153				2
2024.07.05	03:05:53.840	0.61152	0.61154			6
2024.07.05	03:05:54.573	0.61153	0.61155			6
2024.07.05	03:05:54.965	0.61154	0.61156			6
2024.07.05	03:05:55.284	0.61155	0.61157			6
2024.07.05	03:06:00.252	0.61155				2
2024.07.05	03:06:02.113	0.61153	0.61155			6
2024.07.05	03:06:18.153	0.61152	0.61156			6
2024.07.05	03:06:20.901	0.61153				2
2024.07.05	03:06:35.542		0.61155			4
2024.07.05	03:06:51.840	0.61152				2
2024.07.05	03:07:00.370	0.61152				2
2024.07.05	03:07:01.154	0.61155	0.61156			6
2024.07.05	03:07:01.484	0.61153	0.61155			6
2024.07.05	03:07:10.716	0.61152				2
2024.07.05	03:07:11.454		0.61154			4
2024.07.05	03:07:11.791	0.61159	0.61160			6
2024.07.05	03:07:12.210	0.61157	0.61158			6
2024.07.05	03:07:12.564	0.61159	0.61162			6
2024.07.05	03:07:12.867	0.61163	0.61164			6
2024.07.05	03:07:13.483	0.61166	0.61168			6
2024.07.05	03:07:13.793	0.61165				2
2024.07.05	03:07:14.634		0.61169			4
2024.07.05	03:07:14.941		0.61168			4
2024.07.05	03:07:17.086	0.61164				2
2024.07.05	03:07:17.402	0.61165				2
2024.07.05	03:07:17.808	0.61164	0.61167			6
2024.07.05	03:07:18.425	0.61165				2
2024.07.05	03:07:19.226		0.61168			4
2024.07.05	03:07:20.000	0.61164	0.61167			6
2024.07.05	03:07:20.356	0.61165				2
2024.07.05	03:07:26.326		0.61168			4
2024.07.05	03:07:27.031	0.61168	0.61171			6
2024.07.05	03:07:35.915	0.61165	0.61167			6
2024.07.05	03:07:36.261	0.61166	0.61169			6
2024.07.05	03:07:36.606	0.61167				2
2024.07.05	03:07:40.907		0.61170			4
2024.07.05	03:07:43.430	0.61168				2
2024.07.05	03:07:46.187	0.61167	0.61169			6
2024.07.05	03:07:47.482		0.61170			4
2024.07.05	03:07:48.810	0.61164	0.61166			6
2024.07.05	03:07:49.792	0.61163				2
2024.07.05	03:07:50.512	0.61162				2
2024.07.05	03:07:51.163	0.61163				2
2024.07.05	03:07:57.549	0.61162				2
2024.07.05	03:07:57.977	0.61163				2
2024.07.05	03:07:59.342	0.61157	0.61159			6
2024.07.05	03:07:59.657		0.61160			4
2024.07.05	03:08:00.026	0.61157				2
2024.07.05	03:08:03.610	0.61159	0.61161			6
2024.07.05	03:08:03.913		0.61162			4
2024.07.05	03:08:04.304		0.61163			4
2024.07.05	03:08:05.900		0.61162			4
2024.07.05	03:08:06.357	0.61160				2
2024.07.05	03:08:08.805		0.61163			4
2024.07.05	03:08:10.006	0.61161	0.61165			6
2024.07.05	03:08:10.312	0.61162				2
2024.07.05	03:08:17.825	0.61163				2
2024.07.05	03:08:18.221	0.61162				2
2024.07.05	03:08:20.243		0.61164			4
2024.07.05	03:08:20.937		0.61165			4
2024.07.05	03:08:27.669		0.61164			4
2024.07.05	03:08:40.457	0.61158	0.61160			6
2024.07.05	03:08:41.382	0.61157	0.61161			6
2024.07.05	03:08:41.686	0.61158				2
2024.07.05	03:08:43.568	0.61159	0.61163			6
2024.07.05	03:08:44.083		0.61162			4
2024.07.05	03:08:44.594		0.61163			4
2024.07.05	03:08:45.895		0.61162			4
2024.07.05	03:08:47.258	0.61160	0.61164			6
2024.07.05	03:08:47.591		0.61163			4
2024.07.05	03:08:48.207	0.61161	0.61165			6
2024.07.05	03:08:49.653	0.61162				2
2024.07.05	03:08:49.965	0.61163				2
2024.07.05	03:08:53.974	0.61165	0.61167			6
2024.07.05	03:08:58.732	0.61164				2
2024.07.05	03:09:00.218	0.61164				2
2024.07.05	03:09:00.875		0.61166			4
2024.07.05	03:09:02.396	0.61163				2
2024.07.05	03:09:02.704		0.61165			4
2024.07.05	03:09:06.149		0.61166			4
2024.07.05	03:09:07.356		0.61165			4
2024.07.05	03:09:10.771	0.61164				2
2024.07.05	03:09:11.074	0.61163				2
2024.07.05	03:09:14.156		0.61166			4
2024.07.05	03:09:14.487		0.61165			4
2024.07.05	03:09:15.407		0.61166			4
2024.07.05	03:09:17.910	0.61165	0.61167			6
2024.07.05	03:09:26.612	0.61168	0.61170			6
2024.07.05	03:09:27.783		0.61171			4
2024.07.05	03:09:32.133	0.61169				2
2024.07.05	03:09:32.435	0.61168				2
2024.07.05	03:09:37.408		0.61170			4
2024.07.05	03:09:38.058		0.61169			4
2024.07.05	03:09:38.362		0.61170			4
2024.07.05	03:09:41.000		0.61169			4
2024.07.05	03:09:43.856		0.61170			4
2024.07.05	03:09:44.678		0.61169			4
2024.07.05	03:09:47.674	0.61166	0.61168			6
2024.07.05	03:09:49.050	0.61164	0.61166			6
2024.07.05	03:09:50.421	0.61167	0.61169			6
2024.07.05	03:09:52.029		0.61168			4
2024.07.05	03:09:53.233		0.61169			4
2024.07.05	03:09:55.201	0.61164	0.61166			6
2024.07.05	03:10:00.029	0.61164				2
2024.07.05	03:10:00.342		0.61167			4
2024.07.05	03:10:00.673	0.61166	0.61169			6
2024.07.05	03:10:01.180	0.61165				2
2024.07.05	03:10:01.493	0.61166				2
2024.07.05	03:10:01.862	0.61167				2
2024.07.05	03:10:02.166	0.61166	0.61170			6
2024.07.05	03:10:05.308	0.61168				2
2024.07.05	03:10:05.725	0.61167				2
2024.07.05	03:10:06.455	0.61168				2
2024.07.05	03:10:07.703	0.61167				2
2024.07.05	03:10:08.912	0.61168				2
2024.07.05	03:10:09.241	0.61167				2
2024.07.05	03:10:09.556	0.61168				2
2024.07.05	03:10:10.218		0.61171			4
2024.07.05	03:10:10.956		0.61170			4
2024.07.05	03:10:11.325	0.61167	0.61171			6
2024.07.05	03:10:11.739	0.61168	0.61170			6
2024.07.05	03:10:12.076	0.61167	0.61169			6
2024.07.05	03:10:12.900	0.61165	0.61168			6
2024.07.05	03:10:13.854	0.61163	0.61166			6
2024.07.05	03:10:15.012		0.61164			4
2024.07.05	03:10:19.396		0.61165			4
2024.07.05	03:10:21.604	0.61162				2
2024.07.05	03:10:24.652	0.61163	0.61164			6
2024.07.05	03:10:26.816		0.61165			4
2024.07.05	03:10:28.476	0.61164				2
2024.07.05	03:10:29.009	0.61163				2
2024.07.05	03:10:31.458	0.61164				2
2024.07.05	03:10:32.151	0.61163				2
2024.07.05	03:10:32.507		0.61164			4
2024.07.05	03:10:33.213	0.61162				2
2024.07.05	03:10:33.803	0.61163	0.61165			6
2024.07.05	03:10:35.677	0.61162				2
2024.07.05	03:10:38.622	0.61163				2
2024.07.05	03:10:38.989	0.61164				2
2024.07.05	03:10:40.676	0.61163	0.61164			6
2024.07.05	03:10:42.226		0.61165			4
2024.07.05	03:10:45.759		0.61164			4
2024.07.05	03:10:46.602	0.61162	0.61165			6
2024.07.05	03:10:47.125		0.61164			4
2024.07.05	03:10:47.866	0.61160	0.61162			6
2024.07.05	03:10:50.640		0.61163			4
2024.07.05	03:10:51.206	0.61161				2
2024.07.05	03:10:54.128	0.61162				2
2024.07.05	03:10:54.536	0.61161				2
2024.07.05	03:10:58.475	0.61160				2
2024.07.05	03:10:58.808	0.61161				2
2024.07.05	03:11:00.306	0.61161				2
2024.07.05	03:11:01.855		0.61162			4
2024.07.05	03:11:06.211	0.61160				2
2024.07.05	03:11:06.632	0.61161				2
2024.07.05	03:11:07.432	0.61160				2
2024.07.05	03:11:08.663		0.61161			4
2024.07.05	03:11:10.046	0.61161	0.61162			6
2024.07.05	03:11:11.198	0.61160	0.61161			6
2024.07.05	03:11:11.652	0.61159	0.61160			6
2024.07.05	03:11:11.958	0.61157				2
2024.07.05	03:11:12.275	0.61158				2
2024.07.05	03:11:14.828	0.61157				2
2024.07.05	03:11:15.931	0.61156				2
2024.07.05	03:11:16.655	0.61157	0.61159			6
2024.07.05	03:11:25.720		0.61160			4
2024.07.05	03:11:27.106	0.61154	0.61156			6
2024.07.05	03:11:27.806	0.61153	0.61155			6
2024.07.05	03:11:28.111		0.61154			4
2024.07.05	03:11:28.472		0.61155			4
2024.07.05	03:11:28.776	0.61152	0.61154			6
2024.07.05	03:11:29.511		0.61153			4
2024.07.05	03:11:30.193	0.61149	0.61151			6
2024.07.05	03:11:30.833	0.61151	0.61153			6
2024.07.05	03:11:32.093	0.61150	0.61152			6
2024.07.05	03:11:32.447	0.61151				2
2024.07.05	03:11:33.616		0.61153			4
2024.07.05	03:11:34.448	0.61150				2
2024.07.05	03:11:35.457	0.61154	0.61157			6
2024.07.05	03:11:36.383		0.61156			4
2024.07.05	03:11:40.096		0.61157			4
2024.07.05	03:11:40.447		0.61156			4
2024.07.05	03:11:41.755		0.61157			4
2024.07.05	03:11:42.376		0.61156			4
2024.07.05	03:11:42.856	0.61155	0.61157			6
2024.07.05	03:11:43.163	0.61157	0.61159			6
2024.07.05	03:11:45.770		0.61160			4
2024.07.05	03:11:46.255	0.61154	0.61156			6
2024.07.05	03:11:47.501	0.61155				2
2024.07.05	03:11:48.203	0.61153	0.61155			6
2024.07.05	03:11:49.841	0.61152	0.61154			6
2024.07.05	03:11:50.142	0.61151	0.61153			6
2024.07.05	03:11:57.901	0.61150	0.61151			6
2024.07.05	03:11:58.204	0.61149				2
2024.07.05	03:12:00.882	0.61149				2
2024.07.05	03:12:03.246	0.61151	0.61153			6
2024.07.05	03:12:03.942		0.61152			4
2024.07.05	03:12:06.657	0.61150				2
2024.07.05	03:12:09.398	0.61149	0.61151			6
2024.07.05	03:12:10.456	0.61150	0.61152			6
2024.07.05	03:12:14.021	0.61152	0.61154			6
2024.07.05	03:12:17.389	0.61153				2
2024.07.05	03:12:18.782		0.61155			4
2024.07.05	03:12:22.320		0.61154			4
2024.07.05	03:12:23.757	0.61152	0.61153			6
2024.07.05	03:12:25.019	0.61151				2
2024.07.05	03:12:26.053	0.61152				2
2024.07.05	03:12:26.467	0.61151				2
2024.07.05	03:12:27.146	0.61152				2
2024.07.05	03:12:27.458	0.61151				2
2024.07.05	03:12:28.600	0.61152				2
2024.07.05	03:12:28.976	0.61151				2
2024.07.05	03:12:34.327	0.61152	0.61154			6
2024.07.05	03:12:36.929	0.61150	0.61152			6
2024.07.05	03:12:37.280		0.61151			4
2024.07.05	03:12:40.913		0.61152			4
2024.07.05	03:12:41.462	0.61148	0.61150			6
2024.07.05	03:12:41.861	0.61149	0.61151			6
2024.07.05	03:12:44.327	0.61148	0.61152			6
2024.07.05	03:12:45.551	0.61149	0.61151			6
2024.07.05	03:12:58.287	0.61148	0.61150			6
2024.07.05	03:13:00.321	0.61149	0.61151			6
2024.07.05	03:13:02.609	0.61148	0.61150			6
2024.07.05	03:13:10.997	0.61150	0.61152			6
2024.07.05	03:13:13.181	0.61149	0.61151			6
2024.07.05	03:13:14.219	0.61150				2
2024.07.05	03:13:14.538	0.61149				2
2024.07.05	03:13:17.471	0.61150	0.61152			6
2024.07.05	03:13:17.829	0.61149	0.61151			6
2024.07.05	03:13:18.205	0.61150	0.61152			6
2024.07.05	03:13:18.529		0.61151			4
2024.07.05	03:13:18.843	0.61149				2
2024.07.05	03:13:19.826		0.61150			4
2024.07.05	03:13:20.153	0.61148	0.61149			6
2024.07.05	03:13:21.177	0.61147				2
2024.07.05	03:13:22.294		0.61148			4
2024.07.05	03:13:27.652		0.61149			4
2024.07.05	03:13:28.690		0.61148			4
2024.07.05	03:13:30.102	0.61148	0.61149			6
2024.07.05	03:13:32.284	0.61147				2
2024.07.05	03:13:37.159	0.61148				2
2024.07.05	03:13:37.462	0.61147				2
2024.07.05	03:13:42.168	0.61148				2
2024.07.05	03:13:42.501	0.61147				2
2024.07.05	03:13:43.690	0.61148				2
2024.07.05	03:13:47.934	0.61149	0.61151			6
2024.07.05	03:13:51.563	0.61150	0.61152			6
2024.07.05	03:13:51.886	0.61149				2
2024.07.05	03:13:52.570	0.61151				2
2024.07.05	03:13:53.584	0.61149				2
2024.07.05	03:13:55.447	0.61150				2
2024.07.05	03:13:59.936	0.61149				2
2024.07.05	03:14:00.310	0.61149				2
2024.07.05	03:14:02.164	0.61150				2
2024.07.05	03:14:04.131		0.61151			4
2024.07.05	03:14:04.527	0.61149				2
2024.07.05	03:14:08.732		0.61152			4
2024.07.05	03:14:11.273	0.61150				2
2024.07.05	03:14:11.615	0.61149				2
2024.07.05	03:14:12.087	0.61150				2
2024.07.05	03:14:13.393	0.61149				2
2024.07.05	03:14:15.114	0.61150				2
2024.07.05	03:14:15.448	0.61149	0.61151			6
2024.07.05	03:14:15.982	0.61148	0.61150			6
2024.07.05	03:14:16.350	0.61143	0.61145			6
2024.07.05	03:14:17.042	0.61144	0.61146			6
2024.07.05	03:14:18.047		0.61147			4
2024.07.05	03:14:18.350	0.61145	0.61148			6
2024.07.05	03:14:18.668	0.61146				2
2024.07.05	03:14:19.678	0.61145				2
2024.07.05	03:14:22.810	0.61146				2
2024.07.05	03:14:23.416	0.61145				2
2024.07.05	03:14:24.134	0.61144	0.61147			6
2024.07.05	03:14:27.991		0.61146			4
2024.07.05	03:14:28.331	0.61143				2
2024.07.05	03:14:30.271	0.61144				2
2024.07.05	03:14:31.005		0.61145			4
2024.07.05	03:14:31.469		0.61146			4
2024.07.05	03:14:33.581	0.61142	0.61144			6
2024.07.05	03:14:33.895		0.61143			4
2024.07.05	03:14:34.204		0.61144			4
2024.07.05	03:14:38.189		0.61143			4
2024.07.05	03:14:39.519		0.61144			4
2024.07.05	03:14:46.925		0.61145			4
2024.07.05	03:14:49.394	0.61143				2
2024.07.05	03:14:49.982	0.61142				2
2024.07.05	03:14:50.306		0.61144			4
2024.07.05	03:14:50.682	0.61139	0.61141			6
2024.07.05	03:14:50.983	0.61140	0.61142			6
2024.07.05	03:14:54.523		0.61141			4
2024.07.05	03:14:55.553	0.61139	0.61142			6
2024.07.05	03:14:55.864		0.61141			4
2024.07.05	03:14:59.734		0.61140			4
2024.07.05	03:15:00.249	0.61139	0.61141			6
2024.07.05	03:15:00.558		0.61142			4
2024.07.05	03:15:00.861	0.61140				2
2024.07.05	03:15:03.004	0.61141	0.61144			6
2024.07.05	03:15:03.309	0.61142	0.61145			6
2024.07.05	03:15:04.334	0.61143				2
2024.07.05	03:15:08.108	0.61138	0.61140			6
2024.07.05	03:15:09.981	0.61137	0.61139			6
2024.07.05	03:15:10.723	0.61138	0.61140			6
2024.07.05	03:15:11.052	0.61137				2
2024.07.05	03:15:12.095		0.61139			4
2024.07.05	03:15:16.897	0.61138				2
2024.07.05	03:15:17.426		0.61140			4
2024.07.05	03:15:18.132	0.61137	0.61139			6
2024.07.05	03:15:20.435	0.61138	0.61140			6
2024.07.05	03:15:20.753		0.61139			4
2024.07.05	03:15:21.157	0.61137				2
2024.07.05	03:15:23.726		0.61140			4
2024.07.05	03:15:32.147	0.61134	0.61137			6
2024.07.05	03:15:33.435	0.61135	0.61138			6
2024.07.05	03:15:36.325	0.61136				2
2024.07.05	03:15:36.669	0.61135				2
2024.07.05	03:15:39.802	0.61136	0.61139			6
2024.07.05	03:15:40.107	0.61137				2
2024.07.05	03:15:41.748	0.61136				2
2024.07.05	03:15:44.178	0.61137	0.61140			6
2024.07.05	03:15:46.065	0.61138				2
2024.07.05	03:15:46.494	0.61137				2
2024.07.05	03:15:49.845	0.61136	0.61139			6
2024.07.05	03:15:50.499	0.61137	0.61140			6
2024.07.05	03:15:53.057	0.61136	0.61139			6
2024.07.05	03:15:53.933		0.61140			4
2024.07.05	03:15:55.502	0.61137				2
2024.07.05	03:15:56.182	0.61136	0.61138			6
2024.07.05	03:15:59.856		0.61139			4
2024.07.05	03:16:00.944	0.61136				2
2024.07.05	03:16:01.328	0.61134	0.61137			6
2024.07.05	03:16:02.451	0.61135				2
2024.07.05	03:16:05.936		0.61138			4
2024.07.05	03:16:22.831		0.61139			4
2024.07.05	03:16:25.465	0.61134	0.61137			6
2024.07.05	03:16:28.224		0.61138			4
2024.07.05	03:16:28.554		0.61137			4
2024.07.05	03:16:31.367	0.61135	0.61138			6
2024.07.05	03:16:31.670		0.61139			4
2024.07.05	03:16:37.064	0.61137	0.61140			6
2024.07.05	03:16:38.840		0.61139			4
2024.07.05	03:16:39.201	0.61138	0.61140			6
2024.07.05	03:16:39.503	0.61137	0.61139			6
2024.07.05	03:16:42.757	0.61139	0.61142			6
2024.07.05	03:16:43.495		0.61141			4
2024.07.05	03:16:47.636		0.61142			4
2024.07.05	03:16:48.065		0.61141			4
2024.07.05	03:16:51.230	0.61138	0.61142			6
2024.07.05	03:16:52.909		0.61141			4
2024.07.05	03:16:53.586		0.61142			4
2024.07.05	03:16:54.326		0.61141			4
2024.07.05	03:16:55.583	0.61139	0.61142			6
2024.07.05	03:16:59.076	0.61142	0.61144			6
2024.07.05	03:16:59.726	0.61141				2
2024.07.05	03:17:00.028	0.61141				2
2024.07.05	03:17:02.110	0.61142				2
2024.07.05	03:17:02.430		0.61145			4
2024.07.05	03:17:03.561	0.61141				2
2024.07.05	03:17:04.549	0.61142				2
2024.07.05	03:17:05.632	0.61141	0.61144			6
2024.07.05	03:17:06.521	0.61139	0.61141			6
2024.07.05	03:17:06.921		0.61142			4
2024.07.05	03:17:11.249	0.61140				2
2024.07.05	03:17:11.553		0.61143			4
2024.07.05	03:17:14.223		0.61142			4
2024.07.05	03:17:19.070	0.61139	0.61141			6
2024.07.05	03:17:22.995	0.61138	0.61139			6
2024.07.05	03:17:34.033		0.61140			4
2024.07.05	03:17:34.350	0.61137				2
2024.07.05	03:17:34.751	0.61138	0.61141			6
2024.07.05	03:17:35.064	0.61139	0.61142			6
2024.07.05	03:17:36.619		0.61141			4
2024.07.05	03:17:44.203		0.61142			4
2024.07.05	03:17:49.962		0.61141			4
2024.07.05	03:17:51.347		0.61142			4
2024.07.05	03:17:59.176		0.61141			4
2024.07.05	03:18:00.195	0.61139	0.61140			6
2024.07.05	03:18:00.506	0.61138				2
2024.07.05	03:18:03.521	0.61137	0.61139			6
2024.07.05	03:18:20.087	0.61134	0.61138			6
2024.07.05	03:18:21.131	0.61135	0.61137			6
2024.07.05	03:18:21.647	0.61136	0.61139			6
2024.07.05	03:18:28.719	0.61137				2
2024.07.05	03:18:35.702	0.61138				2
2024.07.05	03:18:36.055	0.61137				2
2024.07.05	03:18:38.725	0.61134	0.61138			6
2024.07.05	03:18:39.044		0.61136			4
2024.07.05	03:18:48.932	0.61135				2
2024.07.05	03:18:49.725	0.61134				2
2024.07.05	03:18:51.327		0.61135			4
2024.07.05	03:18:53.281		0.61136			4
2024.07.05	03:18:54.571		0.61135			4
2024.07.05	03:18:57.218	0.61135	0.61136			6
2024.07.05	03:18:58.865	0.61134				2
2024.07.05	03:18:59.171	0.61135	0.61137			6
2024.07.05	03:19:00.256	0.61135				2
2024.07.05	03:19:01.179		0.61136			4
2024.07.05	03:19:01.484		0.61137			4
2024.07.05	03:19:02.690		0.61138			4
2024.07.05	03:19:17.117		0.61139			4
2024.07.05	03:19:18.046	0.61134				2
2024.07.05	03:19:18.484	0.61135				2
2024.07.05	03:19:19.404	0.61134	0.61138			6
2024.07.05	03:19:19.861	0.61135				2
2024.07.05	03:19:20.311	0.61134				2
2024.07.05	03:19:24.927	0.61135				2
2024.07.05	03:19:25.242	0.61137	0.61139			6
2024.07.05	03:19:27.299	0.61136	0.61140			6
2024.07.05	03:19:28.896	0.61137	0.61139			6
2024.07.05	03:19:40.768	0.61138	0.61140			6
2024.07.05	03:19:45.222	0.61139	0.61141			6
2024.07.05	03:19:46.207	0.61140	0.61142			6
2024.07.05	03:19:47.946		0.61141			4
2024.07.05	03:19:48.251		0.61142			4
2024.07.05	03:20:00.417	0.61140				2
2024.07.05	03:20:07.755	0.61141				2
2024.07.05	03:20:08.777	0.61140				2
2024.07.05	03:20:12.228		0.61141			4
2024.07.05	03:20:17.387		0.61142			4
2024.07.05	03:20:21.267		0.61141			4
2024.07.05	03:20:22.410		0.61142			4
2024.07.05	03:20:30.537	0.61138	0.61140			6
2024.07.05	03:20:30.868	0.61139	0.61141			6
2024.07.05	03:20:31.880	0.61140	0.61142			6
2024.07.05	03:20:56.334	0.61139	0.61141			6
2024.07.05	03:20:57.215	0.61140	0.61142			6
2024.07.05	03:20:58.528		0.61141			4
2024.07.05	03:20:58.845	0.61138	0.61140			6
2024.07.05	03:21:00.352	0.61138				2
2024.07.05	03:21:01.441	0.61139	0.61141			6
2024.07.05	03:21:06.872		0.61140			4
2024.07.05	03:21:07.446		0.61141			4
2024.07.05	03:21:15.167	0.61138	0.61139			6
2024.07.05	03:21:15.560	0.61137				2
2024.07.05	03:21:26.597	0.61136				2
2024.07.05	03:21:26.901	0.61134	0.61136			6
2024.07.05	03:21:28.928	0.61133	0.61135			6
2024.07.05	03:21:29.236	0.61134	0.61136			6
2024.07.05	03:21:32.675		0.61135			4
2024.07.05	03:21:33.145		0.61136			4
2024.07.05	03:21:33.449		0.61135			4
2024.07.05	03:21:33.938	0.61130	0.61131			6
2024.07.05	03:21:35.284		0.61132			4
2024.07.05	03:21:38.277		0.61131			4
2024.07.05	03:21:39.926		0.61132			4
2024.07.05	03:21:40.306	0.61131	0.61133			6
2024.07.05	03:21:40.626	0.61130	0.61132			6
2024.07.05	03:21:42.873		0.61131			4
2024.07.05	03:21:43.577	0.61127	0.61129			6
2024.07.05	03:21:48.742	0.61128				2
2024.07.05	03:21:49.135	0.61127				2
2024.07.05	03:21:49.558	0.61128				2
2024.07.05	03:21:49.863	0.61127				2
2024.07.05	03:21:50.293	0.61128	0.61130			6
2024.07.05	03:21:52.124	0.61130	0.61132			6
2024.07.05	03:21:52.438		0.61131			4
2024.07.05	03:21:53.200	0.61129				2
2024.07.05	03:21:59.368	0.61130				2
2024.07.05	03:21:59.764		0.61132			4
2024.07.05	03:22:00.069	0.61130				2
2024.07.05	03:22:03.720		0.61131			4
2024.07.05	03:22:04.101		0.61132			4
2024.07.05	03:22:04.488	0.61131				2
2024.07.05	03:22:05.320	0.61130				2
2024.07.05	03:22:16.115	0.61131	0.61133			6
2024.07.05	03:22:24.047	0.61129	0.61131			6
2024.07.05	03:22:24.797	0.61130				2
2024.07.05	03:22:25.116	0.61129	0.61132			6
2024.07.05	03:22:26.330	0.61130				2
2024.07.05	03:22:27.497	0.61129				2
2024.07.05	03:22:28.626	0.61130				2
2024.07.05	03:22:29.597	0.61129				2
2024.07.05	03:22:31.345	0.61132	0.61134			6
2024.07.05	03:22:31.992		0.61135			4
2024.07.05	03:22:32.312	0.61133				2
2024.07.05	03:22:33.386	0.61134				2
2024.07.05	03:22:33.849	0.61133				2
2024.07.05	03:22:38.161	0.61132				2
2024.07.05	03:22:41.621		0.61134			4
2024.07.05	03:22:49.002	0.61131	0.61133			6
2024.07.05	03:22:50.495	0.61132	0.61134			6
2024.07.05	03:22:55.779	0.61131				2
2024.07.05	03:23:00.419	0.61131	0.61135			6
2024.07.05	03:23:02.067		0.61134			4
2024.07.05	03:23:02.383	0.61130	0.61133			6
2024.07.05	03:23:05.701		0.61134			4
2024.07.05	03:23:06.793	0.61131				2
2024.07.05	03:23:17.941	0.61130				2
2024.07.05	03:23:19.332		0.61133			4
2024.07.05	03:23:23.737	0.61132	0.61135			6
2024.07.05	03:23:26.861	0.61133	0.61136			6
2024.07.05	03:23:27.349		0.61134			4
2024.07.05	03:23:28.498	0.61135	0.61139			6
2024.07.05	03:23:29.836	0.61136	0.61138			6
2024.07.05	03:23:30.747	0.61135				2
2024.07.05	03:23:41.430	0.61136				2
2024.07.05	03:23:51.565	0.61135	0.61137			6
2024.07.05	03:24:00.707	0.61135				2
2024.07.05	03:24:01.129	0.61134	0.61136			6
2024.07.05	03:24:02.686	0.61142	0.61144			6
2024.07.05	03:24:03.421	0.61141	0.61143			6
2024.07.05	03:24:03.737	0.61140				2
2024.07.05	03:24:07.162	0.61141				2
2024.07.05	03:24:08.250	0.61142	0.61144			6
2024.07.05	03:24:08.562		0.61145			4
2024.07.05	03:24:09.259	0.61143				2
2024.07.05	03:24:12.048		0.61144			4
2024.07.05	03:24:12.351		0.61145			4
2024.07.05	03:24:18.459	0.61142				2
2024.07.05	03:24:19.138	0.61141	0.61144			6
2024.07.05	03:24:22.677		0.61143			4
2024.07.05	03:24:23.099		0.61144			4
2024.07.05	03:24:23.867	0.61140	0.61143			6
2024.07.05	03:24:53.964	0.61141	0.61144			6
2024.07.05	03:24:58.088	0.61140	0.61143			6
2024.07.05	03:24:58.402		0.61142			4
2024.07.05	03:24:59.176		0.61143			4
2024.07.05	03:25:00.427	0.61140				2
2024.07.05	03:25:00.757	0.61141				2
2024.07.05	03:25:01.065	0.61140				2
2024.07.05	03:25:01.880	0.61141	0.61144			6
2024.07.05	03:25:03.874	0.61142	0.61145			6
2024.07.05	03:25:04.223	0.61143				2
2024.07.05	03:25:06.906		0.61146			4
2024.07.05	03:25:29.947		0.61144			4
2024.07.05	03:25:30.250		0.61146			4
2024.07.05	03:25:31.338		0.61144			4
2024.07.05	03:25:31.643	0.61142				2
2024.07.05	03:25:33.750	0.61141				2
2024.07.05	03:25:34.096	0.61142				2
2024.07.05	03:25:35.640	0.61141				2
2024.07.05	03:25:36.004	0.61142				2
2024.07.05	03:25:36.405	0.61141				2
2024.07.05	03:25:42.090	0.61140				2
2024.07.05	03:25:42.765	0.61141	0.61143			6
2024.07.05	03:25:43.590		0.61144			4
2024.07.05	03:25:48.771	0.61140	0.61143			6
2024.07.05	03:25:50.354		0.61142			4
2024.07.05	03:25:53.479		0.61141			4
2024.07.05	03:25:53.800		0.61143			4
2024.07.05	03:25:58.330		0.61142			4
2024.07.05	03:26:00.039	0.61140				2
2024.07.05	03:26:01.322	0.61141	0.61143			6
2024.07.05	03:26:01.626	0.61140	0.61142			6
2024.07.05	03:26:01.928		0.61141			4
2024.07.05	03:26:03.412		0.61142			4
2024.07.05	03:26:04.090	0.61141	0.61143			6
2024.07.05	03:26:05.557	0.61140	0.61142			6
2024.07.05	03:26:07.457	0.61139				2
2024.07.05	03:26:08.044		0.61141			4
2024.07.05	03:26:09.055		0.61142			4
2024.07.05	03:26:09.435	0.61140				2
2024.07.05	03:26:14.825	0.61139				2
2024.07.05	03:26:17.321		0.61141			4
2024.07.05	03:26:18.421		0.61142			4
2024.07.05	03:26:19.059	0.61140				2
2024.07.05	03:26:20.537	0.61139	0.61141			6
2024.07.05	03:26:21.496	0.61140				2
2024.07.05	03:26:22.131		0.61142			4
2024.07.05	03:26:23.465	0.61142	0.61144			6
2024.07.05	03:26:23.784	0.61143				2
2024.07.05	03:26:24.332	0.61142	0.61143			6
2024.07.05	03:26:35.481	0.61145	0.61146			6
2024.07.05	03:26:36.085	0.61143	0.61144			6
2024.07.05	03:26:36.390	0.61142				2
2024.07.05	03:26:40.418	0.61143	0.61145			6
2024.07.05	03:26:41.234	0.61142	0.61144			6
2024.07.05	03:26:41.542	0.61143				2
2024.07.05	03:26:41.958	0.61142				2
2024.07.05	03:26:43.306		0.61143			4
2024.07.05	03:26:45.165	0.61143	0.61145			6
2024.07.05	03:26:50.218	0.61142	0.61144			6
2024.07.05	03:26:52.381	0.61143	0.61145			6
2024.07.05	03:26:55.815	0.61144	0.61146			6
2024.07.05	03:26:56.126	0.61145				2
2024.07.05	03:27:00.429	0.61145				2
2024.07.05	03:27:02.896	0.61144				2
2024.07.05	03:27:03.206	0.61145				2
2024.07.05	03:27:10.500		0.61147			4
2024.07.05	03:27:11.326	0.61146				2
2024.07.05	03:27:19.185	0.61145				2
2024.07.05	03:27:27.625	0.61146	0.61148			6
2024.07.05	03:27:48.250	0.61143	0.61145			6
2024.07.05	03:27:48.970	0.61142	0.61146			6
2024.07.05	03:27:49.274	0.61143				2
2024.07.05	03:27:52.945	0.61142	0.61144			6
2024.07.05	03:27:53.711	0.61143	0.61146			6
2024.07.05	03:27:57.578		0.61145			4
2024.07.05	03:27:57.883		0.61146			4
2024.07.05	03:27:58.544		0.61145			4
2024.07.05	03:28:00.154	0.61143				2
2024.07.05	03:28:02.373	0.61146	0.61147			6
2024.07.05	03:28:09.531	0.61143	0.61144			6
2024.07.05	03:28:13.340	0.61145	0.61146			6
2024.07.05	03:28:14.517	0.61144	0.61145			6
2024.07.05	03:28:16.408	0.61145	0.61146			6
2024.07.05	03:28:18.348	0.61143	0.61144			6
2024.07.05	03:28:23.235	0.61144	0.61145			6
2024.07.05	03:28:29.227	0.61146	0.61147			6
2024.07.05	03:28:29.543	0.61148	0.61149			6
2024.07.05	03:28:29.853	0.61147	0.61148			6
2024.07.05	03:28:31.265	0.61148	0.61149			6
2024.07.05	03:28:34.128	0.61147	0.61148			6
2024.07.05	03:28:35.382	0.61148	0.61149			6
2024.07.05	03:28:39.190	0.61147	0.61148			6
2024.07.05	03:28:45.016	0.61146	0.61147			6
2024.07.05	03:28:46.526	0.61147	0.61148			6
2024.07.05	03:28:49.252	0.61148	0.61149			6
2024.07.05	03:29:00.294	0.61148				2
2024.07.05	03:29:19.033	0.61149	0.61150			6
2024.07.05	03:29:20.325	0.61150	0.61152			6
2024.07.05	03:29:44.098	0.61149	0.61151			6
2024.07.05	03:29:48.452		0.61152			4
2024.07.05	03:29:50.614		0.61151			4
2024.07.05	03:29:52.408	0.61150				2
2024.07.05	03:29:57.081	0.61148	0.61149			6
2024.07.05	03:30:00.377	0.61148				2
2024.07.05	03:30:00.694		0.61150			4
2024.07.05	03:30:02.920	0.61150	0.61152			6
2024.07.05	03:30:05.176	0.61151				2
2024.07.05	03:30:05.541	0.61150				2
2024.07.05	03:30:05.967	0.61152	0.61153			6
2024.07.05	03:30:09.337	0.61151	0.61152			6
2024.07.05	03:30:09.790	0.61152	0.61153			6
2024.07.05	03:30:12.034	0.61151	0.61152			6
2024.07.05	03:30:14.164	0.61152	0.61153			6
2024.07.05	03:30:16.692	0.61154	0.61155			6
2024.07.05	03:30:17.009	0.61155	0.61157			6
2024.07.05	03:30:22.127	0.61159	0.61160			6
2024.07.05	03:30:22.445	0.61158				2
2024.07.05	03:30:25.163	0.61157	0.61158			6
2024.07.05	03:30:25.495	0.61158	0.61159			6
2024.07.05	03:30:25.886	0.61157				2
2024.07.05	03:30:26.240	0.61158				2
2024.07.05	03:30:27.963	0.61157				2
2024.07.05	03:30:28.266	0.61158				2
2024.07.05	03:30:30.890		0.61160			4
2024.07.05	03:30:31.247	0.61159				2
2024.07.05	03:30:33.914	0.61160	0.61162			6
2024.07.05	03:30:39.516		0.61161			4
2024.07.05	03:30:40.876	0.61159	0.61160			6
2024.07.05	03:30:42.705	0.61158	0.61159			6
2024.07.05	03:30:51.174	0.61159	0.61160			6
2024.07.05	03:30:52.805	0.61158	0.61159			6
2024.07.05	03:30:53.849	0.61159	0.61160			6
2024.07.05	03:30:54.288	0.61163	0.61164			6
2024.07.05	03:30:54.909	0.61162				2
2024.07.05	03:30:55.382	0.61163				2
2024.07.05	03:30:55.703	0.61162				2
2024.07.05	03:30:59.281	0.61163				2
2024.07.05	03:31:00.080	0.61163				2
2024.07.05	03:31:03.055	0.61162				2
2024.07.05	03:31:03.362	0.61163				2
2024.07.05	03:31:03.692	0.61162				2
2024.07.05	03:31:04.002	0.61164	0.61165			6
2024.07.05	03:31:04.322	0.61163				2
2024.07.05	03:31:05.607	0.61165	0.61166			6
2024.07.05	03:31:05.967		0.61167			4
2024.07.05	03:31:07.290	0.61167	0.61169			6
2024.07.05	03:31:07.640	0.61165	0.61166			6
2024.07.05	03:31:08.377	0.61164				2
2024.07.05	03:31:09.572	0.61165				2
2024.07.05	03:31:10.363		0.61167			4
2024.07.05	03:31:14.081	0.61166	0.61168			6
2024.07.05	03:31:15.509	0.61167				2
2024.07.05	03:31:18.005	0.61166	0.61167			6
2024.07.05	03:31:18.330	0.61164	0.61166			6
2024.07.05	03:31:19.883		0.61165			4
2024.07.05	03:31:20.354		0.61166			4
2024.07.05	03:31:20.728		0.61165			4
2024.07.05	03:31:21.241		0.61166			4
2024.07.05	03:31:25.949	0.61163	0.61165			6
2024.07.05	03:31:26.772	0.61162	0.61164			6
2024.07.05	03:31:27.093	0.61161	0.61163			6
2024.07.05	03:31:27.403	0.61163	0.61164			6
2024.07.05	03:31:34.375	0.61164	0.61165			6
2024.07.05	03:31:41.666	0.61165	0.61167			6
2024.07.05	03:31:41.976	0.61164	0.61166			6
2024.07.05	03:31:53.861	0.61163	0.61165			6
2024.07.05	03:31:54.467	0.61162				2
2024.07.05	03:31:55.683		0.61164			4
2024.07.05	03:31:56.005	0.61163				2
2024.07.05	03:32:00.757	0.61163				2
2024.07.05	03:32:06.342	0.61164	0.61167			6
2024.07.05	03:32:06.664		0.61165			4
2024.07.05	03:32:07.058	0.61163	0.61164			6
2024.07.05	03:32:17.277	0.61164	0.61165			6
2024.07.05	03:32:18.541		0.61166			4
2024.07.05	03:32:21.715		0.61167			4
2024.07.05	03:32:22.017		0.61166			4
2024.07.05	03:32:22.329	0.61163	0.61164			6
2024.07.05	03:32:31.563		0.61165			4
2024.07.05	03:32:31.927		0.61166			4
2024.07.05	03:32:32.416	0.61167	0.61170			6
2024.07.05	03:32:33.049	0.61166	0.61168			6
2024.07.05	03:32:33.378		0.61169			4
2024.07.05	03:32:34.084	0.61167				2
2024.07.05	03:32:34.968		0.61168			4
2024.07.05	03:32:35.287		0.61169			4
2024.07.05	03:32:40.791		0.61170			4
2024.07.05	03:32:42.147	0.61168				2
2024.07.05	03:32:42.555	0.61169				2
2024.07.05	03:32:43.104	0.61168	0.61169			6
2024.07.05	03:32:43.897	0.61169	0.61171			6
2024.07.05	03:32:44.342	0.61172	0.61173			6
2024.07.05	03:32:44.644	0.61173	0.61174			6
2024.07.05	03:32:44.948	0.61175	0.61176			6
2024.07.05	03:32:45.266		0.61177			4
2024.07.05	03:32:45.568		0.61176			4
2024.07.05	03:32:46.193	0.61173				2
2024.07.05	03:32:46.537		0.61175			4
2024.07.05	03:32:46.852	0.61172	0.61174			6
2024.07.05	03:32:55.747		0.61173			4
2024.07.05	03:32:56.064	0.61168	0.61171			6
2024.07.05	03:33:00.353	0.61168				2
2024.07.05	03:33:03.116	0.61169				2
2024.07.05	03:33:03.831	0.61168				2
2024.07.05	03:33:05.742	0.61172	0.61174			6
2024.07.05	03:33:07.699		0.61175			4
2024.07.05	03:33:08.336		0.61174			4
2024.07.05	03:33:08.669		0.61175			4
2024.07.05	03:33:09.602	0.61173				2
2024.07.05	03:33:10.019		0.61174			4
2024.07.05	03:33:10.345		0.61175			4
2024.07.05	03:33:10.657	0.61174				2
2024.07.05	03:33:11.307	0.61175	0.61176			6
2024.07.05	03:33:11.614	0.61172	0.61174			6
2024.07.05	03:33:15.592		0.61173			4
2024.07.05	03:33:16.820		0.61174			4
2024.07.05	03:33:20.398		0.61175			4
2024.07.05	03:33:20.709		0.61174			4
2024.07.05	03:33:21.200		0.61175			4
2024.07.05	03:33:22.260		0.61174			4
2024.07.05	03:33:23.334	0.61173	0.61175			6
2024.07.05	03:33:25.967	0.61172	0.61174			6
2024.07.05	03:33:31.273	0.61171	0.61173			6
2024.07.05	03:33:32.006	0.61173	0.61175			6
2024.07.05	03:33:35.747	0.61172				2
2024.07.05	03:33:36.442	0.61173				2
2024.07.05	03:33:36.800	0.61175	0.61176			6
2024.07.05	03:33:37.102	0.61174	0.61175			6
2024.07.05	03:33:37.454	0.61173				2
2024.07.05	03:33:38.214	0.61174				2
2024.07.05	03:33:38.526	0.61172				2
2024.07.05	03:33:43.899	0.61173				2
2024.07.05	03:33:45.628		0.61174			4
2024.07.05	03:33:57.425		0.61175			4
2024.07.05	03:33:58.489		0.61174			4
2024.07.05	03:34:00.223	0.61173				2
2024.07.05	03:34:00.705		0.61175			4
2024.07.05	03:34:02.045		0.61174			4
2024.07.05	03:34:06.135	0.61171	0.61173			6
2024.07.05	03:34:06.436	0.61172	0.61174			6
2024.07.05	03:34:08.666	0.61170	0.61172			6
2024.07.05	03:34:10.750	0.61169				2
2024.07.05	03:34:11.614	0.61170				2
2024.07.05	03:34:14.607	0.61169				2
2024.07.05	03:34:15.406	0.61170				2
2024.07.05	03:34:19.819	0.61172	0.61174			6
2024.07.05	03:34:20.137		0.61175			4
2024.07.05	03:34:20.755		0.61174			4
2024.07.05	03:34:24.580		0.61175			4
2024.07.05	03:34:24.898		0.61174			4
2024.07.05	03:34:26.669		0.61175			4
2024.07.05	03:34:29.509		0.61173			4
2024.07.05	03:34:29.812		0.61174			4
2024.07.05	03:34:30.218		0.61175			4
2024.07.05	03:34:32.494		0.61174			4
2024.07.05	03:34:34.707		0.61175			4
2024.07.05	03:34:35.582		0.61174			4
2024.07.05	03:34:36.810		0.61173			4
2024.07.05	03:34:37.379		0.61174			4
2024.07.05	03:34:42.541		0.61173			4
2024.07.05	03:34:43.160	0.61170	0.61171			6
2024.07.05	03:34:43.496		0.61172			4
2024.07.05	03:34:43.838	0.61173	0.61175			6
2024.07.05	03:34:48.132	0.61172	0.61174			6
2024.07.05	03:34:49.433		0.61173			4
2024.07.05	03:34:49.736	0.61170	0.61172			6
2024.07.05	03:34:50.043	0.61169				2
2024.07.05	03:34:50.351		0.61171			4
2024.07.05	03:34:50.706		0.61172			4
2024.07.05	03:34:51.396		0.61171			4
2024.07.05	03:34:51.869		0.61172			4
2024.07.05	03:34:52.174	0.61168	0.61169			6
2024.07.05	03:34:52.494		0.61170			4
2024.07.05	03:34:53.606	0.61167				2
2024.07.05	03:34:53.922	0.61168				2
2024.07.05	03:34:54.281	0.61167				2
2024.07.05	03:34:55.034		0.61169			4
2024.07.05	03:34:57.886	0.61165	0.61167			6
2024.07.05	03:34:58.260	0.61164				2
2024.07.05	03:34:58.857	0.61165				2
2024.07.05	03:35:00.176	0.61165				2
2024.07.05	03:35:01.554	0.61164				2
2024.07.05	03:35:02.295	0.61165				2
2024.07.05	03:35:04.308	0.61164				2
2024.07.05	03:35:05.849	0.61166	0.61168			6
2024.07.05	03:35:06.223	0.61165	0.61169			6
2024.07.05	03:35:06.866	0.61166	0.61168			6
2024.07.05	03:35:07.170	0.61167				2
2024.07.05	03:35:07.497		0.61170			4
2024.07.05	03:35:12.086	0.61168				2
2024.07.05	03:35:14.756	0.61167				2
2024.07.05	03:35:15.549	0.61170	0.61172			6
2024.07.05	03:35:15.863		0.61173			4
2024.07.05	03:35:16.317	0.61171				2
2024.07.05	03:35:22.725	0.61170	0.61172			6
2024.07.05	03:35:27.783	0.61171	0.61173			6
2024.07.05	03:35:32.970	0.61170	0.61172			6
2024.07.05	03:35:35.899		0.61173			4
2024.07.05	03:35:36.308		0.61172			4
2024.07.05	03:35:36.631		0.61173			4
2024.07.05	03:35:37.558		0.61172			4
2024.07.05	03:35:37.895		0.61173			4
2024.07.05	03:35:38.204		0.61172			4
2024.07.05	03:35:38.523	0.61169				2
2024.07.05	03:35:46.349		0.61173			4
2024.07.05	03:35:47.456	0.61170				2
2024.07.05	03:35:50.820	0.61169	0.61172			6
2024.07.05	03:35:51.132	0.61170				2
2024.07.05	03:35:52.042	0.61169				2
2024.07.05	03:35:54.064	0.61170				2
2024.07.05	03:35:55.917	0.61169	0.61173			6
2024.07.05	03:35:59.673	0.61172	0.61175			6
2024.07.05	03:36:00.043	0.61172				2
2024.07.05	03:36:07.385		0.61176			4
2024.07.05	03:36:14.905		0.61175			4
2024.07.05	03:36:15.244	0.61171				2
2024.07.05	03:36:15.621	0.61172				2
2024.07.05	03:36:20.752		0.61176			4
2024.07.05	03:36:27.945	0.61174	0.61178			6
2024.07.05	03:36:28.281	0.61175				2
2024.07.05	03:36:34.171		0.61177			4
2024.07.05	03:36:34.557		0.61176			4
2024.07.05	03:36:34.873	0.61173				2
2024.07.05	03:36:38.122		0.61175			4
2024.07.05	03:36:38.428	0.61174	0.61176			6
2024.07.05	03:36:38.751		0.61177			4
2024.07.05	03:36:40.147	0.61175				2
2024.07.05	03:36:41.556	0.61174				2
2024.07.05	03:36:41.864	0.61173				2
2024.07.05	03:36:42.340	0.61174	0.61176			6
2024.07.05	03:36:44.291		0.61177			4
2024.07.05	03:36:51.354	0.61172	0.61174			6
2024.07.05	03:36:51.664		0.61173			4
2024.07.05	03:36:52.236		0.61174			4
2024.07.05	03:36:52.775		0.61175			4
2024.07.05	03:36:57.991	0.61173				2
2024.07.05	03:36:58.987	0.61172	0.61174			6
2024.07.05	03:37:00.025	0.61172				2
2024.07.05	03:37:00.411		0.61173			4
2024.07.05	03:37:00.726	0.61171				2
2024.07.05	03:37:01.392	0.61172	0.61174			6
2024.07.05	03:37:15.593	0.61173	0.61175			6
2024.07.05	03:37:17.207	0.61172				2
2024.07.05	03:37:17.558	0.61173				2
2024.07.05	03:37:17.932	0.61172				2
2024.07.05	03:37:18.415		0.61173			4
2024.07.05	03:37:18.723	0.61171	0.61172			6
2024.07.05	03:37:19.079	0.61170				2
2024.07.05	03:37:20.897	0.61171				2
2024.07.05	03:37:22.134	0.61170				2
2024.07.05	03:37:22.457	0.61171				2
2024.07.05	03:37:28.407	0.61170	0.61171			6
2024.07.05	03:37:30.929	0.61169				2
2024.07.05	03:37:40.117	0.61170				2
2024.07.05	03:37:40.573	0.61169				2
2024.07.05	03:37:44.354		0.61170			4
2024.07.05	03:37:44.664		0.61171			4
2024.07.05	03:37:53.524	0.61170	0.61173			6
2024.07.05	03:37:54.863	0.61171				2
2024.07.05	03:37:58.482	0.61173	0.61175			6
2024.07.05	03:38:00.326	0.61173				2
2024.07.05	03:38:03.066		0.61174			4
2024.07.05	03:38:03.367	0.61172				2
2024.07.05	03:38:21.823		0.61175			4
2024.07.05	03:38:24.373	0.61173				2
2024.07.05	03:38:24.682	0.61172				2
2024.07.05	03:38:25.096	0.61173				2
2024.07.05	03:38:26.219	0.61172	0.61174			6
2024.07.05	03:38:27.269	0.61173				2
2024.07.05	03:38:27.571	0.61172				2
2024.07.05	03:38:29.356	0.61173				2
2024.07.05	03:38:29.859	0.61172				2
2024.07.05	03:38:33.041		0.61173			4
2024.07.05	03:38:33.657	0.61169	0.61171			6
2024.07.05	03:38:33.963	0.61168				2
2024.07.05	03:38:34.931		0.61170			4
2024.07.05	03:38:35.367	0.61169				2
2024.07.05	03:38:35.887	0.61168	0.61171			6
2024.07.05	03:38:36.454	0.61169				2
2024.07.05	03:38:37.051	0.61170	0.61172			6
2024.07.05	03:38:54.465	0.61171	0.61173			6
2024.07.05	03:38:57.968	0.61172	0.61174			6
2024.07.05	03:39:00.063	0.61172				2
2024.07.05	03:39:00.372	0.61171				2
2024.07.05	03:39:03.387	0.61172				2
2024.07.05	03:39:04.222	0.61170	0.61172			6
2024.07.05	03:39:15.341	0.61169				2
2024.07.05	03:39:16.045	0.61170	0.61171			6
2024.07.05	03:39:18.168	0.61169				2
2024.07.05	03:39:18.509	0.61170				2
2024.07.05	03:39:18.896	0.61169				2
2024.07.05	03:39:24.623	0.61172	0.61174			6
2024.07.05	03:39:24.931	0.61171				2
2024.07.05	03:39:25.308	0.61172	0.61175			6
2024.07.05	03:39:25.787	0.61174	0.61177			6
2024.07.05	03:39:26.102		0.61178			4
2024.07.05	03:39:27.966	0.61176	0.61179			6
2024.07.05	03:39:28.287	0.61175				2
2024.07.05	03:39:32.161	0.61176	0.61180			6
2024.07.05	03:39:32.481	0.61175	0.61178			6
2024.07.05	03:39:33.002		0.61179			4
2024.07.05	03:39:33.404		0.61178			4
2024.07.05	03:39:51.293	0.61176				2
2024.07.05	03:39:51.603	0.61175				2
2024.07.05	03:39:55.385		0.61179			4
2024.07.05	03:39:56.301		0.61178			4
2024.07.05	03:40:00.204	0.61175				2
2024.07.05	03:40:02.283	0.61176	0.61179			6
2024.07.05	03:40:02.977	0.61177				2
2024.07.05	03:40:03.381	0.61176				2
2024.07.05	03:40:04.051	0.61178	0.61181			6
2024.07.05	03:40:04.354	0.61179				2
2024.07.05	03:40:05.111	0.61181	0.61184			6
2024.07.05	03:40:05.426	0.61180				2
2024.07.05	03:40:05.792	0.61179	0.61183			6
2024.07.05	03:40:06.602	0.61180				2
2024.07.05	03:40:07.011	0.61179				2
2024.07.05	03:40:08.082	0.61180				2
2024.07.05	03:40:13.412	0.61179	0.61182			6
2024.07.05	03:40:13.799	0.61180				2
2024.07.05	03:40:14.156	0.61179	0.61183			6
2024.07.05	03:40:14.509	0.61180	0.61182			6
2024.07.05	03:40:15.256	0.61184	0.61187			6
2024.07.05	03:40:17.165	0.61183	0.61185			6
2024.07.05	03:40:17.501		0.61186			4
2024.07.05	03:40:17.895		0.61185			4
2024.07.05	03:40:19.152	0.61184	0.61186			6
2024.07.05	03:40:20.091		0.61187			4
2024.07.05	03:40:20.392		0.61186			4
2024.07.05	03:40:24.115	0.61186	0.61188			6
2024.07.05	03:40:24.417	0.61185				2
2024.07.05	03:40:25.114	0.61188	0.61191			6
2024.07.05	03:40:25.745		0.61190			4
2024.07.05	03:40:26.159	0.61189	0.61191			6
2024.07.05	03:40:26.490	0.61188				2
2024.07.05	03:40:30.298		0.61190			4
2024.07.05	03:40:32.948	0.61189	0.61191			6
2024.07.05	03:40:38.003	0.61188	0.61189			6
2024.07.05	03:40:43.348	0.61189	0.61191			6
2024.07.05	03:40:57.116		0.61192			4
2024.07.05	03:40:59.018	0.61187	0.61190			6
2024.07.05	03:41:00.253	0.61188				2
2024.07.05	03:41:00.625		0.61191			4
2024.07.05	03:41:08.501		0.61189			4
2024.07.05	03:41:08.808	0.61187				2
2024.07.05	03:41:13.883	0.61189	0.61191			6
2024.07.05	03:41:14.548	0.61188				2
2024.07.05	03:41:18.601		0.61189			4
2024.07.05	03:41:21.602	0.61185	0.61188			6
2024.07.05	03:41:21.909	0.61187	0.61189			6
2024.07.05	03:41:22.263	0.61188				2
2024.07.05	03:41:22.619	0.61187				2
2024.07.05	03:41:24.620	0.61188				2
2024.07.05	03:41:28.493		0.61190			4
2024.07.05	03:41:29.366		0.61189			4
2024.07.05	03:41:30.318	0.61187				2
2024.07.05	03:41:35.458	0.61188	0.61190			6
2024.07.05	03:41:36.348	0.61187				2
2024.07.05	03:41:36.912		0.61189			4
2024.07.05	03:41:37.276		0.61190			4
2024.07.05	03:41:40.574		0.61189			4
2024.07.05	03:41:41.729	0.61186				2
2024.07.05	03:41:42.318	0.61187	0.61190			6
2024.07.05	03:41:42.652	0.61188				2
2024.07.05	03:41:44.800	0.61187	0.61189			6
2024.07.05	03:41:47.091	0.61186				2
2024.07.05	03:41:49.857	0.61187				2
2024.07.05	03:41:54.683	0.61188	0.61191			6
2024.07.05	03:41:55.505		0.61190			4
2024.07.05	03:41:56.583		0.61191			4
2024.07.05	03:41:57.381		0.61190			4
2024.07.05	03:41:59.370		0.61191			4
2024.07.05	03:41:59.723	0.61189				2
2024.07.05	03:42:00.433	0.61188				2
2024.07.05	03:42:00.912	0.61189				2
2024.07.05	03:42:05.128		0.61192			4
2024.07.05	03:42:07.758	0.61188	0.61190			6
2024.07.05	03:42:09.905	0.61191	0.61193			6
2024.07.05	03:42:10.741		0.61192			4
2024.07.05	03:42:11.295		0.61193			4
2024.07.05	03:42:11.842		0.61192			4
2024.07.05	03:42:12.694	0.61189	0.61191			6
2024.07.05	03:42:13.096		0.61192			4
2024.07.05	03:42:13.611	0.61190	0.61191			6
2024.07.05	03:42:15.609	0.61191	0.61193			6
2024.07.05	03:42:15.969	0.61190	0.61194			6
2024.07.05	03:42:17.115	0.61189	0.61192			6
2024.07.05	03:42:17.684		0.61193			4
2024.07.05	03:42:18.231		0.61191			4
2024.07.05	03:42:21.054	0.61188				2
2024.07.05	03:42:22.344	0.61189				2
2024.07.05	03:42:25.717	0.61188	0.61190			6
2024.07.05	03:42:26.029		0.61191			4
2024.07.05	03:42:26.456	0.61189	0.61192			6
2024.07.05	03:42:27.390	0.61190				2
2024.07.05	03:42:27.861		0.61193			4
2024.07.05	03:42:28.389		0.61192			4
2024.07.05	03:42:28.749	0.61191	0.61193			6
2024.07.05	03:42:29.051	0.61190				2
2024.07.05	03:42:29.906	0.61193	0.61195			6
2024.07.05	03:42:36.388	0.61195	0.61197			6
2024.07.05	03:42:36.692	0.61198	0.61201			6
2024.07.05	03:42:37.322		0.61200			4
2024.07.05	03:42:39.438	0.61199				2
2024.07.05	03:42:39.778	0.61198	0.61201			6
2024.07.05	03:42:40.884	0.61200	0.61203			6
2024.07.05	03:42:41.227		0.61202			4
2024.07.05	03:42:45.369		0.61201			4
2024.07.05	03:42:45.807		0.61202			4
2024.07.05	03:42:46.944		0.61201			4
2024.07.05	03:42:47.866		0.61202			4
2024.07.05	03:42:48.236	0.61199	0.61201			6
2024.07.05	03:42:58.187		0.61202			4
2024.07.05	03:42:58.505		0.61201			4
2024.07.05	03:42:58.838		0.61200			4
2024.07.05	03:42:59.760	0.61198	0.61199			6
2024.07.05	03:43:00.062	0.61198				2
2024.07.05	03:43:01.022	0.61199	0.61201			6
2024.07.05	03:43:01.326	0.61200				2
2024.07.05	03:43:02.252	0.61199				2
2024.07.05	03:43:02.832	0.61200				2
2024.07.05	03:43:03.797	0.61199				2
2024.07.05	03:43:04.437	0.61200				2
2024.07.05	03:43:05.955	0.61199				2
2024.07.05	03:43:06.300	0.61200				2
