<DATE>	<TIME>	<BID>	<ASK>	<LAST>	<VOLUME>	<FLAGS>
2024.12.24	00:00:00.430	0.56458	0.56511			6
2024.12.24	00:01:56.005	0.56432	0.56614			6
2024.12.24	00:02:00.240	0.56432				2
2024.12.24	00:02:10.033		0.56571			4
2024.12.24	00:02:21.823		0.56572			4
2024.12.24	00:02:40.261		0.56573			4
2024.12.24	00:02:50.237		0.56574			4
2024.12.24	00:03:00.212	0.56432				2
2024.12.24	00:03:06.861		0.56573			4
2024.12.24	00:03:11.699		0.56574			4
2024.12.24	00:03:33.795	0.56394	0.56521			6
2024.12.24	00:04:00.245	0.56394				2
2024.12.24	00:04:33.801		0.56521			4
2024.12.24	00:05:00.101	0.56394				2
2024.12.24	00:05:00.403	0.56433				2
2024.12.24	00:05:05.541	0.56434				2
2024.12.24	00:05:08.263	0.56433				2
2024.12.24	00:05:10.679	0.56436				2
2024.12.24	00:05:11.889	0.56438				2
2024.12.24	00:05:16.123	0.56442				2
2024.12.24	00:05:20.353	0.56441				2
2024.12.24	00:05:22.770	0.56439				2
2024.12.24	00:05:23.074	0.56445				2
2024.12.24	00:05:23.378	0.56447				2
2024.12.24	00:05:27.607		0.56519			4
2024.12.24	00:05:28.488	0.56448				2
2024.12.24	00:05:29.434	0.56451	0.56513			6
2024.12.24	00:05:32.495	0.56452	0.56517			6
2024.12.24	00:05:33.492	0.56453				2
2024.12.24	00:05:33.993		0.56514			4
2024.12.24	00:05:34.493		0.56517			4
2024.12.24	00:05:34.993	0.56452	0.56514			6
2024.12.24	00:05:36.194		0.56513			4
2024.12.24	00:05:42.021	0.56447				2
2024.12.24	00:05:42.521	0.56446	0.56512			6
2024.12.24	00:05:43.018	0.56447				2
2024.12.24	00:05:56.256	0.56446				2
2024.12.24	00:05:56.775	0.56448	0.56511			6
2024.12.24	00:05:59.682		0.56510			4
2024.12.24	00:06:01.031	0.56448				2
2024.12.24	00:06:03.677		0.56509			4
2024.12.24	00:06:04.424	0.56449	0.56515			6
2024.12.24	00:06:06.625	0.56450				2
2024.12.24	00:06:14.218	0.56445				2
2024.12.24	00:06:29.848	0.56446				2
2024.12.24	00:06:30.355	0.56447				2
2024.12.24	00:06:34.354	0.56449				2
2024.12.24	00:06:35.680	0.56452	0.56514			6
2024.12.24	00:06:36.162	0.56449				2
2024.12.24	00:06:39.808	0.56446	0.56515			6
2024.12.24	00:06:46.447	0.56449				2
2024.12.24	00:07:11.289	0.56449				2
2024.12.24	00:07:14.873	0.56451				2
2024.12.24	00:07:15.948	0.56448	0.56514			6
2024.12.24	00:07:17.720		0.56513			4
2024.12.24	00:07:19.676		0.56512			4
2024.12.24	00:07:20.851	0.56449				2
2024.12.24	00:07:21.158	0.56451				2
2024.12.24	00:07:21.764	0.56445	0.56513			6
2024.12.24	00:07:22.068		0.56517			4
2024.12.24	00:07:22.384	0.56450	0.56518			6
2024.12.24	00:07:24.015	0.56445	0.56515			6
2024.12.24	00:07:37.333	0.56444	0.56516			6
2024.12.24	00:07:46.686	0.56450	0.56515			6
2024.12.24	00:07:48.081		0.56514			4
2024.12.24	00:07:52.443	0.56452				2
2024.12.24	00:08:01.291	0.56452				2
2024.12.24	00:08:01.771	0.56450				2
2024.12.24	00:08:07.438		0.56513			4
2024.12.24	00:08:17.330	0.56449				2
2024.12.24	00:08:27.763		0.56512			4
2024.12.24	00:08:28.071	0.56451	0.56514			6
2024.12.24	00:08:37.440	0.56447				2
2024.12.24	00:08:38.363	0.56446				2
2024.12.24	00:08:39.408		0.56513			4
2024.12.24	00:08:40.881		0.56514			4
2024.12.24	00:08:41.486	0.56447				2
2024.12.24	00:08:43.934	0.56446				2
2024.12.24	00:08:48.238		0.56513			4
2024.12.24	00:08:50.354	0.56447				2
2024.12.24	00:08:51.766	0.56449				2
2024.12.24	00:08:52.351	0.56446				2
2024.12.24	00:08:58.232	0.56447				2
2024.12.24	00:09:00.399	0.56447				2
2024.12.24	00:09:02.362	0.56450				2
2024.12.24	00:09:30.889	0.56445	0.56515			6
2024.12.24	00:09:41.494		0.56513			4
2024.12.24	00:09:46.331		0.56514			4
2024.12.24	00:09:48.445		0.56513			4
2024.12.24	00:09:51.770	0.56448	0.56516			6
2024.12.24	00:09:52.074	0.56445	0.56515			6
2024.12.24	00:10:00.317	0.56449				2
2024.12.24	00:10:02.012	0.56448	0.56514			6
2024.12.24	00:10:03.935		0.56513			4
2024.12.24	00:10:07.681		0.56512			4
2024.12.24	00:10:08.525	0.56445				2
2024.12.24	00:10:09.138	0.56447				2
2024.12.24	00:10:11.041	0.56445	0.56515			6
2024.12.24	00:10:12.278	0.56444				2
2024.12.24	00:10:15.905	0.56443	0.56514			6
2024.12.24	00:10:17.114	0.56444				2
2024.12.24	00:10:17.720	0.56445	0.56515			6
2024.12.24	00:10:18.022	0.56444				2
2024.12.24	00:10:47.344	0.56445				2
2024.12.24	00:10:52.181	0.56444				2
2024.12.24	00:10:57.622	0.56445				2
2024.12.24	00:10:59.135		0.56507			4
2024.12.24	00:11:01.289	0.56445				2
2024.12.24	00:11:03.032	0.56444	0.56515			6
2024.12.24	00:11:03.973	0.56447	0.56507			6
2024.12.24	00:11:05.478	0.56445				2
2024.12.24	00:11:07.680	0.56443	0.56515			6
2024.12.24	00:11:08.909	0.56445	0.56506			6
2024.12.24	00:11:11.291		0.56505			4
2024.12.24	00:11:12.882	0.56443	0.56515			6
2024.12.24	00:11:13.799	0.56445	0.56505			6
2024.12.24	00:11:15.678		0.56503			4
2024.12.24	00:11:16.499	0.56444	0.56499			6
2024.12.24	00:11:18.358		0.56500			4
2024.12.24	00:11:25.378	0.56440	0.56502			6
2024.12.24	00:11:26.255		0.56503			4
2024.12.24	00:11:27.565	0.56441				2
2024.12.24	00:11:29.766		0.56501			4
2024.12.24	00:11:31.298		0.56502			4
2024.12.24	00:11:37.904	0.56443	0.56503			6
2024.12.24	00:11:52.493	0.56444	0.56504			6
2024.12.24	00:11:55.811	0.56443	0.56503			6
2024.12.24	00:11:57.649	0.56445	0.56505			6
2024.12.24	00:12:01.226	0.56445				2
2024.12.24	00:12:47.790	0.56444	0.56519			6
2024.12.24	00:12:48.419	0.56446				2
2024.12.24	00:12:48.724	0.56443	0.56508			6
2024.12.24	00:12:50.286	0.56442	0.56509			6
2024.12.24	00:12:51.363	0.56443	0.56508			6
2024.12.24	00:13:00.385	0.56443				2
2024.12.24	00:13:00.859	0.56441				2
2024.12.24	00:13:05.865		0.56510			4
2024.12.24	00:13:09.835	0.56440				2
2024.12.24	00:13:23.195	0.56448	0.56514			6
2024.12.24	00:13:28.074		0.56515			4
2024.12.24	00:13:29.104		0.56513			4
2024.12.24	00:13:29.432	0.56443				2
2024.12.24	00:13:31.248	0.56448				2
2024.12.24	00:13:37.896	0.56450				2
2024.12.24	00:13:52.457	0.56452	0.56514			6
2024.12.24	00:13:53.364	0.56454				2
2024.12.24	00:13:56.387	0.56456	0.56513			6
2024.12.24	00:14:00.014	0.56456				2
2024.12.24	00:14:16.947	0.56457				2
2024.12.24	00:14:28.131		0.56512			4
2024.12.24	00:14:31.458		0.56513			4
2024.12.24	00:14:43.245	0.56451				2
2024.12.24	00:14:47.529	0.56455				2
2024.12.24	00:14:47.832	0.56454	0.56515			6
2024.12.24	00:14:51.985	0.56455				2
2024.12.24	00:15:00.308	0.56455				2
2024.12.24	00:15:02.507	0.56456				2
2024.12.24	00:15:02.976	0.56455				2
2024.12.24	00:15:09.194		0.56514			4
2024.12.24	00:15:21.890	0.56457				2
2024.12.24	00:15:24.309		0.56515			4
2024.12.24	00:15:52.085	0.56458	0.56514			6
2024.12.24	00:16:00.282	0.56458				2
2024.12.24	00:16:00.583		0.56515			4
2024.12.24	00:16:07.721	0.56459	0.56517			6
2024.12.24	00:16:08.044	0.56451				2
2024.12.24	00:16:08.647	0.56449	0.56514			6
2024.12.24	00:16:08.952		0.56515			4
2024.12.24	00:16:21.771		0.56514			4
2024.12.24	00:16:29.352	0.56447				2
2024.12.24	00:16:39.027	0.56449				2
2024.12.24	00:16:39.329	0.56451				2
2024.12.24	00:16:41.796	0.56456				2
2024.12.24	00:16:52.983	0.56457				2
2024.12.24	00:16:56.661	0.56458				2
2024.12.24	00:16:57.870		0.56515			4
2024.12.24	00:16:58.872	0.56457				2
2024.12.24	00:17:01.007	0.56457				2
2024.12.24	00:17:07.039		0.56514			4
2024.12.24	00:17:08.551		0.56513			4
2024.12.24	00:17:17.016	0.56454				2
2024.12.24	00:17:21.853		0.56515			4
2024.12.24	00:17:22.498		0.56514			4
2024.12.24	00:17:32.233	0.56457				2
2024.12.24	00:17:33.139	0.56458	0.56516			6
2024.12.24	00:17:34.348	0.56459				2
2024.12.24	00:17:36.160	0.56457				2
2024.12.24	00:17:38.277	0.56461				2
2024.12.24	00:17:40.696		0.56517			4
2024.12.24	00:17:48.253	0.56460				2
2024.12.24	00:18:00.043	0.56460				2
2024.12.24	00:18:03.368	0.56461				2
2024.12.24	00:18:06.088		0.56516			4
2024.12.24	00:18:22.716		0.56524			4
2024.12.24	00:18:24.531		0.56525			4
2024.12.24	00:18:25.132		0.56526			4
2024.12.24	00:19:00.249	0.56461				2
2024.12.24	00:19:25.341		0.56526			4
2024.12.24	00:19:39.247		0.56525			4
2024.12.24	00:19:39.550		0.56526			4
2024.12.24	00:19:41.061		0.56524			4
2024.12.24	00:19:46.201	0.56460				2
2024.12.24	00:19:47.108	0.56461				2
2024.12.24	00:19:56.177		0.56523			4
2024.12.24	00:19:57.082	0.56460				2
2024.12.24	00:19:58.291	0.56461	0.56524			6
2024.12.24	00:19:59.500		0.56523			4
2024.12.24	00:20:00.107	0.56461				2
2024.12.24	00:20:00.409		0.56525			4
2024.12.24	00:20:01.922		0.56524			4
2024.12.24	00:20:08.572		0.56523			4
2024.12.24	00:20:09.480		0.56524			4
2024.12.24	00:20:12.503		0.56523			4
2024.12.24	00:20:28.405	0.56459	0.56522			6
2024.12.24	00:20:31.144		0.56519			4
2024.12.24	00:20:31.765	0.56456	0.56516			6
2024.12.24	00:21:02.955	0.56456				2
2024.12.24	00:21:31.766		0.56516			4
2024.12.24	00:22:02.678	0.56456				2
2024.12.24	00:22:31.806		0.56516			4
2024.12.24	00:23:07.774	0.56456				2
2024.12.24	00:23:34.742	0.56462	0.56516			6
2024.12.24	00:23:35.044	0.56456				2
2024.12.24	00:23:35.396	0.56462				2
2024.12.24	00:23:35.698	0.56456				2
2024.12.24	00:23:36.101	0.56462				2
2024.12.24	00:23:36.404	0.56456				2
2024.12.24	00:23:36.807	0.56462				2
2024.12.24	00:23:37.108	0.56456				2
2024.12.24	00:23:37.512	0.56462				2
2024.12.24	00:23:37.814	0.56456				2
2024.12.24	00:23:38.218	0.56462				2
2024.12.24	00:23:38.521	0.56456				2
2024.12.24	00:24:00.316	0.56456				2
2024.12.24	00:24:33.792		0.56517			4
2024.12.24	00:24:34.487	0.56457				2
2024.12.24	00:24:43.026	0.56454	0.56516			6
2024.12.24	00:24:55.757	0.56451	0.56515			6
2024.12.24	00:25:00.292	0.56451				2
2024.12.24	00:25:05.438	0.56450	0.56514			6
2024.12.24	00:25:06.347		0.56513			4
2024.12.24	00:25:12.694		0.56512			4
2024.12.24	00:25:16.623	0.56447				2
2024.12.24	00:25:16.927		0.56513			4
2024.12.24	00:25:19.396		0.56512			4
2024.12.24	00:25:21.309		0.56511			4
2024.12.24	00:25:21.951	0.56448				2
2024.12.24	00:25:23.713		0.56510			4
2024.12.24	00:25:26.491		0.56509			4
2024.12.24	00:25:27.696		0.56508			4
2024.12.24	00:25:52.008	0.56447				2
2024.12.24	00:26:03.795	0.56448				2
2024.12.24	00:26:04.860	0.56447				2
2024.12.24	00:26:31.376		0.56508			4
2024.12.24	00:26:32.804	0.56448				2
2024.12.24	00:26:45.976	0.56447	0.56506			6
2024.12.24	00:27:01.399	0.56447				2
2024.12.24	00:27:40.389	0.56448				2
2024.12.24	00:27:49.213		0.56506			4
2024.12.24	00:28:01.293	0.56448				2
2024.12.24	00:28:49.444		0.56506			4
2024.12.24	00:29:04.427	0.56448				2
2024.12.24	00:29:50.395		0.56506			4
2024.12.24	00:30:00.144	0.56448				2
2024.12.24	00:30:00.458	0.56447				2
2024.12.24	00:30:13.540	0.56448	0.56507			6
2024.12.24	00:30:14.040	0.56449				2
2024.12.24	00:30:23.302	0.56448				2
2024.12.24	00:30:26.362	0.56445	0.56504			6
2024.12.24	00:30:31.126	0.56444				2
2024.12.24	00:30:34.093	0.56445				2
2024.12.24	00:30:34.659	0.56446	0.56501			6
2024.12.24	00:30:35.040		0.56504			4
2024.12.24	00:30:35.635		0.56502			4
2024.12.24	00:30:36.032		0.56501			4
2024.12.24	00:30:39.402		0.56500			4
2024.12.24	00:30:45.394		0.56501			4
2024.12.24	00:30:49.311	0.56445				2
2024.12.24	00:30:56.870	0.56446				2
2024.12.24	00:31:01.430	0.56446				2
2024.12.24	00:31:07.523	0.56445	0.56498			6
2024.12.24	00:31:18.324	0.56444				2
2024.12.24	00:31:23.097	0.56443				2
2024.12.24	00:31:26.205	0.56442				2
2024.12.24	00:31:32.858	0.56441				2
2024.12.24	00:32:00.792	0.56440				2
2024.12.24	00:32:08.892	0.56441	0.56498			6
2024.12.24	00:32:49.696	0.56442				2
2024.12.24	00:32:55.227	0.56457				2
2024.12.24	00:32:56.672	0.56442				2
2024.12.24	00:32:56.990	0.56457				2
2024.12.24	00:32:57.900	0.56442				2
2024.12.24	00:33:00.381	0.56442				2
2024.12.24	00:33:11.294		0.56498			4
2024.12.24	00:33:52.389	0.56443				2
2024.12.24	00:34:03.786	0.56443				2
2024.12.24	00:34:11.321		0.56498			4
2024.12.24	00:34:12.786	0.56444				2
2024.12.24	00:34:36.491	0.56443				2
2024.12.24	00:35:00.491	0.56444				2
2024.12.24	00:35:03.577	0.56439				2
2024.12.24	00:35:06.320	0.56440				2
2024.12.24	00:35:12.796	0.56441	0.56498			6
2024.12.24	00:35:23.512	0.56442				2
2024.12.24	00:35:26.950	0.56443				2
2024.12.24	00:35:30.391		0.56499			4
2024.12.24	00:35:32.434	0.56444				2
2024.12.24	00:35:36.017	0.56441				2
2024.12.24	00:35:43.884	0.56457				2
2024.12.24	00:35:45.550	0.56441				2
2024.12.24	00:35:50.541	0.56442				2
2024.12.24	00:35:51.389	0.56441				2
2024.12.24	00:35:55.996	0.56442				2
2024.12.24	00:36:00.320	0.56442				2
2024.12.24	00:36:05.555	0.56441				2
2024.12.24	00:36:10.097	0.56442				2
2024.12.24	00:36:31.277	0.56441	0.56499			6
2024.12.24	00:36:33.322	0.56442				2
2024.12.24	00:36:35.890	0.56441				2
2024.12.24	00:36:37.138	0.56442				2
2024.12.24	00:36:43.224	0.56441				2
2024.12.24	00:36:44.349	0.56442				2
2024.12.24	00:36:57.475	0.56444				2
2024.12.24	00:37:00.190	0.56444				2
2024.12.24	00:37:02.823	0.56445				2
2024.12.24	00:37:05.552	0.56443				2
2024.12.24	00:37:05.899	0.56454				2
2024.12.24	00:37:06.268	0.56442				2
2024.12.24	00:37:06.569	0.56454				2
2024.12.24	00:37:06.877	0.56442				2
2024.12.24	00:37:07.640	0.56454				2
2024.12.24	00:37:08.108	0.56442				2
2024.12.24	00:37:08.428	0.56454				2
2024.12.24	00:37:08.743	0.56442				2
2024.12.24	00:37:09.057	0.56454				2
2024.12.24	00:37:09.376	0.56442				2
2024.12.24	00:37:16.668	0.56445	0.56502			6
2024.12.24	00:37:16.998	0.56446				2
2024.12.24	00:37:22.691	0.56447				2
2024.12.24	00:37:27.032	0.56468	0.56504			6
2024.12.24	00:37:27.367		0.56505			4
2024.12.24	00:37:33.459		0.56506			4
2024.12.24	00:37:53.865		0.56504			4
2024.12.24	00:37:54.308		0.56505			4
2024.12.24	00:38:09.503	0.56468				2
2024.12.24	00:38:44.121	0.56449				2
2024.12.24	00:38:49.842	0.56450				2
2024.12.24	00:38:50.199		0.56506			4
2024.12.24	00:38:54.085	0.56451				2
2024.12.24	00:38:54.858		0.56505			4
2024.12.24	00:38:55.183	0.56450	0.56506			6
2024.12.24	00:38:55.519	0.56447	0.56504			6
2024.12.24	00:38:55.828	0.56448	0.56505			6
2024.12.24	00:39:01.023	0.56448				2
2024.12.24	00:39:06.355	0.56449				2
2024.12.24	00:39:07.993	0.56450				2
2024.12.24	00:39:12.798		0.56506			4
2024.12.24	00:39:24.941	0.56449	0.56505			6
2024.12.24	00:39:25.670		0.56504			4
2024.12.24	00:39:26.820		0.56505			4
2024.12.24	00:39:30.621		0.56504			4
2024.12.24	00:39:31.687		0.56503			4
2024.12.24	00:39:34.988	0.56448	0.56500			6
2024.12.24	00:39:36.863	0.56447				2
2024.12.24	00:39:44.591	0.56446				2
2024.12.24	00:40:00.320	0.56446				2
2024.12.24	00:40:35.006		0.56499			4
2024.12.24	00:40:36.866	0.56445	0.56498			6
2024.12.24	00:40:49.687	0.56446				2
2024.12.24	00:40:59.909	0.56445				2
2024.12.24	00:41:00.354	0.56445				2
2024.12.24	00:41:04.396	0.56446				2
2024.12.24	00:41:14.898	0.56447				2
2024.12.24	00:41:28.853	0.56443	0.56502			6
2024.12.24	00:41:30.861	0.56447	0.56498			6
2024.12.24	00:41:40.395	0.56448				2
2024.12.24	00:41:51.162	0.56447				2
2024.12.24	00:41:52.834	0.56446				2
2024.12.24	00:41:54.782	0.56445				2
2024.12.24	00:42:01.291	0.56445				2
2024.12.24	00:42:01.814	0.56444				2
2024.12.24	00:42:09.684	0.56445				2
2024.12.24	00:42:17.413	0.56443				2
2024.12.24	00:42:19.077	0.56444				2
2024.12.24	00:42:26.284	0.56445				2
2024.12.24	00:42:27.347	0.56441	0.56494			6
2024.12.24	00:42:28.223		0.56493			4
2024.12.24	00:42:28.544	0.56440	0.56492			6
2024.12.24	00:42:28.992	0.56439	0.56491			6
2024.12.24	00:42:39.823	0.56440	0.56493			6
2024.12.24	00:42:43.697		0.56494			4
2024.12.24	00:42:45.370		0.56493			4
2024.12.24	00:42:46.090		0.56492			4
2024.12.24	00:42:53.978	0.56438	0.56490			6
2024.12.24	00:42:58.922		0.56491			4
2024.12.24	00:43:01.311	0.56439				2
2024.12.24	00:43:13.000		0.56492			4
2024.12.24	00:43:18.499		0.56491			4
2024.12.24	00:43:28.608	0.56437	0.56489			6
2024.12.24	00:43:29.683		0.56488			4
2024.12.24	00:43:33.395	0.56436				2
2024.12.24	00:43:38.294	0.56437				2
2024.12.24	00:43:43.486	0.56436				2
2024.12.24	00:43:56.715	0.56438	0.56489			6
2024.12.24	00:43:58.013	0.56440	0.56492			6
2024.12.24	00:43:58.354	0.56439	0.56490			6
2024.12.24	00:44:00.850	0.56439				2
2024.12.24	00:44:23.893		0.56491			4
2024.12.24	00:44:25.699	0.56440				2
2024.12.24	00:44:29.978	0.56439	0.56490			6
2024.12.24	00:44:31.424	0.56445	0.56495			6
2024.12.24	00:44:33.158	0.56444				2
2024.12.24	00:44:34.006	0.56448	0.56498			6
2024.12.24	00:44:34.660	0.56443	0.56497			6
2024.12.24	00:44:36.603		0.56496			4
2024.12.24	00:44:37.356	0.56444				2
2024.12.24	00:44:38.528	0.56445				2
2024.12.24	00:44:40.934	0.56446				2
2024.12.24	00:44:41.674	0.56445	0.56497			6
2024.12.24	00:44:44.893	0.56443				2
2024.12.24	00:45:00.187	0.56443				2
2024.12.24	00:45:01.864	0.56441				2
2024.12.24	00:45:04.069	0.56443				2
2024.12.24	00:45:08.289	0.56458	0.56483			6
2024.12.24	00:45:17.109	0.56460	0.56484			6
2024.12.24	00:45:19.623	0.56461				2
2024.12.24	00:45:24.084	0.56462				2
2024.12.24	00:45:55.683	0.56463				2
2024.12.24	00:46:00.415	0.56463				2
2024.12.24	00:46:01.517	0.56462				2
2024.12.24	00:46:02.655	0.56460				2
2024.12.24	00:46:04.802	0.56461				2
2024.12.24	00:46:05.126	0.56462				2
2024.12.24	00:46:08.265	0.56463				2
2024.12.24	00:46:21.435		0.56484			4
2024.12.24	00:46:22.032	0.56462				2
2024.12.24	00:46:24.189	0.56461				2
2024.12.24	00:46:34.021	0.56462	0.56485			6
2024.12.24	00:46:42.666	0.56461				2
2024.12.24	00:46:43.868	0.56462				2
2024.12.24	00:47:00.315	0.56462				2
2024.12.24	00:47:01.858	0.56454	0.56491			6
2024.12.24	00:47:03.980	0.56463	0.56485			6
2024.12.24	00:47:11.508		0.56486			4
2024.12.24	00:47:18.850	0.56464				2
2024.12.24	00:47:19.166	0.56465				2
2024.12.24	00:47:20.038	0.56466	0.56488			6
2024.12.24	00:47:20.350	0.56465	0.56487			6
2024.12.24	00:47:22.165	0.56464				2
2024.12.24	00:47:24.361		0.56484			4
2024.12.24	00:47:25.621	0.56466	0.56488			6
2024.12.24	00:47:31.812	0.56467				2
2024.12.24	00:47:32.219		0.56489			4
2024.12.24	00:47:35.561	0.56468	0.56487			6
2024.12.24	00:47:35.925		0.56489			4
2024.12.24	00:47:37.637		0.56487			4
2024.12.24	00:47:40.820	0.56467				2
2024.12.24	00:47:41.176	0.56466				2
2024.12.24	00:47:44.047	0.56467	0.56489			6
2024.12.24	00:47:45.018	0.56469	0.56492			6
2024.12.24	00:47:45.681		0.56488			4
2024.12.24	00:47:56.106	0.56468	0.56489			6
2024.12.24	00:48:00.420	0.56469				2
2024.12.24	00:48:01.086	0.56468				2
2024.12.24	00:48:01.407	0.56467	0.56488			6
2024.12.24	00:48:02.051	0.56468				2
2024.12.24	00:48:02.920	0.56466	0.56487			6
2024.12.24	00:48:05.375	0.56462	0.56486			6
2024.12.24	00:48:05.739	0.56466				2
2024.12.24	00:48:07.079	0.56465				2
2024.12.24	00:48:07.410	0.56459	0.56483			6
2024.12.24	00:48:07.866	0.56463	0.56485			6
2024.12.24	00:48:08.612	0.56465				2
2024.12.24	00:48:15.763	0.56466	0.56488			6
2024.12.24	00:48:16.907	0.56467	0.56489			6
2024.12.24	00:48:17.572	0.56468	0.56488			6
2024.12.24	00:48:19.753	0.56467				2
2024.12.24	00:48:21.780	0.56466				2
2024.12.24	00:48:22.894	0.56467				2
2024.12.24	00:48:25.794		0.56489			4
2024.12.24	00:48:26.126		0.56487			4
2024.12.24	00:48:30.423	0.56466				2
2024.12.24	00:48:48.131	0.56469	0.56489			6
2024.12.24	00:48:48.491		0.56488			4
2024.12.24	00:48:49.167	0.56468	0.56487			6
2024.12.24	00:48:51.546	0.56467				2
2024.12.24	00:48:54.395	0.56468	0.56489			6
2024.12.24	00:48:55.870	0.56467	0.56487			6
2024.12.24	00:48:58.532		0.56489			4
2024.12.24	00:49:00.436	0.56467				2
2024.12.24	00:49:05.908	0.56468	0.56488			6
2024.12.24	00:49:06.354		0.56490			4
2024.12.24	00:49:09.123	0.56467	0.56489			6
2024.12.24	00:49:15.960	0.56469	0.56488			6
2024.12.24	00:49:20.270		0.56487			4
2024.12.24	00:49:20.724	0.56468				2
2024.12.24	00:49:22.713	0.56467				2
2024.12.24	00:49:25.986		0.56490			4
2024.12.24	00:49:26.295	0.56468	0.56488			6
2024.12.24	00:49:26.687		0.56491			4
2024.12.24	00:49:30.426	0.56469	0.56493			6
2024.12.24	00:49:31.835		0.56492			4
2024.12.24	00:49:54.080		0.56493			4
2024.12.24	00:50:01.289	0.56469				2
2024.12.24	00:50:02.635	0.56470				2
2024.12.24	00:50:06.098	0.56469				2
2024.12.24	00:50:10.290	0.56470				2
2024.12.24	00:50:12.545	0.56471				2
2024.12.24	00:50:19.107	0.56470	0.56494			6
2024.12.24	00:50:25.392	0.56471	0.56493			6
2024.12.24	00:50:29.513	0.56472	0.56492			6
2024.12.24	00:50:30.871	0.56471	0.56493			6
2024.12.24	00:50:31.194	0.56469	0.56492			6
2024.12.24	00:50:31.541	0.56471	0.56493			6
2024.12.24	00:50:36.305	0.56472	0.56492			6
2024.12.24	00:50:38.884	0.56470				2
2024.12.24	00:50:39.281	0.56472				2
2024.12.24	00:50:41.806	0.56469				2
2024.12.24	00:50:42.195	0.56472				2
2024.12.24	00:50:51.297	0.56470				2
2024.12.24	00:50:51.727	0.56472				2
2024.12.24	00:50:53.283	0.56470				2
2024.12.24	00:50:56.656	0.56472				2
2024.12.24	00:50:57.766	0.56470	0.56493			6
2024.12.24	00:51:00.793	0.56470	0.56492			6
2024.12.24	00:51:29.559	0.56469	0.56491			6
2024.12.24	00:51:29.919	0.56468	0.56490			6
2024.12.24	00:51:36.587	0.56469	0.56491			6
2024.12.24	00:51:38.535		0.56490			4
2024.12.24	00:51:39.150		0.56492			4
2024.12.24	00:51:48.206		0.56491			4
2024.12.24	00:51:49.375	0.56468	0.56490			6
2024.12.24	00:51:50.143		0.56491			4
2024.12.24	00:51:51.804	0.56469				2
2024.12.24	00:52:01.810	0.56469				2
2024.12.24	00:52:02.923		0.56492			4
2024.12.24	00:52:06.416		0.56491			4
2024.12.24	00:52:06.835	0.56471	0.56493			6
2024.12.24	00:52:09.429	0.56472	0.56492			6
2024.12.24	00:52:13.566	0.56469				2
2024.12.24	00:52:15.019	0.56468	0.56491			6
2024.12.24	00:52:15.551	0.56472	0.56490			6
2024.12.24	00:52:15.856	0.56469	0.56492			6
2024.12.24	00:52:16.462		0.56491			4
2024.12.24	00:52:18.503	0.56471	0.56493			6
2024.12.24	00:52:18.856	0.56468	0.56491			6
2024.12.24	00:52:21.112	0.56472	0.56492			6
2024.12.24	00:52:24.383	0.56469				2
2024.12.24	00:52:24.691	0.56471	0.56493			6
2024.12.24	00:52:26.758	0.56468	0.56491			6
2024.12.24	00:52:31.768	0.56469	0.56492			6
2024.12.24	00:52:36.779	0.56471	0.56493			6
2024.12.24	00:52:37.630	0.56470	0.56494			6
2024.12.24	00:52:46.397	0.56469	0.56493			6
2024.12.24	00:52:46.698		0.56494			4
2024.12.24	00:52:47.003	0.56471	0.56493			6
2024.12.24	00:52:47.308	0.56468				2
2024.12.24	00:52:47.617	0.56471				2
2024.12.24	00:52:52.203	0.56470	0.56495			6
2024.12.24	00:52:56.861	0.56471	0.56493			6
2024.12.24	00:53:01.395	0.56471				2
2024.12.24	00:53:03.251	0.56469	0.56495			6
2024.12.24	00:53:03.789	0.56470	0.56494			6
2024.12.24	00:53:06.796	0.56469	0.56496			6
2024.12.24	00:53:07.430	0.56471	0.56498			6
2024.12.24	00:53:09.087	0.56470	0.56496			6
2024.12.24	00:53:09.435		0.56497			4
2024.12.24	00:53:11.774	0.56469	0.56496			6
2024.12.24	00:53:12.142	0.56470	0.56497			6
2024.12.24	00:53:12.465	0.56469	0.56495			6
2024.12.24	00:53:12.786	0.56470	0.56497			6
2024.12.24	00:53:16.862	0.56471	0.56498			6
2024.12.24	00:53:17.967	0.56469	0.56495			6
2024.12.24	00:53:22.362	0.56470	0.56494			6
2024.12.24	00:53:23.595	0.56468	0.56495			6
2024.12.24	00:53:24.069	0.56470	0.56494			6
2024.12.24	00:53:26.961	0.56469	0.56495			6
2024.12.24	00:53:27.277	0.56468	0.56494			6
2024.12.24	00:53:29.896	0.56467	0.56493			6
2024.12.24	00:53:35.310	0.56470	0.56494			6
2024.12.24	00:53:35.860	0.56469	0.56495			6
2024.12.24	00:53:39.127	0.56470	0.56496			6
2024.12.24	00:53:44.301	0.56469	0.56495			6
2024.12.24	00:53:45.608	0.56470	0.56494			6
2024.12.24	00:53:48.461	0.56468	0.56495			6
2024.12.24	00:54:00.840	0.56470	0.56494			6
2024.12.24	00:54:01.610	0.56469	0.56495			6
2024.12.24	00:54:07.109	0.56468	0.56494			6
2024.12.24	00:54:08.341	0.56470				2
2024.12.24	00:54:11.940	0.56469	0.56495			6
2024.12.24	00:54:13.884	0.56470	0.56494			6
2024.12.24	00:54:14.594	0.56468				2
2024.12.24	00:54:17.139		0.56493			4
2024.12.24	00:54:18.211	0.56469	0.56495			6
2024.12.24	00:54:22.390	0.56470	0.56494			6
2024.12.24	00:54:29.051	0.56469				2
2024.12.24	00:54:29.415	0.56466	0.56492			6
2024.12.24	00:54:29.751	0.56465	0.56491			6
2024.12.24	00:54:30.106	0.56467	0.56493			6
2024.12.24	00:54:32.040	0.56466	0.56492			6
2024.12.24	00:54:32.682	0.56468	0.56494			6
2024.12.24	00:54:34.669	0.56469				2
2024.12.24	00:54:37.299	0.56468				2
2024.12.24	00:54:40.359	0.56467				2
2024.12.24	00:54:47.888		0.56493			4
2024.12.24	00:55:00.402	0.56454	0.56480			6
2024.12.24	00:55:01.613	0.56451	0.56473			6
2024.12.24	00:55:04.426	0.56447	0.56472			6
2024.12.24	00:55:08.357		0.56471			4
2024.12.24	00:55:09.043		0.56472			4
2024.12.24	00:55:11.707	0.56461	0.56485			6
2024.12.24	00:55:12.020	0.56459	0.56486			6
2024.12.24	00:55:12.326		0.56484			4
2024.12.24	00:55:12.822	0.56456	0.56481			6
2024.12.24	00:55:14.080	0.56465	0.56489			6
2024.12.24	00:55:14.391	0.56462	0.56488			6
2024.12.24	00:55:16.866	0.56464	0.56489			6
2024.12.24	00:55:17.668	0.56458	0.56483			6
2024.12.24	00:55:18.016		0.56482			4
2024.12.24	00:55:18.437	0.56456				2
2024.12.24	00:55:21.780	0.56457				2
2024.12.24	00:55:23.122	0.56444	0.56468			6
2024.12.24	00:55:28.475		0.56469			4
2024.12.24	00:55:33.153	0.56466	0.56480			6
2024.12.24	00:55:33.462		0.56488			4
2024.12.24	00:55:33.762	0.56449	0.56479			6
2024.12.24	00:55:34.077		0.56490			4
2024.12.24	00:55:35.018	0.56451				2
2024.12.24	00:55:35.320	0.56454				2
2024.12.24	00:55:35.623	0.56455	0.56489			6
2024.12.24	00:55:37.135	0.56456				2
2024.12.24	00:55:37.436		0.56488			4
2024.12.24	00:55:38.039	0.56457				2
2024.12.24	00:55:38.341	0.56459	0.56490			6
2024.12.24	00:55:38.997	0.56455	0.56482			6
2024.12.24	00:55:39.321	0.56453	0.56479			6
2024.12.24	00:55:44.517	0.56447	0.56473			6
2024.12.24	00:55:47.529	0.56445	0.56472			6
2024.12.24	00:55:54.637	0.56452	0.56479			6
2024.12.24	00:55:54.947	0.56463	0.56489			6
2024.12.24	00:55:55.255	0.56464	0.56490			6
2024.12.24	00:55:58.076	0.56458	0.56485			6
2024.12.24	00:56:00.197	0.56457	0.56484			6
2024.12.24	00:56:00.542		0.56479			4
2024.12.24	00:56:02.808	0.56458				2
2024.12.24	00:56:03.421	0.56450	0.56475			6
2024.12.24	00:56:07.390	0.56449				2
2024.12.24	00:56:08.172	0.56448	0.56474			6
2024.12.24	00:56:08.775	0.56447	0.56472			6
2024.12.24	00:56:13.737	0.56450	0.56473			6
2024.12.24	00:56:14.130	0.56449	0.56474			6
2024.12.24	00:56:14.461	0.56451	0.56477			6
2024.12.24	00:56:16.569	0.56455	0.56481			6
2024.12.24	00:56:18.267	0.56448	0.56474			6
2024.12.24	00:56:19.507	0.56447	0.56473			6
2024.12.24	00:56:23.431		0.56472			4
2024.12.24	00:56:28.367	0.56450	0.56475			6
2024.12.24	00:56:29.179	0.56446	0.56471			6
2024.12.24	00:56:31.389	0.56445				2
2024.12.24	00:56:31.737	0.56446	0.56472			6
2024.12.24	00:56:34.627	0.56444	0.56464			6
2024.12.24	00:56:38.571		0.56469			4
2024.12.24	00:56:39.288		0.56466			4
2024.12.24	00:56:50.080	0.56448	0.56472			6
2024.12.24	00:56:54.837	0.56449	0.56474			6
2024.12.24	00:56:56.150		0.56473			4
2024.12.24	00:57:00.402	0.56449				2
2024.12.24	00:57:01.290	0.56447	0.56470			6
2024.12.24	00:57:01.611	0.56449	0.56472			6
2024.12.24	00:57:01.934		0.56473			4
2024.12.24	00:57:05.035	0.56447	0.56468			6
2024.12.24	00:57:05.370		0.56469			4
2024.12.24	00:57:06.244	0.56444	0.56468			6
2024.12.24	00:57:07.806	0.56449	0.56469			6
2024.12.24	00:57:13.243		0.56470			4
2024.12.24	00:57:14.936		0.56467			4
2024.12.24	00:57:18.794		0.56466			4
2024.12.24	00:57:25.090		0.56467			4
2024.12.24	00:57:35.431		0.56466			4
2024.12.24	00:57:36.164		0.56465			4
2024.12.24	00:57:38.559		0.56462			4
2024.12.24	00:57:41.601		0.56461			4
2024.12.24	00:57:44.152		0.56462			4
2024.12.24	00:57:45.545		0.56457			4
2024.12.24	00:57:46.162		0.56456			4
2024.12.24	00:57:48.674		0.56458			4
2024.12.24	00:57:51.961		0.56460			4
2024.12.24	00:57:52.264		0.56457			4
2024.12.24	00:57:54.124	0.56450	0.56468			6
2024.12.24	00:57:54.432	0.56451	0.56469			6
2024.12.24	00:57:54.742	0.56453	0.56471			6
2024.12.24	00:57:55.940	0.56455	0.56472			6
2024.12.24	00:57:57.085		0.56473			4
2024.12.24	00:57:59.194	0.56454	0.56472			6
2024.12.24	00:57:59.501	0.56451	0.56471			6
2024.12.24	00:58:00.182	0.56450	0.56470			6
2024.12.24	00:58:02.117		0.56468			4
2024.12.24	00:58:04.824	0.56449	0.56462			6
2024.12.24	00:58:08.938		0.56460			4
2024.12.24	00:58:09.318		0.56458			4
2024.12.24	00:58:09.953		0.56461			4
2024.12.24	00:58:10.594		0.56462			4
2024.12.24	00:58:11.922		0.56461			4
2024.12.24	00:58:14.921		0.56470			4
2024.12.24	00:58:15.239	0.56453	0.56471			6
2024.12.24	00:58:15.603	0.56449	0.56467			6
2024.12.24	00:58:19.068		0.56466			4
2024.12.24	00:58:20.588		0.56467			4
2024.12.24	00:58:20.982		0.56466			4
2024.12.24	00:58:21.289		0.56467			4
2024.12.24	00:58:25.732	0.56453	0.56471			6
2024.12.24	00:58:26.063	0.56455	0.56474			6
2024.12.24	00:58:26.365	0.56449	0.56461			6
2024.12.24	00:58:29.018		0.56460			4
2024.12.24	00:58:29.436		0.56458			4
2024.12.24	00:58:30.393		0.56459			4
2024.12.24	00:58:31.799		0.56461			4
2024.12.24	00:58:32.357		0.56459			4
2024.12.24	00:58:34.075		0.56457			4
2024.12.24	00:58:37.091	0.56450	0.56468			6
2024.12.24	00:58:37.408	0.56445	0.56467			6
2024.12.24	00:58:37.713	0.56450	0.56469			6
2024.12.24	00:58:38.042	0.56444	0.56468			6
2024.12.24	00:58:38.367	0.56447	0.56469			6
2024.12.24	00:58:38.677	0.56444	0.56467			6
2024.12.24	00:58:40.148	0.56450	0.56469			6
2024.12.24	00:58:40.490	0.56445	0.56470			6
2024.12.24	00:58:40.802	0.56448	0.56469			6
2024.12.24	00:58:41.115	0.56441	0.56471			6
2024.12.24	00:58:41.550	0.56442	0.56472			6
2024.12.24	00:58:41.949	0.56444	0.56455			6
2024.12.24	00:58:42.252	0.56439				2
2024.12.24	00:58:42.570	0.56436				2
2024.12.24	00:58:42.881	0.56439				2
2024.12.24	00:58:47.847		0.56454			4
2024.12.24	00:58:48.171		0.56453			4
2024.12.24	00:58:49.281		0.56455			4
2024.12.24	00:59:00.169	0.56439				2
2024.12.24	00:59:17.881		0.56454			4
2024.12.24	00:59:19.543		0.56453			4
2024.12.24	00:59:22.390		0.56454			4
2024.12.24	00:59:22.867		0.56451			4
2024.12.24	00:59:25.498		0.56445			4
2024.12.24	00:59:26.021		0.56455			4
2024.12.24	00:59:27.642		0.56448			4
2024.12.24	00:59:28.143		0.56455			4
2024.12.24	00:59:32.821	0.56446	0.56460			6
2024.12.24	00:59:33.124	0.56436	0.56455			6
2024.12.24	00:59:33.438	0.56434				2
2024.12.24	00:59:36.220	0.56436				2
2024.12.24	00:59:37.351	0.56437				2
2024.12.24	00:59:37.665	0.56436				2
2024.12.24	00:59:38.246	0.56434	0.56453			6
2024.12.24	00:59:41.068	0.56435				2
2024.12.24	00:59:44.384	0.56441	0.56452			6
2024.12.24	00:59:48.352	0.56426	0.56445			6
2024.12.24	00:59:50.397		0.56443			4
2024.12.24	00:59:50.701		0.56444			4
2024.12.24	00:59:52.413	0.56423	0.56436			6
2024.12.24	00:59:57.140		0.56435			4
2024.12.24	00:59:57.452		0.56436			4
2024.12.24	00:59:57.809		0.56435			4
2024.12.24	01:00:00.309	0.56426	0.56432			6
2024.12.24	01:00:00.616		0.56433			4
2024.12.24	01:00:01.234		0.56434			4
2024.12.24	01:00:02.447	0.56423				2
2024.12.24	01:00:02.748	0.56425	0.56436			6
2024.12.24	01:00:03.355	0.56429	0.56440			6
2024.12.24	01:00:03.657	0.56436	0.56447			6
2024.12.24	01:00:04.263	0.56435	0.56446			6
2024.12.24	01:00:04.900	0.56434	0.56445			6
2024.12.24	01:00:05.204	0.56435				2
2024.12.24	01:00:05.810		0.56446			4
2024.12.24	01:00:06.413		0.56445			4
2024.12.24	01:00:07.627		0.56446			4
2024.12.24	01:00:07.929		0.56445			4
2024.12.24	01:00:08.534		0.56446			4
2024.12.24	01:00:08.838		0.56443			4
2024.12.24	01:00:10.047	0.56436				2
2024.12.24	01:00:10.350		0.56446			4
2024.12.24	01:00:12.168	0.56439	0.56453			6
2024.12.24	01:00:12.474	0.56445				2
2024.12.24	01:00:21.915	0.56444				2
2024.12.24	01:00:22.518		0.56454			4
2024.12.24	01:00:23.126	0.56445				2
2024.12.24	01:00:23.427		0.56456			4
2024.12.24	01:00:23.733	0.56440				2
2024.12.24	01:00:24.338	0.56441	0.56458			6
2024.12.24	01:00:27.647	0.56442				2
2024.12.24	01:00:28.684	0.56456	0.56462			6
2024.12.24	01:00:31.125	0.56455				2
2024.12.24	01:00:31.729	0.56456				2
2024.12.24	01:00:34.761	0.56455				2
2024.12.24	01:00:38.999	0.56454				2
2024.12.24	01:00:40.212	0.56456				2
2024.12.24	01:00:42.940	0.56457				2
2024.12.24	01:00:44.754	0.56456				2
2024.12.24	01:00:47.485	0.56457				2
2024.12.24	01:00:49.909	0.56456				2
2024.12.24	01:01:00.208	0.56453	0.56459			6
2024.12.24	01:01:03.237	0.56459	0.56463			6
2024.12.24	01:01:03.543	0.56464	0.56470			6
2024.12.24	01:01:03.870	0.56463	0.56469			6
2024.12.24	01:01:04.175		0.56470			4
2024.12.24	01:01:06.596	0.56460	0.56467			6
2024.12.24	01:01:09.321	0.56459	0.56466			6
2024.12.24	01:01:13.865	0.56457	0.56471			6
2024.12.24	01:01:14.391		0.56470			4
2024.12.24	01:01:16.638		0.56471			4
2024.12.24	01:01:17.477	0.56454				2
2024.12.24	01:01:22.708	0.56460	0.56467			6
2024.12.24	01:01:24.232		0.56466			4
2024.12.24	01:01:25.141	0.56458	0.56464			6
2024.12.24	01:01:26.381	0.56456	0.56462			6
2024.12.24	01:01:33.065	0.56457	0.56463			6
2024.12.24	01:01:34.914	0.56458	0.56464			6
2024.12.24	01:01:35.824	0.56459	0.56465			6
2024.12.24	01:01:41.272	0.56458	0.56464			6
2024.12.24	01:01:44.322	0.56459	0.56465			6
2024.12.24	01:01:52.938	0.56457	0.56463			6
2024.12.24	01:01:57.479	0.56456	0.56462			6
2024.12.24	01:01:59.603	0.56457	0.56463			6
2024.12.24	01:01:59.906	0.56458	0.56464			6
2024.12.24	01:02:00.208	0.56458				2
2024.12.24	01:02:00.511	0.56459	0.56465			6
2024.12.24	01:02:03.538	0.56458	0.56464			6
2024.12.24	01:02:04.751	0.56454	0.56460			6
2024.12.24	01:02:40.851	0.56451	0.56456			6
2024.12.24	01:02:46.001	0.56457	0.56462			6
2024.12.24	01:02:59.630		0.56461			4
2024.12.24	01:03:00.236	0.56457	0.56462			6
2024.12.24	01:03:00.539		0.56461			4
2024.12.24	01:03:01.143		0.56462			4
2024.12.24	01:03:16.899	0.56456				2
2024.12.24	01:03:26.591	0.56460	0.56465			6
2024.12.24	01:03:26.895	0.56463	0.56469			6
2024.12.24	01:03:39.315	0.56462	0.56468			6
2024.12.24	01:03:58.448	0.56465	0.56471			6
2024.12.24	01:04:00.264	0.56465				2
2024.12.24	01:04:58.471		0.56471			4
2024.12.24	01:05:00.290	0.56465				2
2024.12.24	01:05:04.277	0.56464	0.56469			6
2024.12.24	01:05:05.185	0.56463				2
2024.12.24	01:05:05.489	0.56464	0.56470			6
2024.12.24	01:05:15.188		0.56469			4
2024.12.24	01:05:59.055	0.56463	0.56468			6
2024.12.24	01:06:00.267	0.56463				2
2024.12.24	01:06:03.900	0.56459	0.56464			6
2024.12.24	01:06:04.556	0.56458	0.56463			6
2024.12.24	01:06:05.163		0.56464			4
2024.12.24	01:06:09.704	0.56456	0.56462			6
2024.12.24	01:06:15.159	0.56457	0.56463			6
2024.12.24	01:06:48.524	0.56458	0.56464			6
2024.12.24	01:07:00.031	0.56458				2
2024.12.24	01:07:22.144		0.56463			4
2024.12.24	01:07:35.168	0.56460	0.56465			6
2024.12.24	01:07:36.380	0.56459				2
2024.12.24	01:07:52.130	0.56460				2
2024.12.24	01:07:53.342		0.56466			4
2024.12.24	01:07:55.158	0.56459	0.56465			6
2024.12.24	01:08:00.004	0.56459				2
2024.12.24	01:08:00.309	0.56460				2
2024.12.24	01:08:55.337		0.56465			4
2024.12.24	01:09:00.185	0.56460				2
2024.12.24	01:09:18.106	0.56462	0.56467			6
2024.12.24	01:09:19.318		0.56468			4
2024.12.24	01:09:19.622	0.56453	0.56457			6
2024.12.24	01:09:26.254		0.56459			4
2024.12.24	01:09:31.355	0.56454	0.56461			6
2024.12.24	01:09:42.289	0.56455	0.56462			6
2024.12.24	01:09:45.921	0.56454	0.56461			6
2024.12.24	01:09:56.526	0.56459	0.56466			6
2024.12.24	01:10:00.159	0.56460	0.56467			6
2024.12.24	01:10:03.190	0.56461	0.56468			6
2024.12.24	01:10:05.005	0.56466				2
2024.12.24	01:10:05.311	0.56465	0.56472			6
2024.12.24	01:10:06.266	0.56464	0.56471			6
2024.12.24	01:10:06.571	0.56463	0.56470			6
2024.12.24	01:10:09.952	0.56462	0.56469			6
2024.12.24	01:10:20.251	0.56461	0.56468			6
2024.12.24	01:10:20.553	0.56462	0.56469			6
2024.12.24	01:10:29.687	0.56464	0.56471			6
2024.12.24	01:10:31.254	0.56463	0.56470			6
2024.12.24	01:10:33.980	0.56462	0.56469			6
2024.12.24	01:10:34.889	0.56464	0.56471			6
2024.12.24	01:10:36.482	0.56463	0.56470			6
2024.12.24	01:10:38.425	0.56464				2
2024.12.24	01:10:39.550	0.56463				2
2024.12.24	01:10:39.859	0.56464	0.56471			6
2024.12.24	01:10:56.297	0.56463	0.56470			6
2024.12.24	01:11:00.231	0.56463				2
2024.12.24	01:11:02.352	0.56464				2
2024.12.24	01:11:26.885	0.56465	0.56471			6
2024.12.24	01:11:38.396	0.56467	0.56473			6
2024.12.24	01:11:38.698	0.56466	0.56472			6
2024.12.24	01:11:44.151	0.56465	0.56471			6
2024.12.24	01:11:45.059	0.56466	0.56472			6
2024.12.24	01:11:47.481	0.56465	0.56471			6
2024.12.24	01:12:00.203	0.56465				2
2024.12.24	01:12:27.462	0.56466	0.56472			6
2024.12.24	01:12:28.118		0.56471			4
2024.12.24	01:12:29.633	0.56465				2
2024.12.24	01:12:30.545	0.56466				2
2024.12.24	01:12:37.207	0.56465				2
2024.12.24	01:12:58.106	0.56466	0.56472			6
2024.12.24	01:13:00.225	0.56466				2
2024.12.24	01:13:09.011	0.56467	0.56473			6
2024.12.24	01:13:13.657	0.56466	0.56472			6
2024.12.24	01:13:48.286	0.56465	0.56471			6
2024.12.24	01:13:55.253	0.56466				2
2024.12.24	01:13:55.858	0.56468				2
2024.12.24	01:13:56.161	0.56469	0.56474			6
2024.12.24	01:13:57.373		0.56475			4
2024.12.24	01:13:58.281	0.56470	0.56476			6
2024.12.24	01:14:00.098	0.56470				2
2024.12.24	01:14:07.419	0.56471	0.56477			6
2024.12.24	01:14:56.286	0.56477	0.56478			6
2024.12.24	01:14:56.591	0.56475	0.56481			6
2024.12.24	01:14:57.199		0.56482			4
2024.12.24	01:15:00.230	0.56475				2
2024.12.24	01:15:08.149	0.56474	0.56480			6
2024.12.24	01:15:09.427		0.56481			4
2024.12.24	01:15:10.467	0.56475	0.56482			6
2024.12.24	01:15:10.777	0.56476				2
2024.12.24	01:15:16.688	0.56477	0.56483			6
2024.12.24	01:15:19.985	0.56476	0.56482			6
2024.12.24	01:15:21.274	0.56475				2
2024.12.24	01:15:23.850		0.56481			4
2024.12.24	01:15:26.361	0.56474				2
2024.12.24	01:15:27.364	0.56475				2
2024.12.24	01:15:51.789	0.56476				2
2024.12.24	01:15:52.093	0.56477	0.56483			6
2024.12.24	01:15:53.605	0.56476	0.56482			6
2024.12.24	01:15:58.146	0.56477	0.56483			6
2024.12.24	01:16:00.269	0.56477				2
2024.12.24	01:16:04.507	0.56479	0.56485			6
2024.12.24	01:16:04.807	0.56480	0.56486			6
2024.12.24	01:16:05.412	0.56479				2
2024.12.24	01:16:10.063	0.56478	0.56485			6
2024.12.24	01:16:11.376	0.56479				2
2024.12.24	01:17:05.721	0.56478	0.56484			6
2024.12.24	01:17:29.687		0.56483			4
2024.12.24	01:17:35.784	0.56477				2
2024.12.24	01:18:00.082	0.56477				2
2024.12.24	01:18:08.243	0.56476	0.56482			6
2024.12.24	01:18:14.295	0.56477				2
2024.12.24	01:18:27.350	0.56476	0.56481			6
2024.12.24	01:18:28.256		0.56482			4
2024.12.24	01:18:30.978	0.56475	0.56481			6
2024.12.24	01:18:40.659	0.56476	0.56482			6
2024.12.24	01:18:47.010	0.56475	0.56481			6
2024.12.24	01:18:57.596	0.56476	0.56482			6
2024.12.24	01:19:00.017	0.56476				2
2024.12.24	01:19:06.469	0.56475	0.56481			6
2024.12.24	01:19:08.637	0.56476	0.56482			6
2024.12.24	01:19:10.149	0.56475	0.56481			6
2024.12.24	01:19:13.172	0.56476				2
2024.12.24	01:19:16.197	0.56475				2
2024.12.24	01:19:24.115	0.56476	0.56482			6
2024.12.24	01:19:27.740	0.56475	0.56481			6
2024.12.24	01:19:34.399	0.56476	0.56482			6
2024.12.24	01:19:34.700	0.56477	0.56483			6
2024.12.24	01:19:37.119	0.56476	0.56482			6
2024.12.24	01:19:37.727	0.56477	0.56483			6
2024.12.24	01:19:38.030	0.56476	0.56482			6
2024.12.24	01:19:38.632	0.56475	0.56481			6
2024.12.24	01:19:39.842	0.56476	0.56482			6
2024.12.24	01:19:41.102	0.56477	0.56483			6
2024.12.24	01:19:41.707	0.56476	0.56482			6
2024.12.24	01:19:42.009	0.56477	0.56483			6
2024.12.24	01:19:43.926	0.56478	0.56484			6
2024.12.24	01:19:52.260	0.56479	0.56485			6
2024.12.24	01:19:52.565		0.56484			4
2024.12.24	01:19:56.562	0.56480	0.56486			6
2024.12.24	01:19:59.442		0.56485			4
2024.12.24	01:19:59.753	0.56479				2
2024.12.24	01:20:00.115	0.56475	0.56481			6
2024.12.24	01:20:00.459		0.56480			4
2024.12.24	01:20:03.734		0.56481			4
2024.12.24	01:20:20.090	0.56476	0.56482			6
2024.12.24	01:20:25.417	0.56477				2
2024.12.24	01:20:27.162	0.56476				2
2024.12.24	01:20:36.793	0.56477	0.56483			6
2024.12.24	01:21:00.457	0.56477				2
2024.12.24	01:21:02.165	0.56476	0.56482			6
2024.12.24	01:21:33.003		0.56481			4
2024.12.24	01:21:42.167	0.56475				2
2024.12.24	01:21:52.743	0.56477	0.56483			6
2024.12.24	01:21:53.992	0.56478				2
2024.12.24	01:21:54.957	0.56480	0.56486			6
2024.12.24	01:22:00.374	0.56480				2
2024.12.24	01:22:04.360	0.56479	0.56484			6
2024.12.24	01:22:06.958	0.56477	0.56483			6
2024.12.24	01:22:09.673	0.56478				2
2024.12.24	01:22:49.256	0.56477				2
2024.12.24	01:22:57.213	0.56478				2
2024.12.24	01:23:00.286	0.56478				2
2024.12.24	01:23:00.890	0.56477	0.56482			6
2024.12.24	01:23:10.861	0.56476				2
2024.12.24	01:23:16.504	0.56477				2
2024.12.24	01:23:20.178	0.56476				2
2024.12.24	01:23:28.645	0.56477				2
2024.12.24	01:23:32.971	0.56476				2
2024.12.24	01:23:36.246	0.56479				2
2024.12.24	01:23:36.548	0.56484	0.56490			6
2024.12.24	01:23:38.410		0.56491			4
2024.12.24	01:23:48.981	0.56485				2
2024.12.24	01:24:00.761	0.56485				2
2024.12.24	01:24:41.292		0.56491			4
2024.12.24	01:24:56.589	0.56489	0.56495			6
2024.12.24	01:24:56.920		0.56496			4
2024.12.24	01:25:00.693	0.56489				2
2024.12.24	01:25:05.421	0.56490				2
2024.12.24	01:25:15.832	0.56494	0.56499			6
2024.12.24	01:25:17.906	0.56498	0.56505			6
2024.12.24	01:25:21.943		0.56503			4
2024.12.24	01:25:22.277	0.56499	0.56504			6
2024.12.24	01:25:29.505	0.56490	0.56496			6
2024.12.24	01:25:29.810	0.56489	0.56495			6
2024.12.24	01:25:30.139	0.56488	0.56494			6
2024.12.24	01:25:37.135		0.56492			4
2024.12.24	01:25:37.483	0.56487				2
2024.12.24	01:25:38.390	0.56488	0.56494			6
2024.12.24	01:25:44.959	0.56486	0.56492			6
2024.12.24	01:25:48.378	0.56487	0.56493			6
2024.12.24	01:25:51.648	0.56490	0.56495			6
2024.12.24	01:25:55.937	0.56488	0.56494			6
2024.12.24	01:25:58.432	0.56487	0.56492			6
2024.12.24	01:26:00.065	0.56488				2
2024.12.24	01:26:00.385	0.56486				2
2024.12.24	01:26:04.280	0.56487				2
2024.12.24	01:26:04.916	0.56488	0.56493			6
2024.12.24	01:26:20.389	0.56490	0.56494			6
2024.12.24	01:26:26.557		0.56495			4
2024.12.24	01:26:36.374	0.56492	0.56497			6
2024.12.24	01:26:57.426	0.56491	0.56495			6
2024.12.24	01:26:59.241	0.56492				2
2024.12.24	01:27:01.317	0.56492	0.56497			6
2024.12.24	01:27:08.369		0.56496			4
2024.12.24	01:27:08.674		0.56497			4
2024.12.24	01:27:21.176	0.56493				2
2024.12.24	01:27:22.210	0.56494				2
2024.12.24	01:27:34.394	0.56492	0.56496			6
2024.12.24	01:27:41.278		0.56497			4
2024.12.24	01:27:59.724	0.56493				2
2024.12.24	01:28:00.117	0.56493				2
2024.12.24	01:28:01.630	0.56492				2
2024.12.24	01:28:04.150	0.56496	0.56499			6
2024.12.24	01:28:04.460	0.56495	0.56501			6
2024.12.24	01:28:04.767	0.56494	0.56500			6
2024.12.24	01:28:07.031	0.56493	0.56498			6
2024.12.24	01:28:13.393		0.56499			4
2024.12.24	01:28:17.457	0.56492	0.56497			6
2024.12.24	01:28:18.349	0.56493				2
2024.12.24	01:28:25.132	0.56492				2
2024.12.24	01:28:25.444	0.56491				2
2024.12.24	01:28:28.655	0.56492				2
2024.12.24	01:28:30.870	0.56491				2
2024.12.24	01:28:33.901	0.56492				2
2024.12.24	01:28:34.220	0.56491				2
2024.12.24	01:28:36.505	0.56489	0.56494			6
2024.12.24	01:28:37.093	0.56491	0.56495			6
2024.12.24	01:28:37.398	0.56490				2
2024.12.24	01:28:41.002	0.56488	0.56494			6
2024.12.24	01:29:00.176	0.56491	0.56495			6
2024.12.24	01:29:05.348	0.56490				2
2024.12.24	01:29:17.419	0.56491				2
2024.12.24	01:29:35.372	0.56493	0.56497			6
2024.12.24	01:29:35.675	0.56492				2
2024.12.24	01:29:36.330	0.56491				2
2024.12.24	01:29:36.932		0.56496			4
2024.12.24	01:29:41.481	0.56489	0.56494			6
2024.12.24	01:30:00.212	0.56489				2
2024.12.24	01:30:01.713		0.56495			4
2024.12.24	01:30:04.030		0.56494			4
2024.12.24	01:30:08.310	0.56488				2
2024.12.24	01:30:08.770		0.56493			4
2024.12.24	01:30:10.785	0.56486	0.56491			6
2024.12.24	01:30:11.099	0.56485				2
2024.12.24	01:30:11.482	0.56486				2
2024.12.24	01:30:12.407	0.56487	0.56492			6
2024.12.24	01:30:15.135	0.56486	0.56491			6
2024.12.24	01:30:28.905	0.56487	0.56492			6
2024.12.24	01:30:36.304	0.56486	0.56491			6
2024.12.24	01:30:38.849	0.56487				2
2024.12.24	01:30:48.508		0.56492			4
2024.12.24	01:30:58.687	0.56486				2
2024.12.24	01:31:00.460	0.56487				2
2024.12.24	01:31:06.550	0.56486				2
2024.12.24	01:31:09.463	0.56485	0.56490			6
2024.12.24	01:31:16.420	0.56486				2
2024.12.24	01:31:16.849		0.56491			4
2024.12.24	01:31:19.028	0.56485	0.56490			6
2024.12.24	01:31:26.284	0.56486				2
2024.12.24	01:31:27.332		0.56491			4
2024.12.24	01:31:30.654	0.56485	0.56489			6
2024.12.24	01:31:34.128	0.56483	0.56488			6
2024.12.24	01:31:35.222	0.56484				2
2024.12.24	01:31:37.806	0.56485	0.56490			6
2024.12.24	01:31:38.681	0.56483	0.56488			6
2024.12.24	01:31:39.336		0.56487			4
2024.12.24	01:31:45.373	0.56484				2
2024.12.24	01:31:45.731	0.56483				2
2024.12.24	01:31:46.369	0.56484				2
2024.12.24	01:31:46.725	0.56483				2
2024.12.24	01:31:51.036	0.56484				2
2024.12.24	01:31:57.374		0.56488			4
2024.12.24	01:32:00.176	0.56484				2
2024.12.24	01:32:55.073	0.56483				2
2024.12.24	01:32:58.195		0.56488			4
2024.12.24	01:33:00.394	0.56479	0.56484			6
2024.12.24	01:33:02.867	0.56480				2
2024.12.24	01:33:03.206	0.56479				2
2024.12.24	01:33:08.174	0.56478				2
2024.12.24	01:33:11.962	0.56481	0.56486			6
2024.12.24	01:33:12.266		0.56485			4
2024.12.24	01:33:14.355	0.56482	0.56486			6
2024.12.24	01:33:15.487	0.56481				2
2024.12.24	01:33:20.667	0.56483	0.56487			6
2024.12.24	01:33:21.857	0.56484	0.56489			6
2024.12.24	01:33:22.163	0.56483				2
2024.12.24	01:33:23.128	0.56482	0.56488			6
2024.12.24	01:33:23.764		0.56487			4
2024.12.24	01:33:33.767	0.56483				2
2024.12.24	01:34:00.190	0.56483				2
2024.12.24	01:34:00.805	0.56482	0.56486			6
2024.12.24	01:34:01.111	0.56478	0.56484			6
2024.12.24	01:34:01.411	0.56477	0.56483			6
2024.12.24	01:34:07.912	0.56478	0.56484			6
2024.12.24	01:34:12.395	0.56479				2
2024.12.24	01:34:30.015	0.56482	0.56488			6
2024.12.24	01:34:31.360		0.56487			4
2024.12.24	01:34:31.848	0.56483	0.56488			6
2024.12.24	01:34:32.979		0.56487			4
2024.12.24	01:34:42.116		0.56488			4
2024.12.24	01:34:42.423	0.56484				2
2024.12.24	01:34:53.354	0.56483	0.56487			6
2024.12.24	01:34:56.469	0.56486	0.56490			6
2024.12.24	01:34:57.653	0.56485				2
2024.12.24	01:34:59.703	0.56486				2
2024.12.24	01:35:00.748	0.56486				2
2024.12.24	01:35:02.836	0.56484	0.56488			6
2024.12.24	01:35:05.571	0.56483	0.56487			6
2024.12.24	01:35:12.129		0.56488			4
2024.12.24	01:35:14.315	0.56484				2
2024.12.24	01:35:22.779	0.56483				2
2024.12.24	01:35:23.459	0.56484				2
2024.12.24	01:35:29.669	0.56483	0.56487			6
2024.12.24	01:35:46.377	0.56478	0.56482			6
2024.12.24	01:35:48.357	0.56477				2
2024.12.24	01:35:54.315		0.56483			4
2024.12.24	01:36:00.601	0.56477	0.56482			6
2024.12.24	01:36:02.442	0.56478				2
2024.12.24	01:36:02.752	0.56477				2
2024.12.24	01:36:16.927	0.56478				2
2024.12.24	01:36:52.439	0.56477				2
2024.12.24	01:37:00.588	0.56477				2
2024.12.24	01:37:01.431		0.56482			4
2024.12.24	01:37:13.481		0.56481			4
2024.12.24	01:37:13.784		0.56482			4
2024.12.24	01:37:33.121	0.56476	0.56481			6
2024.12.24	01:37:38.623	0.56477	0.56482			6
2024.12.24	01:37:49.516	0.56475	0.56480			6
2024.12.24	01:37:50.212	0.56477	0.56481			6
2024.12.24	01:37:51.728	0.56478	0.56482			6
2024.12.24	01:37:56.454		0.56483			4
2024.12.24	01:37:59.389		0.56482			4
2024.12.24	01:38:00.298	0.56478				2
2024.12.24	01:38:30.160	0.56479				2
2024.12.24	01:38:37.720	0.56478	0.56481			6
2024.12.24	01:38:39.261	0.56477				2
2024.12.24	01:38:48.390	0.56478				2
2024.12.24	01:38:56.275	0.56477				2
2024.12.24	01:38:58.122	0.56478				2
2024.12.24	01:39:00.238	0.56478				2
2024.12.24	01:39:28.426	0.56471	0.56472			6
2024.12.24	01:39:28.732	0.56468	0.56470			6
2024.12.24	01:39:29.354	0.56467				2
2024.12.24	01:39:36.778	0.56466	0.56469			6
2024.12.24	01:39:55.610	0.56467				2
2024.12.24	01:40:02.359	0.56467				2
2024.12.24	01:40:03.133		0.56471			4
2024.12.24	01:40:05.060		0.56469			4
2024.12.24	01:40:08.493		0.56470			4
2024.12.24	01:40:11.911		0.56471			4
2024.12.24	01:40:12.875	0.56468				2
2024.12.24	01:40:19.996	0.56467	0.56470			6
2024.12.24	01:40:21.516	0.56468	0.56471			6
2024.12.24	01:40:22.652		0.56470			4
2024.12.24	01:40:26.964	0.56467				2
2024.12.24	01:40:27.297		0.56471			4
2024.12.24	01:40:32.048	0.56468				2
2024.12.24	01:40:40.775		0.56472			4
2024.12.24	01:40:50.670	0.56469				2
2024.12.24	01:40:57.395	0.56476	0.56480			6
2024.12.24	01:40:57.709	0.56475	0.56479			6
2024.12.24	01:40:58.154	0.56476				2
2024.12.24	01:40:58.852	0.56475	0.56478			6
2024.12.24	01:41:00.131	0.56474	0.56476			6
2024.12.24	01:41:00.443		0.56477			4
2024.12.24	01:41:08.382		0.56478			4
2024.12.24	01:41:16.874	0.56473	0.56476			6
2024.12.24	01:41:17.600		0.56475			4
2024.12.24	01:41:29.968	0.56472				2
2024.12.24	01:42:00.364	0.56472				2
2024.12.24	01:42:02.318		0.56476			4
2024.12.24	01:42:05.132	0.56471	0.56474			6
2024.12.24	01:42:17.337	0.56472	0.56476			6
2024.12.24	01:42:31.865		0.56475			4
2024.12.24	01:42:37.997	0.56465	0.56468			6
2024.12.24	01:42:38.306		0.56469			4
2024.12.24	01:42:39.375		0.56468			4
2024.12.24	01:43:00.220	0.56465				2
2024.12.24	01:43:02.299	0.56464				2
2024.12.24	01:43:28.426	0.56467	0.56470			6
2024.12.24	01:43:29.207		0.56471			4
2024.12.24	01:43:29.652	0.56466	0.56469			6
2024.12.24	01:43:30.493		0.56470			4
2024.12.24	01:43:30.802	0.56467	0.56471			6
2024.12.24	01:43:44.773	0.56468	0.56472			6
2024.12.24	01:43:45.480	0.56467	0.56471			6
2024.12.24	01:43:50.832	0.56468	0.56472			6
2024.12.24	01:43:59.106	0.56467	0.56471			6
2024.12.24	01:44:00.153	0.56467				2
2024.12.24	01:44:02.239	0.56468				2
2024.12.24	01:44:02.567		0.56472			4
2024.12.24	01:44:08.241	0.56467	0.56471			6
2024.12.24	01:44:08.551	0.56468	0.56472			6
2024.12.24	01:44:22.825		0.56471			4
2024.12.24	01:44:28.962	0.56469	0.56472			6
2024.12.24	01:44:31.396	0.56472	0.56475			6
2024.12.24	01:44:32.405		0.56476			4
2024.12.24	01:44:48.352		0.56475			4
2024.12.24	01:44:52.898	0.56470	0.56474			6
2024.12.24	01:44:56.530	0.56476	0.56479			6
2024.12.24	01:44:56.848		0.56478			4
2024.12.24	01:44:57.161	0.56475				2
2024.12.24	01:44:59.505		0.56479			4
2024.12.24	01:45:00.447	0.56475	0.56478			6
2024.12.24	01:45:04.585		0.56479			4
2024.12.24	01:45:06.422	0.56478	0.56481			6
2024.12.24	01:45:06.724		0.56482			4
2024.12.24	01:45:14.710	0.56477	0.56481			6
2024.12.24	01:45:16.625	0.56478	0.56482			6
2024.12.24	01:45:17.446	0.56480	0.56483			6
2024.12.24	01:45:20.712		0.56484			4
2024.12.24	01:45:23.464	0.56478	0.56482			6
2024.12.24	01:45:41.101	0.56477	0.56481			6
2024.12.24	01:45:44.032	0.56478				2
2024.12.24	01:45:44.419		0.56482			4
2024.12.24	01:46:00.370	0.56478				2
2024.12.24	01:46:02.009		0.56481			4
2024.12.24	01:46:02.906	0.56477				2
2024.12.24	01:46:03.288	0.56478	0.56482			6
2024.12.24	01:46:04.811		0.56481			4
2024.12.24	01:46:05.166	0.56477				2
2024.12.24	01:46:19.415		0.56480			4
2024.12.24	01:46:35.773	0.56478	0.56481			6
2024.12.24	01:46:36.379	0.56476	0.56479			6
2024.12.24	01:46:38.221		0.56477			4
2024.12.24	01:46:38.525	0.56475				2
2024.12.24	01:46:43.989		0.56478			4
2024.12.24	01:46:44.293		0.56477			4
2024.12.24	01:46:46.109	0.56474				2
2024.12.24	01:46:57.000	0.56473	0.56476			6
2024.12.24	01:47:00.027	0.56473				2
2024.12.24	01:47:00.329		0.56475			4
2024.12.24	01:47:00.632	0.56472				2
2024.12.24	01:47:03.706	0.56471	0.56474			6
2024.12.24	01:47:04.009	0.56472				2
2024.12.24	01:47:06.126	0.56471				2
2024.12.24	01:47:07.640	0.56472				2
2024.12.24	01:47:07.943		0.56475			4
2024.12.24	01:47:09.757	0.56471	0.56472			6
2024.12.24	01:47:10.060		0.56474			4
2024.12.24	01:47:12.177	0.56470	0.56472			6
2024.12.24	01:47:13.386	0.56469				2
2024.12.24	01:47:15.235	0.56470				2
2024.12.24	01:47:42.181	0.56472	0.56474			6
2024.12.24	01:47:43.421		0.56475			4
2024.12.24	01:47:44.024	0.56471				2
2024.12.24	01:47:44.364	0.56472				2
2024.12.24	01:47:53.758		0.56474			4
2024.12.24	01:47:54.061		0.56475			4
2024.12.24	01:48:00.113	0.56472				2
2024.12.24	01:48:00.740	0.56471	0.56473			6
2024.12.24	01:48:03.461	0.56472	0.56475			6
2024.12.24	01:48:05.005		0.56474			4
2024.12.24	01:49:00.092	0.56472				2
2024.12.24	01:49:03.723	0.56471	0.56473			6
2024.12.24	01:49:30.652	0.56467	0.56469			6
2024.12.24	01:49:31.259	0.56466				2
2024.12.24	01:49:32.353		0.56468			4
2024.12.24	01:49:37.188	0.56459	0.56462			6
2024.12.24	01:49:38.095	0.56457	0.56461			6
2024.12.24	01:49:48.883	0.56456	0.56459			6
2024.12.24	01:49:50.346	0.56457	0.56461			6
2024.12.24	01:49:53.580	0.56458				2
2024.12.24	01:49:53.885	0.56460	0.56463			6
2024.12.24	01:50:00.102	0.56460	0.56464			6
2024.12.24	01:50:05.096		0.56463			4
2024.12.24	01:50:06.112		0.56464			4
2024.12.24	01:50:09.373	0.56462	0.56465			6
2024.12.24	01:50:09.960		0.56466			4
2024.12.24	01:50:22.161	0.56459	0.56463			6
2024.12.24	01:50:30.616		0.56462			4
2024.12.24	01:50:40.116	0.56453	0.56456			6
2024.12.24	01:50:40.552	0.56454	0.56457			6
2024.12.24	01:50:48.610	0.56453				2
2024.12.24	01:50:50.691		0.56456			4
2024.12.24	01:51:00.299	0.56453				2
2024.12.24	01:51:12.717	0.56451				2
2024.12.24	01:51:14.412	0.56452				2
2024.12.24	01:51:17.134	0.56453				2
2024.12.24	01:51:23.477	0.56456	0.56457			6
2024.12.24	01:51:23.785	0.56458	0.56460			6
2024.12.24	01:51:29.097	0.56456				2
2024.12.24	01:51:30.744		0.56459			4
2024.12.24	01:51:35.101	0.56457	0.56460			6
2024.12.24	01:51:35.406	0.56458	0.56461			6
2024.12.24	01:51:44.000		0.56462			4
2024.12.24	01:51:45.063	0.56461	0.56464			6
2024.12.24	01:51:45.412	0.56460				2
2024.12.24	01:51:45.908	0.56459	0.56462			6
2024.12.24	01:51:46.211	0.56458	0.56461			6
2024.12.24	01:51:59.588	0.56457	0.56460			6
2024.12.24	01:52:00.041	0.56457				2
2024.12.24	01:52:03.016		0.56461			4
2024.12.24	01:52:17.324	0.56456	0.56460			6
2024.12.24	01:52:22.409		0.56459			4
2024.12.24	01:52:24.111	0.56455	0.56458			6
2024.12.24	01:52:26.870	0.56457	0.56460			6
2024.12.24	01:52:30.295		0.56461			4
2024.12.24	01:52:40.610	0.56458				2
2024.12.24	01:53:00.029	0.56458				2
2024.12.24	01:53:02.373		0.56460			4
2024.12.24	01:53:08.422		0.56461			4
2024.12.24	01:53:08.734	0.56459				2
2024.12.24	01:53:09.350	0.56458				2
2024.12.24	01:53:11.398	0.56459				2
2024.12.24	01:53:22.288	0.56458				2
2024.12.24	01:53:23.530	0.56459				2
2024.12.24	01:53:23.850	0.56458				2
2024.12.24	01:53:26.576	0.56457	0.56460			6
2024.12.24	01:53:31.368	0.56458				2
2024.12.24	01:53:33.786	0.56457	0.56459			6
2024.12.24	01:53:46.517	0.56458	0.56460			6
2024.12.24	01:53:49.842	0.56457	0.56459			6
2024.12.24	01:54:00.130	0.56457				2
2024.12.24	01:54:49.901		0.56459			4
2024.12.24	01:54:53.865	0.56458				2
2024.12.24	01:54:56.587	0.56457				2
2024.12.24	01:55:00.218	0.56457				2
2024.12.24	01:55:10.809	0.56458				2
2024.12.24	01:55:12.646	0.56457				2
2024.12.24	01:55:17.182	0.56458	0.56460			6
2024.12.24	01:55:18.393	0.56457	0.56459			6
2024.12.24	01:55:32.916	0.56458	0.56460			6
2024.12.24	01:55:34.428	0.56457	0.56459			6
2024.12.24	01:56:00.177	0.56457				2
2024.12.24	01:56:07.439	0.56458				2
2024.12.24	01:56:12.278	0.56459	0.56461			6
2024.12.24	01:56:12.581	0.56458	0.56459			6
2024.12.24	01:56:17.776		0.56460			4
2024.12.24	01:56:38.751	0.56457	0.56459			6
2024.12.24	01:56:51.509	0.56458	0.56460			6
2024.12.24	01:56:51.812	0.56459	0.56461			6
2024.12.24	01:57:00.282	0.56459				2
2024.12.24	01:57:37.344	0.56460				2
2024.12.24	01:57:37.648	0.56461	0.56463			6
2024.12.24	01:57:38.304	0.56459	0.56465			6
2024.12.24	01:57:40.609	0.56457	0.56462			6
2024.12.24	01:57:51.760	0.56456	0.56461			6
2024.12.24	01:57:54.504	0.56457				2
2024.12.24	01:58:00.622	0.56457	0.56462			6
2024.12.24	01:58:10.826		0.56461			4
2024.12.24	01:58:23.422	0.56455	0.56460			6
2024.12.24	01:58:23.725	0.56456				2
2024.12.24	01:58:24.381	0.56455				2
2024.12.24	01:58:27.402	0.56456				2
2024.12.24	01:58:37.382	0.56457				2
2024.12.24	01:58:57.113	0.56458	0.56461			6
2024.12.24	01:58:57.414	0.56457	0.56460			6
2024.12.24	01:59:00.137	0.56457				2
2024.12.24	01:59:04.401	0.56458				2
2024.12.24	01:59:28.315	0.56457	0.56459			6
2024.12.24	01:59:28.920		0.56458			4
2024.12.24	01:59:29.225		0.56459			4
2024.12.24	01:59:29.557	0.56456	0.56458			6
2024.12.24	01:59:34.697	0.56457				2
2024.12.24	01:59:41.675	0.56456				2
2024.12.24	01:59:50.747	0.56457				2
2024.12.24	01:59:53.468		0.56459			4
2024.12.24	01:59:56.494	0.56455	0.56457			6
2024.12.24	01:59:56.799	0.56456	0.56458			6
2024.12.24	02:00:00.173	0.56456				2
2024.12.24	02:00:00.480	0.56452	0.56454			6
2024.12.24	02:00:01.389	0.56451				2
2024.12.24	02:00:01.699		0.56456			4
2024.12.24	02:00:02.362	0.56452				2
2024.12.24	02:00:08.689	0.56456	0.56459			6
2024.12.24	02:00:09.012	0.56455	0.56460			6
2024.12.24	02:00:17.861		0.56459			4
2024.12.24	02:00:21.507	0.56456	0.56460			6
2024.12.24	02:00:22.845	0.56455				2
2024.12.24	02:00:23.937	0.56456				2
2024.12.24	02:00:24.262	0.56457				2
2024.12.24	02:00:25.783	0.56458	0.56461			6
2024.12.24	02:00:26.432	0.56457				2
2024.12.24	02:00:27.340	0.56452	0.56455			6
2024.12.24	02:00:29.520	0.56453	0.56457			6
2024.12.24	02:00:29.822	0.56452				2
2024.12.24	02:00:30.670	0.56453				2
2024.12.24	02:00:33.646	0.56452	0.56456			6
2024.12.24	02:00:35.469	0.56453				2
2024.12.24	02:00:35.816	0.56452				2
2024.12.24	02:00:36.492		0.56455			4
2024.12.24	02:00:42.212	0.56467	0.56468			6
2024.12.24	02:00:42.571	0.56465	0.56467			6
2024.12.24	02:00:42.883		0.56470			4
2024.12.24	02:00:44.063	0.56466				2
2024.12.24	02:00:44.419	0.56464	0.56469			6
2024.12.24	02:00:44.722	0.56463	0.56467			6
2024.12.24	02:00:45.024	0.56459	0.56462			6
2024.12.24	02:00:53.235	0.56455	0.56460			6
2024.12.24	02:00:53.971		0.56459			4
2024.12.24	02:00:54.981		0.56460			4
2024.12.24	02:01:00.088	0.56455				2
2024.12.24	02:01:01.737		0.56459			4
2024.12.24	02:01:02.387	0.56450	0.56456			6
2024.12.24	02:01:02.695	0.56452				2
2024.12.24	02:01:03.171	0.56454	0.56459			6
2024.12.24	02:01:04.312	0.56457	0.56461			6
2024.12.24	02:01:11.707	0.56456	0.56460			6
2024.12.24	02:01:14.295	0.56457	0.56461			6
2024.12.24	02:01:15.668	0.56456				2
2024.12.24	02:01:16.052	0.56455	0.56460			6
2024.12.24	02:01:20.606	0.56456				2
2024.12.24	02:01:32.057		0.56459			4
2024.12.24	02:01:34.822	0.56455	0.56458			6
2024.12.24	02:01:37.878		0.56459			4
2024.12.24	02:01:38.568	0.56456	0.56460			6
2024.12.24	02:01:42.350		0.56459			4
2024.12.24	02:01:44.833		0.56458			4
2024.12.24	02:01:52.416	0.56454	0.56457			6
2024.12.24	02:01:52.727		0.56458			4
2024.12.24	02:01:53.041	0.56455	0.56459			6
2024.12.24	02:01:53.342	0.56452	0.56455			6
2024.12.24	02:01:58.355	0.56451				2
2024.12.24	02:02:00.273	0.56451				2
2024.12.24	02:02:02.303	0.56452				2
2024.12.24	02:02:11.762	0.56456	0.56458			6
2024.12.24	02:02:12.475	0.56452	0.56456			6
2024.12.24	02:02:14.332	0.56451				2
2024.12.24	02:02:15.184	0.56450	0.56453			6
2024.12.24	02:02:15.898	0.56447	0.56451			6
2024.12.24	02:02:20.614	0.56449	0.56453			6
2024.12.24	02:02:21.693		0.56452			4
2024.12.24	02:02:22.234		0.56453			4
2024.12.24	02:02:25.839		0.56452			4
2024.12.24	02:02:26.341		0.56453			4
2024.12.24	02:02:26.667	0.56447	0.56451			6
2024.12.24	02:02:30.542		0.56450			4
2024.12.24	02:02:32.130		0.56451			4
2024.12.24	02:02:37.141	0.56448				2
2024.12.24	02:02:40.697	0.56447				2
2024.12.24	02:02:46.634	0.56450	0.56453			6
2024.12.24	02:02:53.197	0.56451	0.56455			6
2024.12.24	02:02:59.959	0.56452				2
2024.12.24	02:03:00.309	0.56452				2
2024.12.24	02:03:08.051	0.56455	0.56458			6
2024.12.24	02:03:08.366	0.56456	0.56459			6
2024.12.24	02:03:10.485		0.56460			4
2024.12.24	02:03:11.361	0.56458	0.56461			6
2024.12.24	02:03:11.692	0.56459				2
2024.12.24	02:03:13.913	0.56458				2
2024.12.24	02:03:15.062	0.56455	0.56458			6
2024.12.24	02:03:15.966		0.56459			4
2024.12.24	02:03:19.553	0.56454	0.56458			6
2024.12.24	02:03:20.015	0.56457	0.56460			6
2024.12.24	02:03:21.179		0.56461			4
2024.12.24	02:03:29.559	0.56458				2
2024.12.24	02:03:34.474		0.56462			4
2024.12.24	02:03:38.286	0.56457	0.56461			6
2024.12.24	02:03:39.346	0.56458				2
2024.12.24	02:03:44.300		0.56462			4
2024.12.24	02:03:45.706		0.56461			4
2024.12.24	02:03:48.081	0.56457				2
2024.12.24	02:03:48.387		0.56460			4
2024.12.24	02:03:49.521		0.56461			4
2024.12.24	02:03:50.889	0.56453	0.56455			6
2024.12.24	02:03:51.194	0.56451	0.56454			6
2024.12.24	02:03:53.381		0.56455			4
2024.12.24	02:03:53.690	0.56452				2
2024.12.24	02:03:55.068		0.56456			4
2024.12.24	02:03:57.405	0.56451	0.56455			6
2024.12.24	02:03:57.722		0.56454			4
2024.12.24	02:03:58.712		0.56455			4
2024.12.24	02:03:59.425	0.56447	0.56450			6
2024.12.24	02:03:59.747		0.56451			4
2024.12.24	02:04:00.358	0.56447				2
2024.12.24	02:04:01.089	0.56448				2
2024.12.24	02:04:04.746	0.56447	0.56450			6
2024.12.24	02:04:05.059		0.56451			4
2024.12.24	02:04:07.244		0.56450			4
2024.12.24	02:04:07.643		0.56451			4
2024.12.24	02:04:11.326	0.56449	0.56452			6
2024.12.24	02:04:13.873	0.56448	0.56451			6
2024.12.24	02:04:24.152	0.56447	0.56454			6
2024.12.24	02:04:25.689	0.56446	0.56453			6
2024.12.24	02:04:25.994	0.56447	0.56450			6
2024.12.24	02:04:26.761	0.56446	0.56449			6
2024.12.24	02:04:28.029	0.56447	0.56451			6
2024.12.24	02:04:28.720	0.56448				2
2024.12.24	02:04:37.229	0.56447				2
2024.12.24	02:04:41.488	0.56448				2
2024.12.24	02:05:00.381	0.56448				2
2024.12.24	02:05:01.017	0.56447	0.56450			6
2024.12.24	02:05:01.340	0.56448				2
2024.12.24	02:05:04.369	0.56447	0.56448			6
2024.12.24	02:05:04.673	0.56445	0.56447			6
2024.12.24	02:05:05.279	0.56444				2
2024.12.24	02:05:08.380	0.56445	0.56448			6
2024.12.24	02:05:08.681		0.56447			4
2024.12.24	02:05:09.948	0.56442	0.56445			6
2024.12.24	02:05:12.847	0.56443	0.56446			6
2024.12.24	02:05:13.152	0.56444	0.56447			6
2024.12.24	02:05:15.530		0.56446			4
2024.12.24	02:05:19.112	0.56443				2
2024.12.24	02:05:23.990	0.56442	0.56445			6
2024.12.24	02:05:27.651	0.56443				2
2024.12.24	02:05:28.904		0.56446			4
2024.12.24	02:05:30.052	0.56447	0.56450			6
2024.12.24	02:05:33.513	0.56448				2
2024.12.24	02:05:33.815	0.56447				2
2024.12.24	02:05:35.742	0.56448	0.56451			6
2024.12.24	02:05:39.888	0.56449	0.56452			6
2024.12.24	02:05:45.937	0.56448	0.56451			6
2024.12.24	02:05:48.457	0.56449				2
2024.12.24	02:05:53.244	0.56452	0.56457			6
2024.12.24	02:05:53.546		0.56456			4
2024.12.24	02:05:53.859		0.56457			4
2024.12.24	02:05:54.275	0.56451	0.56456			6
2024.12.24	02:05:54.587		0.56457			4
2024.12.24	02:05:58.021	0.56450	0.56455			6
2024.12.24	02:05:58.352		0.56456			4
2024.12.24	02:06:00.354	0.56450				2
2024.12.24	02:06:04.749	0.56448	0.56452			6
2024.12.24	02:06:07.516	0.56446	0.56451			6
2024.12.24	02:06:08.615	0.56445	0.56450			6
2024.12.24	02:06:08.960		0.56449			4
2024.12.24	02:06:10.121		0.56450			4
2024.12.24	02:06:12.546	0.56443	0.56448			6
2024.12.24	02:06:12.861	0.56444	0.56449			6
2024.12.24	02:06:15.271	0.56445				2
2024.12.24	02:06:16.068	0.56447	0.56451			6
2024.12.24	02:06:17.162	0.56446	0.56450			6
2024.12.24	02:06:18.460	0.56441	0.56446			6
2024.12.24	02:06:22.206	0.56442				2
2024.12.24	02:06:26.529	0.56443				2
2024.12.24	02:06:29.332		0.56447			4
2024.12.24	02:06:34.160	0.56442				2
2024.12.24	02:06:36.561	0.56446	0.56450			6
2024.12.24	02:06:38.743	0.56447	0.56451			6
2024.12.24	02:06:39.805	0.56448				2
2024.12.24	02:06:49.385		0.56452			4
2024.12.24	02:06:52.292	0.56452	0.56455			6
2024.12.24	02:06:53.394	0.56457	0.56460			6
2024.12.24	02:06:53.743	0.56456				2
2024.12.24	02:06:54.054		0.56459			4
2024.12.24	02:06:54.363	0.56455				2
2024.12.24	02:06:58.280	0.56453	0.56456			6
2024.12.24	02:06:58.586	0.56452				2
2024.12.24	02:06:59.289	0.56451				2
2024.12.24	02:07:00.342	0.56451				2
2024.12.24	02:07:01.554	0.56450	0.56455			6
2024.12.24	02:07:04.542	0.56448	0.56453			6
2024.12.24	02:07:08.015	0.56447	0.56452			6
2024.12.24	02:07:11.643	0.56446	0.56451			6
2024.12.24	02:07:12.008	0.56445				2
2024.12.24	02:07:13.663	0.56446				2
2024.12.24	02:07:16.809	0.56444	0.56449			6
2024.12.24	02:07:34.511	0.56445				2
2024.12.24	02:07:34.832	0.56444				2
2024.12.24	02:07:39.001	0.56443	0.56447			6
2024.12.24	02:07:41.155	0.56442				2
2024.12.24	02:07:56.544	0.56445	0.56449			6
2024.12.24	02:07:56.847	0.56447	0.56451			6
2024.12.24	02:07:57.576		0.56452			4
2024.12.24	02:07:59.148		0.56451			4
2024.12.24	02:08:00.293	0.56447				2
2024.12.24	02:08:01.067	0.56443	0.56448			6
2024.12.24	02:08:01.387		0.56447			4
2024.12.24	02:08:02.246		0.56448			4
2024.12.24	02:08:04.014		0.56447			4
2024.12.24	02:08:04.672	0.56442				2
2024.12.24	02:08:11.225		0.56446			4
2024.12.24	02:08:12.519	0.56440	0.56445			6
2024.12.24	02:08:12.827		0.56444			4
2024.12.24	02:08:17.105	0.56436	0.56441			6
2024.12.24	02:08:17.602	0.56437				2
2024.12.24	02:08:18.217	0.56436				2
2024.12.24	02:08:18.526	0.56435	0.56440			6
2024.12.24	02:08:19.357	0.56436				2
2024.12.24	02:08:21.499	0.56438	0.56442			6
2024.12.24	02:08:21.813	0.56437				2
2024.12.24	02:08:22.580	0.56435	0.56439			6
2024.12.24	02:08:32.361	0.56434	0.56438			6
2024.12.24	02:08:34.463	0.56435	0.56439			6
2024.12.24	02:08:36.380	0.56437	0.56442			6
2024.12.24	02:08:36.690		0.56441			4
2024.12.24	02:08:37.309	0.56438	0.56442			6
2024.12.24	02:08:40.919	0.56437				2
2024.12.24	02:08:41.319		0.56441			4
2024.12.24	02:08:52.200	0.56431	0.56436			6
2024.12.24	02:08:58.850	0.56434				2
2024.12.24	02:08:59.165		0.56437			4
2024.12.24	02:08:59.476	0.56435	0.56438			6
2024.12.24	02:09:00.117	0.56435				2
2024.12.24	02:09:00.939		0.56439			4
2024.12.24	02:09:01.958	0.56436				2
2024.12.24	02:09:05.049	0.56434	0.56438			6
2024.12.24	02:09:05.893		0.56439			4
2024.12.24	02:09:06.569		0.56438			4
2024.12.24	02:09:12.475		0.56439			4
2024.12.24	02:09:15.583	0.56431	0.56437			6
2024.12.24	02:09:15.897		0.56436			4
2024.12.24	02:09:17.291		0.56435			4
2024.12.24	02:09:22.554	0.56432				2
2024.12.24	02:09:27.407	0.56430	0.56434			6
2024.12.24	02:09:35.421	0.56427	0.56430			6
2024.12.24	02:09:35.724		0.56431			4
2024.12.24	02:09:36.152	0.56428				2
2024.12.24	02:09:43.173	0.56430	0.56434			6
2024.12.24	02:09:43.480	0.56429	0.56432			6
2024.12.24	02:09:45.571	0.56427	0.56431			6
2024.12.24	02:09:46.355		0.56430			4
2024.12.24	02:09:56.470	0.56428	0.56431			6
2024.12.24	02:09:58.292	0.56427	0.56430			6
2024.12.24	02:09:58.638	0.56429	0.56431			6
2024.12.24	02:10:00.372	0.56431	0.56434			6
2024.12.24	02:10:02.813	0.56432	0.56436			6
2024.12.24	02:10:03.346	0.56433	0.56437			6
2024.12.24	02:10:03.655	0.56432	0.56436			6
2024.12.24	02:10:04.019		0.56437			4
2024.12.24	02:10:06.224	0.56431	0.56436			6
2024.12.24	02:10:07.846	0.56432				2
2024.12.24	02:10:08.937	0.56437	0.56440			6
2024.12.24	02:10:09.245	0.56438				2
2024.12.24	02:10:10.354		0.56441			4
2024.12.24	02:10:10.918	0.56439				2
2024.12.24	02:10:13.810	0.56438				2
2024.12.24	02:10:16.037	0.56439				2
2024.12.24	02:10:17.895	0.56436	0.56440			6
2024.12.24	02:10:19.318	0.56437				2
2024.12.24	02:10:27.406	0.56438				2
2024.12.24	02:10:31.291	0.56437				2
2024.12.24	02:10:31.613	0.56438				2
2024.12.24	02:10:40.095	0.56436	0.56439			6
2024.12.24	02:10:42.002	0.56437				2
2024.12.24	02:10:44.821	0.56438	0.56440			6
2024.12.24	02:10:47.882	0.56439	0.56442			6
2024.12.24	02:10:54.575	0.56436	0.56439			6
2024.12.24	02:10:58.744	0.56437	0.56440			6
2024.12.24	02:11:01.040	0.56437				2
2024.12.24	02:11:03.127	0.56438				2
2024.12.24	02:11:03.754	0.56439	0.56442			6
2024.12.24	02:11:04.062	0.56440				2
2024.12.24	02:11:09.054	0.56441	0.56445			6
2024.12.24	02:11:09.366		0.56444			4
2024.12.24	02:11:10.869	0.56440				2
2024.12.24	02:11:12.623	0.56439	0.56443			6
2024.12.24	02:11:13.436	0.56440				2
2024.12.24	02:11:14.508	0.56441				2
2024.12.24	02:11:15.864	0.56438	0.56441			6
2024.12.24	02:11:24.522		0.56442			4
2024.12.24	02:11:31.601		0.56441			4
2024.12.24	02:11:32.051	0.56436	0.56439			6
2024.12.24	02:11:37.237	0.56432	0.56435			6
2024.12.24	02:11:42.465	0.56435	0.56436			6
2024.12.24	02:11:42.771	0.56432	0.56435			6
2024.12.24	02:11:51.004	0.56431				2
2024.12.24	02:11:51.412	0.56432				2
2024.12.24	02:12:00.099	0.56428	0.56430			6
2024.12.24	02:12:02.331		0.56431			4
2024.12.24	02:12:05.311	0.56427	0.56430			6
2024.12.24	02:12:06.945	0.56428				2
2024.12.24	02:12:08.347		0.56431			4
2024.12.24	02:12:13.187	0.56427	0.56430			6
2024.12.24	02:12:13.548	0.56428	0.56431			6
2024.12.24	02:12:17.592	0.56433	0.56435			6
2024.12.24	02:12:20.649		0.56436			4
2024.12.24	02:12:24.739	0.56431	0.56434			6
2024.12.24	02:12:30.976	0.56432	0.56435			6
2024.12.24	02:12:44.738	0.56426	0.56429			6
2024.12.24	02:12:47.748	0.56432	0.56435			6
2024.12.24	02:12:50.113	0.56433				2
2024.12.24	02:12:51.225	0.56428	0.56431			6
2024.12.24	02:12:51.537	0.56427	0.56430			6
2024.12.24	02:13:00.402	0.56427				2
2024.12.24	02:13:04.395	0.56426	0.56429			6
2024.12.24	02:13:10.405	0.56427	0.56430			6
2024.12.24	02:13:19.965	0.56428				2
2024.12.24	02:13:20.271	0.56426	0.56429			6
2024.12.24	02:13:30.460	0.56425	0.56428			6
2024.12.24	02:13:38.179	0.56426				2
2024.12.24	02:13:38.489		0.56429			4
2024.12.24	02:13:48.525	0.56427	0.56430			6
2024.12.24	02:13:48.830		0.56429			4
2024.12.24	02:13:52.730	0.56425	0.56428			6
2024.12.24	02:13:54.605	0.56426				2
2024.12.24	02:13:55.616		0.56429			4
2024.12.24	02:14:00.524	0.56426				2
2024.12.24	02:14:04.496	0.56425	0.56428			6
2024.12.24	02:14:05.541	0.56424				2
2024.12.24	02:14:08.249		0.56427			4
2024.12.24	02:14:08.551	0.56422	0.56425			6
2024.12.24	02:14:09.505	0.56423	0.56426			6
2024.12.24	02:14:30.083	0.56427	0.56428			6
2024.12.24	02:14:30.386	0.56428	0.56430			6
2024.12.24	02:14:31.320		0.56431			4
2024.12.24	02:14:32.765		0.56430			4
2024.12.24	02:14:56.379	0.56427	0.56429			6
2024.12.24	02:14:58.098	0.56428				2
2024.12.24	02:14:59.828	0.56427				2
2024.12.24	02:15:00.241	0.56428				2
2024.12.24	02:15:09.188		0.56430			4
2024.12.24	02:15:16.840	0.56427	0.56429			6
2024.12.24	02:15:18.071	0.56428				2
2024.12.24	02:15:18.446	0.56427				2
2024.12.24	02:15:18.948	0.56428	0.56430			6
2024.12.24	02:15:28.943	0.56429	0.56431			6
2024.12.24	02:15:29.249	0.56428	0.56430			6
2024.12.24	02:15:31.067	0.56427	0.56429			6
2024.12.24	02:15:31.674	0.56428				2
2024.12.24	02:15:32.005	0.56427				2
2024.12.24	02:15:36.851	0.56428	0.56430			6
2024.12.24	02:15:41.698	0.56426	0.56428			6
2024.12.24	02:15:43.211		0.56429			4
2024.12.24	02:15:48.360		0.56428			4
2024.12.24	02:15:49.572	0.56423	0.56425			6
2024.12.24	02:15:51.411	0.56422				2
2024.12.24	02:15:53.355	0.56421				2
2024.12.24	02:15:54.194	0.56422				2
2024.12.24	02:16:00.221	0.56422				2
2024.12.24	02:16:01.310		0.56426			4
2024.12.24	02:16:02.344	0.56423				2
2024.12.24	02:16:10.379		0.56425			4
2024.12.24	02:16:10.680	0.56421	0.56424			6
2024.12.24	02:16:10.981	0.56423	0.56425			6
2024.12.24	02:16:11.807	0.56422				2
2024.12.24	02:16:13.077	0.56423				2
2024.12.24	02:16:14.602	0.56421	0.56423			6
2024.12.24	02:16:16.136		0.56424			4
2024.12.24	02:16:18.210	0.56418	0.56421			6
2024.12.24	02:16:37.823		0.56420			4
2024.12.24	02:16:38.123	0.56419	0.56421			6
2024.12.24	02:16:40.015	0.56418				2
2024.12.24	02:16:45.493	0.56419				2
2024.12.24	02:16:55.870	0.56418	0.56420			6
2024.12.24	02:16:58.291	0.56419	0.56421			6
2024.12.24	02:16:59.220	0.56418				2
2024.12.24	02:17:00.161	0.56418				2
2024.12.24	02:17:05.311	0.56419				2
2024.12.24	02:17:21.996	0.56418	0.56420			6
2024.12.24	02:17:26.238	0.56419	0.56421			6
2024.12.24	02:17:30.811		0.56420			4
2024.12.24	02:17:31.116	0.56418				2
2024.12.24	02:17:32.326		0.56419			4
2024.12.24	02:17:32.931		0.56420			4
2024.12.24	02:17:35.352		0.56419			4
2024.12.24	02:17:35.658	0.56417				2
2024.12.24	02:17:37.775	0.56416	0.56417			6
2024.12.24	02:17:38.082	0.56414	0.56416			6
2024.12.24	02:17:39.312	0.56413				2
2024.12.24	02:17:50.284	0.56414	0.56415			6
2024.12.24	02:17:55.152	0.56415	0.56416			6
2024.12.24	02:17:56.058	0.56416	0.56417			6
2024.12.24	02:17:56.361	0.56415	0.56416			6
2024.12.24	02:17:56.665	0.56413	0.56415			6
2024.12.24	02:17:58.179	0.56410	0.56413			6
2024.12.24	02:18:00.880	0.56411	0.56414			6
2024.12.24	02:18:01.233	0.56412	0.56415			6
2024.12.24	02:18:01.546	0.56413				2
2024.12.24	02:18:02.218		0.56417			4
2024.12.24	02:18:04.109	0.56419	0.56421			6
2024.12.24	02:18:04.894	0.56418				2
2024.12.24	02:18:07.977	0.56419	0.56422			6
2024.12.24	02:18:10.555	0.56418				2
2024.12.24	02:18:10.861	0.56423	0.56427			6
2024.12.24	02:18:16.952	0.56427	0.56431			6
2024.12.24	02:18:32.734	0.56426				2
2024.12.24	02:18:33.044	0.56428	0.56433			6
2024.12.24	02:18:34.786		0.56432			4
2024.12.24	02:18:35.193	0.56427	0.56430			6
2024.12.24	02:18:35.499	0.56425				2
2024.12.24	02:18:44.762	0.56423	0.56427			6
2024.12.24	02:18:45.219		0.56428			4
2024.12.24	02:18:47.763		0.56427			4
2024.12.24	02:18:50.970	0.56422	0.56426			6
2024.12.24	02:18:59.165	0.56423				2
2024.12.24	02:19:00.683	0.56423				2
2024.12.24	02:19:01.246	0.56429	0.56432			6
2024.12.24	02:19:08.121	0.56428	0.56431			6
2024.12.24	02:19:10.419		0.56433			4
2024.12.24	02:19:10.809		0.56431			4
2024.12.24	02:19:12.330	0.56429	0.56435			6
2024.12.24	02:19:13.021	0.56431	0.56434			6
2024.12.24	02:19:15.356	0.56430	0.56435			6
2024.12.24	02:19:15.661	0.56432				2
2024.12.24	02:19:16.275	0.56434	0.56436			6
2024.12.24	02:19:17.426		0.56437			4
2024.12.24	02:19:17.891	0.56436	0.56438			6
2024.12.24	02:19:18.206	0.56437	0.56440			6
2024.12.24	02:19:19.147	0.56434	0.56437			6
2024.12.24	02:19:20.540	0.56433	0.56439			6
2024.12.24	02:19:20.850	0.56434	0.56437			6
2024.12.24	02:19:26.524	0.56435	0.56438			6
2024.12.24	02:19:27.429	0.56437	0.56440			6
2024.12.24	02:19:46.568	0.56433	0.56436			6
2024.12.24	02:19:48.346	0.56436	0.56439			6
2024.12.24	02:19:49.235	0.56435	0.56438			6
2024.12.24	02:19:50.387		0.56439			4
2024.12.24	02:19:50.691		0.56440			4
2024.12.24	02:19:51.904	0.56436	0.56439			6
2024.12.24	02:19:52.223	0.56435	0.56440			6
2024.12.24	02:19:56.346		0.56439			4
2024.12.24	02:19:56.650	0.56433	0.56438			6
2024.12.24	02:20:00.216	0.56433				2
2024.12.24	02:20:01.101	0.56434	0.56439			6
2024.12.24	02:20:06.764	0.56435				2
2024.12.24	02:20:07.368		0.56437			4
2024.12.24	02:20:14.171	0.56432	0.56434			6
2024.12.24	02:20:14.486	0.56429	0.56433			6
2024.12.24	02:20:17.939		0.56432			4
2024.12.24	02:20:22.291		0.56433			4
2024.12.24	02:20:24.795		0.56432			4
2024.12.24	02:20:25.629	0.56432	0.56434			6
2024.12.24	02:20:26.101		0.56435			4
2024.12.24	02:20:44.943	0.56437	0.56439			6
2024.12.24	02:20:45.841		0.56440			4
2024.12.24	02:20:46.164	0.56436	0.56439			6
2024.12.24	02:20:47.821	0.56437	0.56440			6
2024.12.24	02:20:48.525		0.56439			4
2024.12.24	02:20:50.766		0.56440			4
2024.12.24	02:20:57.361	0.56438	0.56441			6
2024.12.24	02:20:59.529		0.56440			4
2024.12.24	02:20:59.846	0.56437				2
2024.12.24	02:21:00.181	0.56438				2
2024.12.24	02:21:00.858		0.56441			4
2024.12.24	02:21:09.284	0.56439				2
2024.12.24	02:21:10.106	0.56441	0.56444			6
2024.12.24	02:21:10.420	0.56442	0.56446			6
2024.12.24	02:21:11.085	0.56443				2
2024.12.24	02:21:20.783	0.56444	0.56447			6
2024.12.24	02:21:21.269	0.56445	0.56449			6
2024.12.24	02:21:22.920	0.56443	0.56447			6
2024.12.24	02:21:36.363	0.56444				2
2024.12.24	02:21:41.356	0.56442	0.56445			6
2024.12.24	02:21:42.399	0.56439	0.56442			6
2024.12.24	02:21:43.293		0.56441			4
2024.12.24	02:21:44.245	0.56438	0.56442			6
2024.12.24	02:21:47.322	0.56437				2
2024.12.24	02:21:47.629		0.56440			4
2024.12.24	02:21:48.473	0.56439	0.56442			6
2024.12.24	02:21:49.111	0.56438	0.56440			6
2024.12.24	02:21:49.736	0.56439	0.56442			6
2024.12.24	02:21:50.053	0.56438	0.56441			6
2024.12.24	02:21:50.397		0.56442			4
2024.12.24	02:21:53.529		0.56443			4
2024.12.24	02:21:57.366	0.56441	0.56445			6
2024.12.24	02:22:00.355	0.56441				2
2024.12.24	02:22:03.556		0.56446			4
2024.12.24	02:22:05.359	0.56443	0.56447			6
2024.12.24	02:22:05.683	0.56445	0.56449			6
2024.12.24	02:22:15.558	0.56448	0.56452			6
2024.12.24	02:22:15.886		0.56451			4
2024.12.24	02:22:17.315	0.56447	0.56450			6
2024.12.24	02:22:18.674	0.56448	0.56451			6
2024.12.24	02:22:22.978	0.56449	0.56452			6
2024.12.24	02:22:26.405	0.56448	0.56451			6
2024.12.24	02:22:27.108		0.56452			4
2024.12.24	02:22:27.937	0.56449				2
2024.12.24	02:22:33.141	0.56450	0.56453			6
2024.12.24	02:22:34.057	0.56451	0.56454			6
2024.12.24	02:22:34.749	0.56450	0.56453			6
2024.12.24	02:22:35.384	0.56451				2
2024.12.24	02:22:37.574		0.56454			4
2024.12.24	02:22:45.365	0.56450	0.56453			6
2024.12.24	02:22:52.245	0.56449	0.56451			6
2024.12.24	02:22:53.457		0.56452			4
2024.12.24	02:22:58.493	0.56450	0.56453			6
2024.12.24	02:23:00.026	0.56450				2
2024.12.24	02:23:00.328	0.56448	0.56451			6
2024.12.24	02:23:02.388	0.56446	0.56447			6
2024.12.24	02:23:03.002	0.56450	0.56452			6
2024.12.24	02:23:05.650	0.56452	0.56455			6
2024.12.24	02:23:10.704	0.56453	0.56456			6
2024.12.24	02:23:18.850	0.56452				2
2024.12.24	02:23:26.802		0.56455			4
2024.12.24	02:23:33.912	0.56448	0.56451			6
2024.12.24	02:23:35.433		0.56453			4
2024.12.24	02:23:35.826		0.56451			4
2024.12.24	02:23:38.649	0.56450	0.56453			6
2024.12.24	02:23:40.310	0.56452	0.56456			6
2024.12.24	02:23:42.556	0.56453				2
2024.12.24	02:23:44.121	0.56452	0.56455			6
2024.12.24	02:23:48.947	0.56457	0.56460			6
2024.12.24	02:23:49.263	0.56456	0.56459			6
2024.12.24	02:23:50.088	0.56454	0.56457			6
2024.12.24	02:23:50.415		0.56459			4
2024.12.24	02:23:50.717		0.56457			4
2024.12.24	02:23:55.614	0.56455				2
2024.12.24	02:23:55.929		0.56458			4
2024.12.24	02:24:00.070	0.56455				2
2024.12.24	02:24:01.087	0.56454	0.56456			6
2024.12.24	02:24:10.798	0.56457	0.56459			6
2024.12.24	02:24:11.106		0.56460			4
2024.12.24	02:24:11.913	0.56456	0.56459			6
2024.12.24	02:24:12.829	0.56457	0.56460			6
2024.12.24	02:24:14.131		0.56459			4
2024.12.24	02:24:14.830		0.56460			4
2024.12.24	02:24:15.627	0.56456	0.56458			6
2024.12.24	02:24:17.067	0.56455				2
2024.12.24	02:24:20.381		0.56461			4
2024.12.24	02:24:21.790		0.56460			4
2024.12.24	02:24:30.665	0.56454	0.56457			6
2024.12.24	02:24:32.016	0.56455	0.56459			6
2024.12.24	02:24:35.746		0.56460			4
2024.12.24	02:24:36.829		0.56459			4
2024.12.24	02:24:38.012		0.56460			4
2024.12.24	02:24:39.136		0.56459			4
2024.12.24	02:24:40.068		0.56460			4
2024.12.24	02:24:40.374		0.56459			4
2024.12.24	02:24:42.313	0.56456				2
2024.12.24	02:24:46.257	0.56457	0.56462			6
2024.12.24	02:25:00.197	0.56457				2
2024.12.24	02:25:01.240		0.56461			4
2024.12.24	02:25:01.544		0.56460			4
2024.12.24	02:25:06.433	0.56458				2
2024.12.24	02:25:10.376	0.56459				2
2024.12.24	02:25:13.406	0.56458				2
2024.12.24	02:25:20.121	0.56457				2
2024.12.24	02:25:21.028	0.56458				2
2024.12.24	02:25:28.323	0.56459				2
2024.12.24	02:25:41.082		0.56461			4
2024.12.24	02:25:41.390	0.56460				2
2024.12.24	02:25:42.922	0.56459	0.56460			6
2024.12.24	02:25:43.529		0.56461			4
2024.12.24	02:25:45.954		0.56460			4
2024.12.24	02:25:46.256		0.56461			4
2024.12.24	02:25:48.680		0.56460			4
2024.12.24	02:25:52.921	0.56460	0.56461			6
2024.12.24	02:25:54.440	0.56459	0.56460			6
2024.12.24	02:26:00.228	0.56459				2
2024.12.24	02:26:00.534	0.56460	0.56461			6
2024.12.24	02:26:09.036	0.56459	0.56460			6
2024.12.24	02:26:14.493		0.56461			4
2024.12.24	02:26:18.129	0.56455	0.56457			6
2024.12.24	02:26:18.735		0.56456			4
2024.12.24	02:26:19.340	0.56453	0.56455			6
2024.12.24	02:26:20.582	0.56452				2
2024.12.24	02:26:20.906	0.56453				2
2024.12.24	02:26:21.542	0.56452	0.56454			6
2024.12.24	02:26:25.181	0.56450	0.56453			6
2024.12.24	02:26:28.056		0.56452			4
2024.12.24	02:26:28.366	0.56449				2
2024.12.24	02:26:28.823	0.56450	0.56453			6
2024.12.24	02:26:31.345	0.56449				2
2024.12.24	02:26:32.801	0.56445	0.56449			6
2024.12.24	02:26:46.395	0.56446	0.56450			6
2024.12.24	02:26:46.907		0.56451			4
2024.12.24	02:26:47.222		0.56450			4
2024.12.24	02:26:47.533		0.56451			4
2024.12.24	02:26:48.127	0.56447				2
2024.12.24	02:26:54.581		0.56450			4
2024.12.24	02:26:56.399	0.56444	0.56447			6
2024.12.24	02:26:56.705	0.56443	0.56446			6
2024.12.24	02:26:58.524	0.56442				2
2024.12.24	02:26:59.129	0.56440	0.56442			6
2024.12.24	02:26:59.448	0.56438	0.56441			6
2024.12.24	02:26:59.756		0.56442			4
2024.12.24	02:27:00.091	0.56438				2
2024.12.24	02:27:02.034		0.56441			4
2024.12.24	02:27:02.473		0.56442			4
2024.12.24	02:27:04.084	0.56435	0.56439			6
2024.12.24	02:27:06.922	0.56436				2
2024.12.24	02:27:11.442	0.56435	0.56438			6
2024.12.24	02:27:15.333	0.56436	0.56439			6
2024.12.24	02:27:17.392	0.56435	0.56438			6
2024.12.24	02:27:39.369	0.56436	0.56439			6
2024.12.24	02:27:44.957		0.56438			4
2024.12.24	02:27:47.569		0.56439			4
2024.12.24	02:27:49.388		0.56438			4
2024.12.24	02:27:51.507	0.56435				2
2024.12.24	02:27:52.126	0.56436				2
2024.12.24	02:27:53.478	0.56435				2
2024.12.24	02:27:59.218		0.56436			4
2024.12.24	02:27:59.842	0.56433	0.56435			6
2024.12.24	02:28:00.145	0.56432				2
2024.12.24	02:28:00.451		0.56436			4
2024.12.24	02:28:01.407		0.56435			4
2024.12.24	02:28:02.620	0.56431				2
2024.12.24	02:28:06.257		0.56434			4
2024.12.24	02:28:13.225	0.56430	0.56432			6
2024.12.24	02:28:14.152		0.56433			4
2024.12.24	02:28:17.119		0.56432			4
2024.12.24	02:28:28.950		0.56431			4
2024.12.24	02:28:37.437	0.56426	0.56427			6
2024.12.24	02:28:37.742	0.56422	0.56424			6
2024.12.24	02:28:38.348		0.56425			4
2024.12.24	02:28:45.397	0.56418	0.56421			6
2024.12.24	02:28:46.236	0.56417				2
2024.12.24	02:29:00.380	0.56417				2
2024.12.24	02:29:26.572		0.56422			4
2024.12.24	02:29:28.363		0.56421			4
2024.12.24	02:29:31.152		0.56420			4
2024.12.24	02:29:31.758		0.56421			4
2024.12.24	02:29:32.363		0.56422			4
2024.12.24	02:29:39.379	0.56418				2
2024.12.24	02:29:44.248		0.56421			4
2024.12.24	02:29:46.065	0.56422	0.56425			6
2024.12.24	02:29:46.371	0.56421	0.56426			6
2024.12.24	02:29:47.447		0.56425			4
2024.12.24	02:29:47.761	0.56423	0.56428			6
2024.12.24	02:29:48.067	0.56424	0.56427			6
2024.12.24	02:29:54.175	0.56423				2
2024.12.24	02:29:55.436	0.56424	0.56428			6
2024.12.24	02:29:59.983		0.56429			4
2024.12.24	02:30:00.284	0.56424				2
2024.12.24	02:30:00.892	0.56423	0.56428			6
2024.12.24	02:30:02.101	0.56424				2
2024.12.24	02:30:04.526		0.56429			4
2024.12.24	02:30:09.043		0.56428			4
2024.12.24	02:30:09.379		0.56427			4
2024.12.24	02:30:13.624		0.56428			4
2024.12.24	02:30:14.533		0.56427			4
2024.12.24	02:30:15.744	0.56427	0.56431			6
2024.12.24	02:30:16.049	0.56430	0.56434			6
2024.12.24	02:30:16.655	0.56429	0.56433			6
2024.12.24	02:30:16.955	0.56428	0.56432			6
2024.12.24	02:30:17.259	0.56427	0.56431			6
2024.12.24	02:30:17.565		0.56432			4
2024.12.24	02:30:18.826	0.56426	0.56431			6
2024.12.24	02:30:19.129		0.56430			4
2024.12.24	02:30:20.339	0.56425				2
2024.12.24	02:30:21.551	0.56424				2
2024.12.24	02:30:21.857	0.56422	0.56427			6
2024.12.24	02:30:24.333		0.56428			4
2024.12.24	02:30:31.000		0.56427			4
2024.12.24	02:30:36.033	0.56423	0.56428			6
2024.12.24	02:30:36.346		0.56427			4
2024.12.24	02:30:36.653	0.56422				2
2024.12.24	02:30:37.864	0.56418	0.56422			6
2024.12.24	02:30:42.515	0.56419	0.56424			6
2024.12.24	02:30:42.827	0.56420	0.56423			6
2024.12.24	02:30:43.458	0.56417	0.56422			6
2024.12.24	02:30:43.794	0.56420	0.56424			6
2024.12.24	02:30:44.107		0.56423			4
2024.12.24	02:30:48.898	0.56419				2
2024.12.24	02:30:49.837	0.56420				2
2024.12.24	02:30:51.957	0.56419				2
2024.12.24	02:30:56.503	0.56417	0.56422			6
2024.12.24	02:30:56.808	0.56416	0.56420			6
2024.12.24	02:30:57.642	0.56417				2
2024.12.24	02:30:57.993		0.56421			4
2024.12.24	02:31:00.329	0.56418				2
2024.12.24	02:31:01.720	0.56417	0.56420			6
2024.12.24	02:31:02.419	0.56416				2
2024.12.24	02:31:05.645	0.56415				2
2024.12.24	02:31:06.252	0.56416	0.56419			6
2024.12.24	02:31:06.555		0.56421			4
2024.12.24	02:31:07.878	0.56418				2
2024.12.24	02:31:08.221		0.56422			4
2024.12.24	02:31:14.397	0.56417	0.56421			6
2024.12.24	02:31:15.968	0.56416	0.56420			6
2024.12.24	02:31:36.307	0.56417	0.56421			6
2024.12.24	02:31:40.092		0.56420			4
2024.12.24	02:31:40.411		0.56421			4
2024.12.24	02:31:49.030	0.56420	0.56423			6
2024.12.24	02:31:49.381		0.56422			4
2024.12.24	02:31:49.998		0.56423			4
2024.12.24	02:31:59.578		0.56422			4
2024.12.24	02:31:59.879	0.56419				2
2024.12.24	02:32:00.184	0.56420				2
2024.12.24	02:32:00.485	0.56422	0.56423			6
2024.12.24	02:32:00.791		0.56424			4
2024.12.24	02:32:01.317	0.56419	0.56420			6
2024.12.24	02:32:01.616	0.56418				2
2024.12.24	02:32:02.220		0.56421			4
2024.12.24	02:32:03.366	0.56419	0.56422			6
2024.12.24	02:32:12.163		0.56421			4
2024.12.24	02:32:20.044	0.56420				2
2024.12.24	02:32:26.406		0.56422			4
2024.12.24	02:32:27.043	0.56421				2
2024.12.24	02:32:27.952	0.56420				2
2024.12.24	02:32:37.044	0.56419	0.56421			6
2024.12.24	02:32:42.499		0.56420			4
2024.12.24	02:32:42.803	0.56418				2
2024.12.24	02:33:00.704	0.56418				2
2024.12.24	02:33:03.303	0.56420	0.56421			6
2024.12.24	02:33:04.039	0.56419				2
2024.12.24	02:33:06.328	0.56418	0.56420			6
2024.12.24	02:33:18.026	0.56417	0.56419			6
2024.12.24	02:33:20.148	0.56414	0.56416			6
2024.12.24	02:33:20.785		0.56415			4
2024.12.24	02:33:23.229		0.56416			4
2024.12.24	02:33:26.287		0.56415			4
2024.12.24	02:33:26.590		0.56416			4
2024.12.24	02:33:30.545	0.56415	0.56417			6
2024.12.24	02:33:35.087	0.56416				2
2024.12.24	02:33:36.298		0.56418			4
2024.12.24	02:33:42.956	0.56415	0.56417			6
2024.12.24	02:33:43.561	0.56416	0.56418			6
2024.12.24	02:33:47.499	0.56415	0.56417			6
2024.12.24	02:33:47.800	0.56416				2
2024.12.24	02:33:48.103		0.56418			4
2024.12.24	02:33:53.584	0.56414	0.56416			6
2024.12.24	02:33:56.941	0.56413	0.56415			6
2024.12.24	02:34:00.673	0.56413				2
2024.12.24	02:34:01.072	0.56411	0.56413			6
2024.12.24	02:34:01.689	0.56412	0.56414			6
2024.12.24	02:34:06.916	0.56415	0.56417			6
2024.12.24	02:34:07.221	0.56414	0.56416			6
2024.12.24	02:34:08.753	0.56415	0.56417			6
2024.12.24	02:34:10.569	0.56417	0.56419			6
2024.12.24	02:34:34.550	0.56416	0.56418			6
2024.12.24	02:34:34.855	0.56415	0.56417			6
2024.12.24	02:34:35.765	0.56412	0.56414			6
2024.12.24	02:34:36.370	0.56411	0.56415			6
2024.12.24	02:34:37.306	0.56412	0.56414			6
2024.12.24	02:34:37.608	0.56414	0.56417			6
2024.12.24	02:34:38.218	0.56413				2
2024.12.24	02:34:40.852	0.56412				2
2024.12.24	02:34:44.454	0.56413				2
2024.12.24	02:34:49.145		0.56416			4
2024.12.24	02:34:54.133	0.56414				2
2024.12.24	02:34:59.284	0.56415	0.56417			6
2024.12.24	02:34:59.912	0.56419	0.56421			6
2024.12.24	02:35:00.214	0.56418	0.56422			6
2024.12.24	02:35:00.641		0.56423			4
2024.12.24	02:35:01.585	0.56419				2
2024.12.24	02:35:01.886	0.56417	0.56422			6
2024.12.24	02:35:02.207	0.56418				2
2024.12.24	02:35:05.944	0.56416	0.56421			6
2024.12.24	02:35:06.978		0.56420			4
2024.12.24	02:35:07.283	0.56414	0.56418			6
2024.12.24	02:35:11.911	0.56415	0.56419			6
2024.12.24	02:35:12.228	0.56416	0.56420			6
2024.12.24	02:35:15.494	0.56417				2
2024.12.24	02:35:15.802	0.56413	0.56418			6
2024.12.24	02:35:16.912	0.56414				2
2024.12.24	02:35:17.623	0.56412	0.56416			6
2024.12.24	02:35:20.721	0.56411				2
2024.12.24	02:35:21.362	0.56412				2
2024.12.24	02:35:24.165	0.56410	0.56413			6
2024.12.24	02:35:25.548		0.56415			4
2024.12.24	02:35:29.381	0.56409	0.56414			6
2024.12.24	02:35:29.682	0.56410				2
2024.12.24	02:35:30.190		0.56415			4
2024.12.24	02:35:34.043	0.56409	0.56414			6
2024.12.24	02:35:37.837	0.56410	0.56415			6
2024.12.24	02:35:43.394	0.56411				2
2024.12.24	02:35:43.698	0.56412				2
2024.12.24	02:35:46.498	0.56411				2
2024.12.24	02:35:50.476	0.56412				2
2024.12.24	02:35:54.978	0.56411				2
2024.12.24	02:35:57.405	0.56412				2
2024.12.24	02:35:58.918	0.56413				2
2024.12.24	02:35:59.571		0.56417			4
2024.12.24	02:36:00.303	0.56413				2
2024.12.24	02:36:02.304		0.56416			4
2024.12.24	02:36:04.426	0.56412	0.56415			6
2024.12.24	02:36:08.415	0.56413				2
2024.12.24	02:36:31.544	0.56409	0.56411			6
2024.12.24	02:36:31.849	0.56407	0.56408			6
2024.12.24	02:36:32.149		0.56411			4
2024.12.24	02:36:33.205	0.56408	0.56412			6
2024.12.24	02:36:36.652		0.56411			4
2024.12.24	02:36:41.855		0.56412			4
2024.12.24	02:36:56.386		0.56411			4
2024.12.24	02:37:00.017	0.56407	0.56410			6
2024.12.24	02:37:00.626	0.56405	0.56408			6
2024.12.24	02:37:01.253		0.56409			4
2024.12.24	02:37:01.890	0.56406	0.56410			6
2024.12.24	02:37:05.405		0.56409			4
2024.12.24	02:37:11.174	0.56407				2
2024.12.24	02:37:15.412	0.56408	0.56410			6
2024.12.24	02:37:20.306	0.56407	0.56409			6
2024.12.24	02:37:23.339	0.56408	0.56410			6
2024.12.24	02:37:24.550	0.56409	0.56411			6
2024.12.24	02:37:25.456	0.56410	0.56412			6
2024.12.24	02:37:29.400	0.56413	0.56415			6
2024.12.24	02:37:29.702	0.56411	0.56413			6
2024.12.24	02:37:30.612	0.56409	0.56411			6
2024.12.24	02:37:37.891	0.56408	0.56410			6
2024.12.24	02:37:52.461	0.56409	0.56411			6
2024.12.24	02:37:56.568	0.56410	0.56412			6
2024.12.24	02:38:00.216	0.56410				2
2024.12.24	02:38:07.507	0.56412	0.56414			6
2024.12.24	02:38:09.322	0.56414	0.56415			6
2024.12.24	02:38:10.425	0.56413				2
2024.12.24	02:38:13.161	0.56412	0.56414			6
2024.12.24	02:38:21.362	0.56411	0.56413			6
2024.12.24	02:38:24.109	0.56410	0.56412			6
2024.12.24	02:38:25.621	0.56409	0.56411			6
2024.12.24	02:38:31.281	0.56408	0.56410			6
2024.12.24	02:38:33.435	0.56407	0.56409			6
2024.12.24	02:38:33.736		0.56408			4
2024.12.24	02:38:34.341	0.56408	0.56410			6
2024.12.24	02:38:34.642	0.56407	0.56409			6
2024.12.24	02:38:35.855	0.56409	0.56411			6
2024.12.24	02:38:36.601	0.56411	0.56412			6
2024.12.24	02:38:36.905	0.56413	0.56415			6
2024.12.24	02:38:38.162		0.56416			4
2024.12.24	02:38:39.030	0.56411	0.56415			6
2024.12.24	02:38:40.319	0.56409	0.56412			6
2024.12.24	02:38:40.695	0.56410	0.56413			6
2024.12.24	02:38:50.753	0.56409	0.56412			6
2024.12.24	02:39:00.764	0.56409				2
2024.12.24	02:39:01.808	0.56412	0.56413			6
2024.12.24	02:39:02.111	0.56413	0.56415			6
2024.12.24	02:39:02.457	0.56412				2
2024.12.24	02:39:03.822	0.56409	0.56411			6
2024.12.24	02:39:04.348		0.56412			4
2024.12.24	02:39:10.906	0.56410	0.56413			6
2024.12.24	02:39:11.214	0.56411	0.56414			6
2024.12.24	02:39:13.451	0.56412	0.56415			6
2024.12.24	02:39:14.464		0.56416			4
2024.12.24	02:39:14.824		0.56415			4
2024.12.24	02:39:18.241	0.56411				2
2024.12.24	02:39:22.127		0.56414			4
2024.12.24	02:39:27.809	0.56412	0.56415			6
2024.12.24	02:39:40.372	0.56413				2
2024.12.24	02:39:47.648	0.56410	0.56412			6
2024.12.24	02:39:56.237	0.56411				2
2024.12.24	02:39:56.540	0.56410				2
2024.12.24	02:40:00.177	0.56410				2
2024.12.24	02:40:01.087	0.56409	0.56410			6
2024.12.24	02:40:01.392	0.56407	0.56408			6
2024.12.24	02:40:02.316	0.56406				2
2024.12.24	02:40:08.403	0.56405				2
2024.12.24	02:40:10.547	0.56406	0.56409			6
2024.12.24	02:40:12.818		0.56408			4
2024.12.24	02:40:13.152		0.56409			4
2024.12.24	02:40:14.433	0.56410	0.56411			6
2024.12.24	02:40:14.740	0.56411	0.56413			6
2024.12.24	02:40:16.785	0.56410				2
2024.12.24	02:40:17.608	0.56409	0.56412			6
2024.12.24	02:40:26.510		0.56411			4
2024.12.24	02:40:27.898	0.56408				2
2024.12.24	02:40:31.297	0.56407	0.56410			6
2024.12.24	02:40:31.602	0.56408	0.56411			6
2024.12.24	02:40:32.358	0.56409				2
2024.12.24	02:40:33.844	0.56408				2
2024.12.24	02:40:38.201	0.56409				2
2024.12.24	02:40:38.897	0.56406				2
2024.12.24	02:40:40.291	0.56409				2
2024.12.24	02:40:55.067	0.56410	0.56412			6
2024.12.24	02:40:56.382	0.56412	0.56414			6
2024.12.24	02:40:56.685	0.56413	0.56415			6
2024.12.24	02:40:57.297	0.56412				2
2024.12.24	02:40:58.907	0.56411	0.56414			6
2024.12.24	02:41:00.055	0.56411				2
2024.12.24	02:41:00.470	0.56412	0.56415			6
2024.12.24	02:41:00.783	0.56411	0.56414			6
2024.12.24	02:41:01.543	0.56412	0.56415			6
2024.12.24	02:41:03.086	0.56414	0.56417			6
2024.12.24	02:41:05.253	0.56415				2
2024.12.24	02:41:06.088	0.56414				2
2024.12.24	02:41:06.408	0.56415	0.56418			6
2024.12.24	02:41:07.745		0.56417			4
2024.12.24	02:41:08.314		0.56418			4
2024.12.24	02:41:08.627	0.56413	0.56416			6
2024.12.24	02:41:14.810	0.56414				2
2024.12.24	02:41:34.392	0.56415				2
2024.12.24	02:41:38.020	0.56416	0.56418			6
2024.12.24	02:41:38.325	0.56417	0.56419			6
2024.12.24	02:41:39.233	0.56416				2
2024.12.24	02:41:39.951	0.56419	0.56421			6
2024.12.24	02:41:40.266	0.56420	0.56423			6
2024.12.24	02:41:40.570	0.56419	0.56422			6
2024.12.24	02:41:42.544	0.56420	0.56423			6
2024.12.24	02:41:46.152		0.56422			4
2024.12.24	02:41:48.410		0.56423			4
2024.12.24	02:41:53.282	0.56419	0.56422			6
2024.12.24	02:41:53.600		0.56421			4
2024.12.24	02:41:58.780		0.56420			4
2024.12.24	02:42:00.416	0.56419				2
2024.12.24	02:42:04.234	0.56420	0.56421			6
2024.12.24	02:42:05.150	0.56419	0.56420			6
2024.12.24	02:42:06.695	0.56420	0.56421			6
2024.12.24	02:42:11.541	0.56419	0.56420			6
2024.12.24	02:42:14.055	0.56420	0.56421			6
2024.12.24	02:42:14.373	0.56419	0.56420			6
2024.12.24	02:42:15.090	0.56420	0.56421			6
2024.12.24	02:42:16.919	0.56419	0.56420			6
2024.12.24	02:42:19.172	0.56420	0.56421			6
2024.12.24	02:42:21.917	0.56421	0.56422			6
2024.12.24	02:42:23.737	0.56419	0.56420			6
2024.12.24	02:42:27.570		0.56421			4
2024.12.24	02:42:29.023		0.56422			4
2024.12.24	02:42:35.790	0.56420				2
2024.12.24	02:42:51.253	0.56422	0.56423			6
2024.12.24	02:42:51.568		0.56424			4
2024.12.24	02:42:52.520	0.56423	0.56425			6
2024.12.24	02:42:54.035		0.56424			4
2024.12.24	02:42:54.338	0.56422				2
2024.12.24	02:42:54.683	0.56423				2
2024.12.24	02:42:56.265	0.56421				2
2024.12.24	02:42:59.212	0.56422				2
2024.12.24	02:43:00.509	0.56421				2
2024.12.24	02:43:06.891	0.56420	0.56423			6
2024.12.24	02:43:07.195	0.56418	0.56422			6
2024.12.24	02:43:07.596	0.56419				2
2024.12.24	02:43:08.851		0.56423			4
2024.12.24	02:43:09.416		0.56422			4
2024.12.24	02:43:11.536	0.56425	0.56426			6
2024.12.24	02:43:11.841		0.56427			4
2024.12.24	02:43:12.147	0.56424				2
2024.12.24	02:43:12.462	0.56425				2
2024.12.24	02:43:13.548	0.56424				2
2024.12.24	02:43:13.871	0.56423				2
2024.12.24	02:43:14.196	0.56419	0.56423			6
2024.12.24	02:43:20.081	0.56418	0.56422			6
2024.12.24	02:43:25.709		0.56423			4
2024.12.24	02:43:26.011	0.56419				2
2024.12.24	02:43:26.312	0.56420				2
2024.12.24	02:43:28.430	0.56419				2
2024.12.24	02:43:28.764	0.56424	0.56426			6
2024.12.24	02:43:35.833	0.56420	0.56425			6
2024.12.24	02:43:36.490	0.56421				2
2024.12.24	02:43:38.296	0.56422	0.56427			6
2024.12.24	02:43:40.536	0.56423				2
2024.12.24	02:43:42.258	0.56424				2
2024.12.24	02:43:48.992	0.56427	0.56430			6
2024.12.24	02:43:49.305	0.56426				2
2024.12.24	02:43:52.259	0.56425	0.56428			6
2024.12.24	02:43:52.839	0.56427	0.56430			6
2024.12.24	02:43:54.706	0.56426	0.56429			6
2024.12.24	02:43:56.704		0.56430			4
2024.12.24	02:43:57.718		0.56429			4
2024.12.24	02:43:58.236		0.56430			4
2024.12.24	02:44:00.554	0.56426				2
2024.12.24	02:44:06.383	0.56428	0.56431			6
2024.12.24	02:44:07.378	0.56429	0.56432			6
2024.12.24	02:44:07.899	0.56428	0.56431			6
2024.12.24	02:44:11.154	0.56426	0.56429			6
2024.12.24	02:44:11.546	0.56425				2
2024.12.24	02:44:13.264	0.56427	0.56430			6
2024.12.24	02:44:13.629	0.56426	0.56429			6
2024.12.24	02:44:16.434	0.56427	0.56430			6
2024.12.24	02:44:16.741	0.56426				2
2024.12.24	02:44:17.805	0.56427				2
2024.12.24	02:44:24.688		0.56431			4
2024.12.24	02:44:26.902	0.56424	0.56428			6
2024.12.24	02:44:27.205	0.56425				2
2024.12.24	02:44:33.914	0.56427	0.56430			6
2024.12.24	02:44:35.146	0.56426				2
2024.12.24	02:44:39.045	0.56427				2
2024.12.24	02:44:40.990	0.56426				2
2024.12.24	02:44:43.180	0.56425	0.56429			6
2024.12.24	02:44:43.483	0.56424				2
2024.12.24	02:44:44.500		0.56428			4
2024.12.24	02:44:46.861		0.56427			4
2024.12.24	02:44:52.908	0.56423	0.56426			6
2024.12.24	02:44:54.457	0.56424	0.56428			6
2024.12.24	02:44:54.764		0.56427			4
2024.12.24	02:44:55.883		0.56428			4
2024.12.24	02:44:56.555		0.56427			4
2024.12.24	02:45:00.202	0.56424				2
2024.12.24	02:45:01.563	0.56421	0.56425			6
2024.12.24	02:45:01.866	0.56422				2
2024.12.24	02:45:03.752	0.56419	0.56423			6
2024.12.24	02:45:04.079	0.56418				2
2024.12.24	02:45:08.135	0.56417				2
2024.12.24	02:45:08.439	0.56418	0.56422			6
2024.12.24	02:45:08.764		0.56421			4
2024.12.24	02:45:09.430		0.56422			4
2024.12.24	02:45:09.808		0.56421			4
2024.12.24	02:45:10.900		0.56422			4
2024.12.24	02:45:11.896		0.56421			4
2024.12.24	02:45:20.235	0.56417				2
2024.12.24	02:45:24.956	0.56418				2
2024.12.24	02:45:25.379		0.56420			4
2024.12.24	02:45:28.411	0.56417				2
2024.12.24	02:45:35.579	0.56418				2
2024.12.24	02:45:36.186		0.56419			4
2024.12.24	02:45:38.307	0.56416	0.56418			6
2024.12.24	02:45:43.461	0.56417	0.56419			6
2024.12.24	02:45:44.430	0.56416	0.56418			6
2024.12.24	02:45:47.769	0.56417	0.56419			6
2024.12.24	02:45:48.711	0.56420	0.56421			6
2024.12.24	02:45:50.223		0.56422			4
2024.12.24	02:45:50.530	0.56421	0.56423			6
2024.12.24	02:45:54.936	0.56420				2
2024.12.24	02:45:56.351	0.56419	0.56421			6
2024.12.24	02:46:00.448	0.56419	0.56422			6
2024.12.24	02:46:04.472	0.56418	0.56421			6
2024.12.24	02:46:04.826	0.56419				2
2024.12.24	02:46:05.207	0.56418				2
2024.12.24	02:46:06.554	0.56417	0.56419			6
2024.12.24	02:46:11.939	0.56416				2
2024.12.24	02:46:17.403		0.56418			4
2024.12.24	02:46:24.110		0.56419			4
2024.12.24	02:46:27.769	0.56423	0.56426			6
2024.12.24	02:46:28.375		0.56425			4
2024.12.24	02:46:29.314	0.56422	0.56427			6
2024.12.24	02:46:35.944		0.56426			4
2024.12.24	02:46:36.510		0.56427			4
2024.12.24	02:46:40.107		0.56426			4
2024.12.24	02:46:41.371		0.56427			4
2024.12.24	02:46:44.007		0.56426			4
2024.12.24	02:46:44.347		0.56427			4
2024.12.24	02:46:45.242	0.56423				2
2024.12.24	02:46:48.797	0.56424				2
2024.12.24	02:46:49.436	0.56423				2
2024.12.24	02:46:50.571	0.56424				2
2024.12.24	02:46:51.710	0.56423				2
2024.12.24	02:46:54.948		0.56428			4
2024.12.24	02:46:55.992	0.56424				2
2024.12.24	02:46:56.304	0.56423	0.56427			6
2024.12.24	02:47:00.586	0.56423				2
2024.12.24	02:47:08.311	0.56421	0.56426			6
2024.12.24	02:47:14.409	0.56422				2
2024.12.24	02:47:15.921	0.56421				2
2024.12.24	02:47:18.395	0.56422				2
2024.12.24	02:47:22.332		0.56425			4
2024.12.24	02:47:23.241	0.56417	0.56420			6
2024.12.24	02:47:23.546		0.56419			4
2024.12.24	02:47:24.151		0.56420			4
2024.12.24	02:47:25.624	0.56416	0.56417			6
2024.12.24	02:47:25.933		0.56420			4
2024.12.24	02:47:26.707	0.56417				2
2024.12.24	02:47:27.057	0.56418	0.56421			6
2024.12.24	02:47:28.024	0.56417				2
2024.12.24	02:47:28.415		0.56420			4
2024.12.24	02:47:30.056		0.56421			4
2024.12.24	02:47:32.008		0.56420			4
2024.12.24	02:47:34.439	0.56418	0.56421			6
2024.12.24	02:47:36.377	0.56416	0.56419			6
