<DATE>	<TIME>	<BID>	<ASK>	<LAST>	<VOLUME>	<FLAGS>
2024.07.24	00:00:00.949	0.59505	0.59650			6
2024.07.24	00:00:04.838		0.59648			4
2024.07.24	00:00:19.986	0.59499				2
2024.07.24	00:00:22.150	0.59505				2
2024.07.24	00:00:31.040	0.59508				2
2024.07.24	00:00:46.184	0.59534	0.59635			6
2024.07.24	00:00:55.895	0.59509	0.59647			6
2024.07.24	00:01:12.938	0.59509				2
2024.07.24	00:01:55.892		0.59648			4
2024.07.24	00:02:01.020	0.59509				2
2024.07.24	00:02:21.092		0.59649			4
2024.07.24	00:02:21.814		0.59648			4
2024.07.24	00:03:02.961	0.59509				2
2024.07.24	00:03:21.806		0.59645			4
2024.07.24	00:04:00.378	0.59509				2
2024.07.24	00:04:47.446		0.59645			4
2024.07.24	00:05:00.543	0.59509				2
2024.07.24	00:05:50.471		0.59645			4
2024.07.24	00:06:00.511	0.59519	0.59640			6
2024.07.24	00:06:10.940	0.59506				2
2024.07.24	00:07:00.510	0.59506				2
2024.07.24	00:07:00.871		0.59638			4
2024.07.24	00:07:02.067		0.59640			4
2024.07.24	00:07:04.071	0.59532				2
2024.07.24	00:08:01.007	0.59532				2
2024.07.24	00:08:02.631		0.59640			4
2024.07.24	00:08:05.057	0.59544	0.59628			6
2024.07.24	00:08:48.168	0.59543				2
2024.07.24	00:08:53.308	0.59545				2
2024.07.24	00:09:01.013	0.59545				2
2024.07.24	00:09:05.104		0.59628			4
2024.07.24	00:09:24.354	0.59535	0.59640			6
2024.07.24	00:10:19.546	0.59535				2
2024.07.24	00:10:48.215	0.59536	0.59640			6
2024.07.24	00:11:09.001	0.59538	0.59633			6
2024.07.24	00:11:18.790		0.59634			4
2024.07.24	00:11:19.338		0.59633			4
2024.07.24	00:11:20.051	0.59539				2
2024.07.24	00:12:00.294	0.59539				2
2024.07.24	00:12:05.611	0.59545	0.59628			6
2024.07.24	00:12:08.880	0.59546				2
2024.07.24	00:12:09.246	0.59544				2
2024.07.24	00:12:10.794	0.59543				2
2024.07.24	00:12:11.101	0.59544				2
2024.07.24	00:12:35.419	0.59545				2
2024.07.24	00:12:45.441	0.59546				2
2024.07.24	00:13:00.617	0.59546				2
2024.07.24	00:13:05.657		0.59628			4
2024.07.24	00:13:50.282	0.59545	0.59630			6
2024.07.24	00:14:00.921	0.59549	0.59632			6
2024.07.24	00:14:01.225	0.59548				2
2024.07.24	00:14:16.541	0.59552	0.59635			6
2024.07.24	00:14:17.377	0.59550				2
2024.07.24	00:14:33.198	0.59551				2
2024.07.24	00:14:36.602	0.59556				2
2024.07.24	00:14:36.935	0.59555	0.59633			6
2024.07.24	00:14:37.274	0.59550				2
2024.07.24	00:14:37.810		0.59631			4
2024.07.24	00:14:45.693		0.59629			4
2024.07.24	00:14:46.704		0.59631			4
2024.07.24	00:14:55.266	0.59555	0.59633			6
2024.07.24	00:14:57.206	0.59552				2
2024.07.24	00:15:00.448	0.59552				2
2024.07.24	00:15:05.270		0.59631			4
2024.07.24	00:15:06.206	0.59557				2
2024.07.24	00:15:06.509		0.59635			4
2024.07.24	00:15:11.569	0.59542	0.59630			6
2024.07.24	00:15:19.447	0.59529	0.59635			6
2024.07.24	00:15:19.817		0.59630			4
2024.07.24	00:15:20.590	0.59527	0.59628			6
2024.07.24	00:15:30.436	0.59538	0.59593			6
2024.07.24	00:15:33.298	0.59528	0.59605			6
2024.07.24	00:15:48.132	0.59530				2
2024.07.24	00:15:51.793	0.59528	0.59603			6
2024.07.24	00:15:54.153		0.59601			4
2024.07.24	00:16:00.321	0.59528				2
2024.07.24	00:16:01.061		0.59605			4
2024.07.24	00:16:14.748		0.59603			4
2024.07.24	00:16:16.422		0.59605			4
2024.07.24	00:16:32.822	0.59530				2
2024.07.24	00:16:39.793	0.59528				2
2024.07.24	00:16:43.118	0.59530				2
2024.07.24	00:16:47.726	0.59540	0.59594			6
2024.07.24	00:17:00.320	0.59540				2
2024.07.24	00:17:17.260	0.59546	0.59580			6
2024.07.24	00:17:23.113	0.59541				2
2024.07.24	00:17:41.181	0.59537				2
2024.07.24	00:18:00.312	0.59534	0.59579			6
2024.07.24	00:18:53.742	0.59536	0.59580			6
2024.07.24	00:18:58.495	0.59540	0.59593			6
2024.07.24	00:18:58.803	0.59543	0.59589			6
2024.07.24	00:19:00.040	0.59543				2
2024.07.24	00:19:03.740	0.59542	0.59614			6
2024.07.24	00:19:11.015	0.59538	0.59612			6
2024.07.24	00:19:11.332	0.59540	0.59614			6
2024.07.24	00:19:11.683	0.59542				2
2024.07.24	00:19:12.753		0.59613			4
2024.07.24	00:19:17.034		0.59611			4
2024.07.24	00:19:23.093		0.59612			4
2024.07.24	00:19:23.726	0.59549				2
2024.07.24	00:19:34.093		0.59611			4
2024.07.24	00:19:34.580		0.59610			4
2024.07.24	00:19:39.029		0.59611			4
2024.07.24	00:19:41.400		0.59610			4
2024.07.24	00:19:41.727		0.59611			4
2024.07.24	00:19:42.088		0.59610			4
2024.07.24	00:19:43.303		0.59611			4
2024.07.24	00:19:46.168		0.59610			4
2024.07.24	00:19:46.581		0.59611			4
2024.07.24	00:19:46.981		0.59609			4
2024.07.24	00:19:47.406		0.59610			4
2024.07.24	00:19:51.896	0.59547	0.59609			6
2024.07.24	00:19:52.993	0.59552	0.59611			6
2024.07.24	00:19:57.356	0.59549	0.59595			6
2024.07.24	00:19:57.659	0.59550				2
2024.07.24	00:19:58.681	0.59549				2
2024.07.24	00:20:00.012	0.59549				2
2024.07.24	00:20:00.502		0.59597			4
2024.07.24	00:20:02.012		0.59593			4
2024.07.24	00:20:11.172	0.59541	0.59586			6
2024.07.24	00:20:38.817	0.59537	0.59580			6
2024.07.24	00:21:00.595	0.59537				2
2024.07.24	00:21:38.819		0.59580			4
2024.07.24	00:21:45.456	0.59533				2
2024.07.24	00:21:50.335		0.59578			4
2024.07.24	00:21:50.640		0.59580			4
2024.07.24	00:22:00.887	0.59533				2
2024.07.24	00:22:28.795	0.59531				2
2024.07.24	00:22:29.099	0.59537	0.59598			6
2024.07.24	00:22:29.443		0.59599			4
2024.07.24	00:22:30.143	0.59540	0.59598			6
2024.07.24	00:22:30.461		0.59601			4
2024.07.24	00:22:35.234		0.59602			4
2024.07.24	00:22:43.641	0.59541	0.59601			6
2024.07.24	00:22:44.182	0.59540				2
2024.07.24	00:22:44.968	0.59538	0.59603			6
2024.07.24	00:22:46.619		0.59602			4
2024.07.24	00:22:47.936	0.59540	0.59603			6
2024.07.24	00:22:50.141		0.59604			4
2024.07.24	00:22:52.796		0.59580			4
2024.07.24	00:23:00.423	0.59540				2
2024.07.24	00:23:06.597	0.59534	0.59597			6
2024.07.24	00:23:06.899		0.59602			4
2024.07.24	00:23:07.375	0.59535				2
2024.07.24	00:23:07.926	0.59537	0.59601			6
2024.07.24	00:23:11.185	0.59538	0.59600			6
2024.07.24	00:23:14.026	0.59537	0.59599			6
2024.07.24	00:23:24.643	0.59538				2
2024.07.24	00:23:25.823		0.59600			4
2024.07.24	00:23:27.812		0.59599			4
2024.07.24	00:23:54.628	0.59537				2
2024.07.24	00:23:55.722		0.59598			4
2024.07.24	00:23:58.422		0.59599			4
2024.07.24	00:24:00.361	0.59537				2
2024.07.24	00:24:01.904		0.59601			4
2024.07.24	00:24:04.092	0.59538	0.59602			6
2024.07.24	00:24:09.717		0.59601			4
2024.07.24	00:24:10.090	0.59537				2
2024.07.24	00:24:23.663		0.59602			4
2024.07.24	00:24:24.741		0.59601			4
2024.07.24	00:24:25.789	0.59538	0.59602			6
2024.07.24	00:24:26.418	0.59540				2
2024.07.24	00:24:35.473	0.59537	0.59601			6
2024.07.24	00:24:54.418		0.59600			4
2024.07.24	00:25:00.737	0.59537				2
2024.07.24	00:25:03.508		0.59599			4
2024.07.24	00:25:14.865		0.59600			4
2024.07.24	00:25:41.183	0.59543	0.59589			6
2024.07.24	00:26:00.768	0.59543				2
2024.07.24	00:26:41.701		0.59589			4
2024.07.24	00:27:00.078	0.59543				2
2024.07.24	00:27:44.694		0.59589			4
2024.07.24	00:28:00.779	0.59543				2
2024.07.24	00:28:09.338	0.59545	0.59584			6
2024.07.24	00:28:13.901	0.59548				2
2024.07.24	00:29:00.777	0.59548				2
2024.07.24	00:29:09.715		0.59584			4
2024.07.24	00:30:00.298	0.59548				2
2024.07.24	00:30:10.460		0.59584			4
2024.07.24	00:31:33.042	0.59539	0.59595			6
2024.07.24	00:31:37.917	0.59538				2
2024.07.24	00:31:46.323	0.59539				2
2024.07.24	00:32:58.894	0.59541	0.59594			6
2024.07.24	00:33:02.821	0.59541				2
2024.07.24	00:33:09.416	0.59540				2
2024.07.24	00:34:00.456	0.59540	0.59594			6
2024.07.24	00:34:42.353		0.59595			4
2024.07.24	00:34:51.913	0.59539	0.59592			6
2024.07.24	00:34:53.015		0.59594			4
2024.07.24	00:34:57.719	0.59540				2
2024.07.24	00:35:18.719	0.59541				2
2024.07.24	00:35:23.287		0.59591			4
2024.07.24	00:35:38.747	0.59542	0.59592			6
2024.07.24	00:35:39.302	0.59540	0.59590			6
2024.07.24	00:35:42.865	0.59541				2
2024.07.24	00:35:44.224	0.59540				2
2024.07.24	00:35:46.187	0.59541	0.59591			6
2024.07.24	00:35:48.821	0.59540				2
2024.07.24	00:35:49.507	0.59541				2
2024.07.24	00:35:50.088	0.59540				2
2024.07.24	00:35:52.864	0.59541	0.59590			6
2024.07.24	00:35:54.417	0.59540	0.59589			6
2024.07.24	00:35:55.900	0.59541				2
2024.07.24	00:35:59.442	0.59542	0.59591			6
2024.07.24	00:35:59.900	0.59541	0.59589			6
2024.07.24	00:36:00.215	0.59541	0.59590			6
2024.07.24	00:36:09.856	0.59540	0.59589			6
2024.07.24	00:36:11.521	0.59541	0.59591			6
2024.07.24	00:36:12.096		0.59590			4
2024.07.24	00:36:12.553	0.59540	0.59589			6
2024.07.24	00:36:13.690	0.59541				2
2024.07.24	00:36:16.675		0.59593			4
2024.07.24	00:36:18.542	0.59538	0.59585			6
2024.07.24	00:36:18.843	0.59537				2
2024.07.24	00:36:20.493	0.59538				2
2024.07.24	00:36:29.080	0.59539				2
2024.07.24	00:36:30.719	0.59538				2
2024.07.24	00:36:34.616	0.59539				2
2024.07.24	00:36:36.050	0.59538				2
2024.07.24	00:36:41.443	0.59539				2
2024.07.24	00:36:44.343	0.59541	0.59580			6
2024.07.24	00:36:53.068	0.59539				2
2024.07.24	00:37:00.677	0.59541				2
2024.07.24	00:37:02.656	0.59543	0.59589			6
2024.07.24	00:37:08.818	0.59544				2
2024.07.24	00:37:11.283	0.59545				2
2024.07.24	00:37:11.654	0.59544				2
2024.07.24	00:37:12.818	0.59543				2
2024.07.24	00:38:00.752	0.59543				2
2024.07.24	00:38:02.656		0.59589			4
2024.07.24	00:39:00.394	0.59543				2
2024.07.24	00:39:02.729		0.59589			4
2024.07.24	00:39:15.292		0.59588			4
2024.07.24	00:39:25.420		0.59589			4
2024.07.24	00:39:34.875	0.59548	0.59598			6
2024.07.24	00:40:00.553	0.59548				2
2024.07.24	00:40:34.910		0.59598			4
2024.07.24	00:40:40.037		0.59600			4
2024.07.24	00:40:43.848		0.59596			4
2024.07.24	00:40:44.149	0.59546				2
2024.07.24	00:40:44.548		0.59595			4
2024.07.24	00:40:45.192		0.59596			4
2024.07.24	00:40:48.508	0.59548				2
2024.07.24	00:40:48.826		0.59599			4
2024.07.24	00:40:49.152	0.59550	0.59597			6
2024.07.24	00:40:57.297	0.59549				2
2024.07.24	00:41:00.361	0.59549				2
2024.07.24	00:41:16.291	0.59550	0.59601			6
2024.07.24	00:41:18.992		0.59602			4
2024.07.24	00:41:22.433	0.59549	0.59603			6
2024.07.24	00:41:23.995	0.59550				2
2024.07.24	00:41:24.349		0.59599			4
2024.07.24	00:41:25.618	0.59549				2
2024.07.24	00:41:26.039		0.59598			4
2024.07.24	00:41:33.979	0.59550	0.59601			6
2024.07.24	00:41:34.579		0.59600			4
2024.07.24	00:41:39.295	0.59549	0.59598			6
2024.07.24	00:41:39.607		0.59600			4
2024.07.24	00:41:39.946		0.59603			4
2024.07.24	00:41:40.329		0.59599			4
2024.07.24	00:41:44.093	0.59548				2
2024.07.24	00:41:44.434	0.59549	0.59600			6
2024.07.24	00:41:44.755		0.59603			4
2024.07.24	00:41:46.370		0.59601			4
2024.07.24	00:41:47.044		0.59602			4
2024.07.24	00:41:47.770	0.59548	0.59599			6
2024.07.24	00:41:48.190		0.59602			4
2024.07.24	00:41:48.781		0.59595			4
2024.07.24	00:41:49.092	0.59546				2
2024.07.24	00:41:51.594	0.59545				2
2024.07.24	00:42:00.368	0.59546				2
2024.07.24	00:42:10.531	0.59547				2
2024.07.24	00:42:17.013	0.59546				2
2024.07.24	00:42:20.652	0.59545				2
2024.07.24	00:42:23.473	0.59546				2
2024.07.24	00:42:23.785	0.59547				2
2024.07.24	00:42:24.104	0.59546				2
2024.07.24	00:42:27.726	0.59545				2
2024.07.24	00:42:31.012	0.59546				2
2024.07.24	00:42:36.117	0.59545				2
2024.07.24	00:42:39.101	0.59546				2
2024.07.24	00:42:39.717	0.59545				2
2024.07.24	00:42:49.606	0.59544	0.59593			6
2024.07.24	00:42:51.481	0.59547	0.59580			6
2024.07.24	00:43:00.779	0.59547				2
2024.07.24	00:43:04.154	0.59545				2
2024.07.24	00:43:16.663	0.59542				2
2024.07.24	00:43:28.867	0.59540				2
2024.07.24	00:43:32.435	0.59542				2
2024.07.24	00:43:33.292	0.59543				2
2024.07.24	00:43:33.910	0.59545	0.59595			6
2024.07.24	00:43:34.269	0.59544				2
2024.07.24	00:43:34.641		0.59596			4
2024.07.24	00:43:35.077	0.59545				2
2024.07.24	00:43:35.491		0.59595			4
2024.07.24	00:43:35.812		0.59596			4
2024.07.24	00:43:36.126		0.59595			4
2024.07.24	00:43:44.220	0.59546				2
2024.07.24	00:43:54.198		0.59597			4
2024.07.24	00:43:54.631		0.59595			4
2024.07.24	00:43:56.698	0.59545				2
2024.07.24	00:43:59.019	0.59546				2
2024.07.24	00:44:00.359	0.59546	0.59599			6
2024.07.24	00:44:00.677		0.59596			4
2024.07.24	00:44:01.009		0.59597			4
2024.07.24	00:44:02.576		0.59599			4
2024.07.24	00:44:07.589	0.59547				2
2024.07.24	00:44:09.715	0.59546	0.59600			6
2024.07.24	00:44:16.318		0.59599			4
2024.07.24	00:44:17.812		0.59596			4
2024.07.24	00:44:21.152		0.59600			4
2024.07.24	00:44:24.117		0.59599			4
2024.07.24	00:44:25.418		0.59600			4
2024.07.24	00:44:28.977		0.59599			4
2024.07.24	00:44:31.378		0.59596			4
2024.07.24	00:44:32.440		0.59595			4
2024.07.24	00:44:32.837		0.59598			4
2024.07.24	00:44:33.857		0.59595			4
2024.07.24	00:44:35.080	0.59548	0.59597			6
2024.07.24	00:44:35.592		0.59596			4
2024.07.24	00:44:55.313	0.59549	0.59598			6
2024.07.24	00:44:56.066		0.59595			4
2024.07.24	00:44:56.378	0.59548				2
2024.07.24	00:45:00.444	0.59548	0.59598			6
2024.07.24	00:45:03.022	0.59549				2
2024.07.24	00:45:05.991	0.59564	0.59587			6
2024.07.24	00:45:12.437	0.59563	0.59586			6
2024.07.24	00:45:12.828	0.59562				2
2024.07.24	00:45:13.209	0.59564	0.59587			6
2024.07.24	00:45:19.018		0.59588			4
2024.07.24	00:45:19.652		0.59587			4
2024.07.24	00:45:21.739	0.59563	0.59586			6
2024.07.24	00:45:22.095	0.59562				2
2024.07.24	00:45:22.435		0.59587			4
2024.07.24	00:45:23.981	0.59563				2
2024.07.24	00:45:24.293	0.59562	0.59586			6
2024.07.24	00:45:25.420	0.59564	0.59582			6
2024.07.24	00:45:25.826	0.59563				2
2024.07.24	00:45:41.318	0.59562				2
2024.07.24	00:45:41.713	0.59563				2
2024.07.24	00:45:46.198	0.59562				2
2024.07.24	00:45:46.973	0.59561				2
2024.07.24	00:45:49.405	0.59562				2
2024.07.24	00:45:50.768	0.59561				2
2024.07.24	00:45:51.443	0.59562				2
2024.07.24	00:45:51.850	0.59563				2
2024.07.24	00:45:52.161		0.59574			4
2024.07.24	00:46:00.382	0.59563				2
2024.07.24	00:46:53.236		0.59574			4
2024.07.24	00:47:01.447	0.59561				2
2024.07.24	00:47:02.640	0.59563				2
2024.07.24	00:47:47.977		0.59590			4
2024.07.24	00:47:48.292		0.59582			4
2024.07.24	00:47:49.150		0.59577			4
2024.07.24	00:48:00.384	0.59563				2
2024.07.24	00:48:50.286		0.59577			4
2024.07.24	00:49:00.917	0.59563	0.59574			6
2024.07.24	00:49:02.358		0.59572			4
2024.07.24	00:49:12.175		0.59569			4
2024.07.24	00:49:16.032		0.59567			4
2024.07.24	00:49:24.803		0.59585			4
2024.07.24	00:49:25.117		0.59567			4
2024.07.24	00:49:56.117	0.59558				2
2024.07.24	00:50:00.286	0.59558				2
2024.07.24	00:50:24.926	0.59551				2
2024.07.24	00:50:25.488		0.59567			4
2024.07.24	00:50:50.318	0.59558	0.59580			6
2024.07.24	00:51:00.279	0.59558				2
2024.07.24	00:51:00.584	0.59559				2
2024.07.24	00:51:01.583	0.59558				2
2024.07.24	00:51:50.334		0.59580			4
2024.07.24	00:51:51.489	0.59563	0.59570			6
2024.07.24	00:51:51.801		0.59575			4
2024.07.24	00:52:00.598	0.59563				2
2024.07.24	00:52:02.570		0.59573			4
2024.07.24	00:52:03.226		0.59571			4
2024.07.24	00:52:19.161	0.59561				2
2024.07.24	00:52:19.902	0.59563				2
2024.07.24	00:53:03.571	0.59563	0.59571			6
2024.07.24	00:53:53.188	0.59550	0.59572			6
2024.07.24	00:53:53.662	0.59556	0.59587			6
2024.07.24	00:53:53.963		0.59586			4
2024.07.24	00:53:54.588	0.59557	0.59585			6
2024.07.24	00:53:54.904	0.59556				2
2024.07.24	00:53:56.681		0.59587			4
2024.07.24	00:53:56.986		0.59585			4
2024.07.24	00:53:59.037		0.59586			4
2024.07.24	00:53:59.362	0.59557	0.59587			6
2024.07.24	00:54:00.842	0.59556	0.59586			6
2024.07.24	00:54:03.702		0.59585			4
2024.07.24	00:54:06.950	0.59555				2
2024.07.24	00:54:09.269	0.59554	0.59584			6
2024.07.24	00:54:12.225	0.59555				2
2024.07.24	00:54:40.566		0.59585			4
2024.07.24	00:54:40.953		0.59584			4
2024.07.24	00:54:42.035		0.59585			4
2024.07.24	00:54:43.692		0.59584			4
2024.07.24	00:54:50.079	0.59556	0.59586			6
2024.07.24	00:54:50.392	0.59555	0.59584			6
2024.07.24	00:54:58.824	0.59551	0.59572			6
2024.07.24	00:55:00.421	0.59550				2
2024.07.24	00:55:02.647	0.59549				2
2024.07.24	00:55:11.157	0.59545	0.59575			6
2024.07.24	00:55:11.461	0.59549				2
2024.07.24	00:55:11.993		0.59570			4
2024.07.24	00:55:12.735	0.59550				2
2024.07.24	00:55:14.211	0.59549				2
2024.07.24	00:55:14.555	0.59548				2
2024.07.24	00:55:15.005	0.59549				2
2024.07.24	00:55:17.833	0.59552				2
2024.07.24	00:55:18.846	0.59550				2
2024.07.24	00:55:19.975	0.59551				2
2024.07.24	00:55:23.254	0.59549				2
2024.07.24	00:55:24.534	0.59551				2
2024.07.24	00:55:29.347	0.59550				2
2024.07.24	00:55:31.509	0.59546				2
2024.07.24	00:55:32.673	0.59548				2
2024.07.24	00:55:34.451	0.59546				2
2024.07.24	00:55:35.766	0.59547				2
2024.07.24	00:55:37.027	0.59544				2
2024.07.24	00:55:37.483	0.59545				2
2024.07.24	00:55:38.240	0.59547				2
2024.07.24	00:55:39.507	0.59548				2
2024.07.24	00:55:40.113	0.59549				2
2024.07.24	00:55:41.480	0.59550				2
2024.07.24	00:55:42.549	0.59549				2
2024.07.24	00:55:43.449	0.59548				2
2024.07.24	00:55:44.832	0.59547				2
2024.07.24	00:55:46.993	0.59546				2
2024.07.24	00:55:49.082	0.59547				2
2024.07.24	00:55:52.581	0.59548	0.59567			6
2024.07.24	00:55:54.248	0.59547				2
2024.07.24	00:56:00.695	0.59547				2
2024.07.24	00:56:05.309	0.59549				2
2024.07.24	00:56:05.924	0.59548				2
2024.07.24	00:56:07.132	0.59549				2
2024.07.24	00:56:11.811	0.59547				2
2024.07.24	00:56:16.559	0.59548				2
2024.07.24	00:56:23.342	0.59549				2
2024.07.24	00:56:26.254	0.59548				2
2024.07.24	00:56:41.139	0.59549				2
2024.07.24	00:56:53.262	0.59550	0.59580			6
2024.07.24	00:56:53.897		0.59582			4
2024.07.24	00:56:57.535	0.59551				2
2024.07.24	00:57:02.580	0.59551				2
2024.07.24	00:57:11.669	0.59555				2
2024.07.24	00:57:12.293	0.59554				2
2024.07.24	00:57:16.131	0.59556				2
2024.07.24	00:57:20.104	0.59555				2
2024.07.24	00:57:22.313	0.59556				2
2024.07.24	00:57:27.550	0.59553	0.59581			6
2024.07.24	00:57:28.062	0.59556	0.59582			6
2024.07.24	00:57:31.874	0.59553	0.59581			6
2024.07.24	00:57:32.234	0.59556	0.59582			6
2024.07.24	00:57:39.596	0.59557				2
2024.07.24	00:57:42.243	0.59556				2
2024.07.24	00:57:43.483	0.59557				2
2024.07.24	00:57:43.907	0.59556				2
2024.07.24	00:57:47.611	0.59557				2
2024.07.24	00:57:51.070	0.59558				2
2024.07.24	00:57:53.440	0.59557				2
2024.07.24	00:58:19.950	0.59557				2
2024.07.24	00:58:20.881	0.59558				2
2024.07.24	00:58:21.184	0.59559				2
2024.07.24	00:58:21.594	0.59557				2
2024.07.24	00:58:29.606	0.59556				2
2024.07.24	00:58:41.395		0.59582			4
2024.07.24	00:58:41.723	0.59557				2
2024.07.24	00:58:44.308	0.59558				2
2024.07.24	00:58:45.401	0.59557				2
2024.07.24	00:59:01.842	0.59553	0.59567			6
2024.07.24	00:59:03.055	0.59551				2
2024.07.24	00:59:04.110	0.59550				2
2024.07.24	00:59:04.822	0.59551				2
2024.07.24	00:59:09.071	0.59550				2
2024.07.24	00:59:11.295	0.59551				2
2024.07.24	00:59:13.082	0.59550				2
2024.07.24	00:59:14.128	0.59549				2
2024.07.24	00:59:14.739	0.59550				2
2024.07.24	00:59:20.619	0.59549				2
2024.07.24	00:59:22.386	0.59551				2
2024.07.24	00:59:23.394	0.59549				2
2024.07.24	00:59:23.739	0.59550				2
2024.07.24	00:59:24.041	0.59549				2
2024.07.24	00:59:24.606	0.59550				2
2024.07.24	00:59:26.329	0.59549				2
2024.07.24	00:59:26.683	0.59550				2
2024.07.24	00:59:27.035	0.59549				2
2024.07.24	00:59:27.894	0.59550				2
2024.07.24	00:59:32.545	0.59551				2
2024.07.24	00:59:33.257	0.59550				2
2024.07.24	00:59:33.622	0.59552				2
2024.07.24	00:59:34.226	0.59551				2
2024.07.24	00:59:35.392	0.59552				2
2024.07.24	00:59:36.032	0.59550				2
2024.07.24	00:59:36.657	0.59553	0.59580			6
2024.07.24	00:59:36.960	0.59555	0.59583			6
2024.07.24	00:59:37.261	0.59554	0.59584			6
2024.07.24	00:59:37.561		0.59585			4
2024.07.24	00:59:38.354	0.59555	0.59580			6
2024.07.24	00:59:38.720	0.59557	0.59588			6
2024.07.24	00:59:39.047	0.59558				2
2024.07.24	00:59:39.509	0.59560	0.59590			6
2024.07.24	00:59:39.823	0.59558	0.59585			6
2024.07.24	00:59:40.166	0.59557	0.59580			6
2024.07.24	00:59:40.544	0.59558	0.59588			6
2024.07.24	00:59:42.434		0.59585			4
2024.07.24	00:59:42.794		0.59587			4
2024.07.24	00:59:43.139		0.59582			4
2024.07.24	00:59:43.441		0.59589			4
2024.07.24	00:59:43.742		0.59588			4
2024.07.24	00:59:45.285		0.59585			4
2024.07.24	00:59:45.603		0.59582			4
2024.07.24	00:59:45.965	0.59561				2
2024.07.24	00:59:46.320	0.59560				2
2024.07.24	00:59:46.690	0.59559				2
2024.07.24	00:59:50.566	0.59558				2
2024.07.24	01:00:00.400	0.59556				2
2024.07.24	01:00:00.955	0.59552				2
2024.07.24	01:00:01.259	0.59554				2
2024.07.24	01:00:02.221	0.59553				2
2024.07.24	01:00:02.629	0.59554				2
2024.07.24	01:00:03.041	0.59557				2
2024.07.24	01:00:05.632	0.59548	0.59567			6
2024.07.24	01:00:05.935		0.59568			4
2024.07.24	01:00:06.243		0.59564			4
2024.07.24	01:00:06.630		0.59565			4
2024.07.24	01:00:06.943		0.59563			4
2024.07.24	01:00:07.247		0.59560			4
2024.07.24	01:00:07.568		0.59563			4
2024.07.24	01:00:07.874		0.59561			4
2024.07.24	01:00:09.559		0.59562			4
2024.07.24	01:00:09.865		0.59563			4
2024.07.24	01:00:10.205		0.59562			4
2024.07.24	01:00:10.640	0.59538	0.59542			6
2024.07.24	01:00:12.250	0.59545	0.59546			6
2024.07.24	01:00:12.559	0.59548	0.59552			6
2024.07.24	01:00:12.992		0.59562			4
2024.07.24	01:00:14.233	0.59539	0.59545			6
2024.07.24	01:00:14.583	0.59538	0.59542			6
2024.07.24	01:00:19.365	0.59536	0.59540			6
2024.07.24	01:00:30.374	0.59530	0.59545			6
2024.07.24	01:00:30.980		0.59536			4
2024.07.24	01:00:32.884	0.59529	0.59534			6
2024.07.24	01:00:37.750	0.59524	0.59530			6
2024.07.24	01:00:40.399		0.59528			4
2024.07.24	01:00:55.496	0.59530	0.59533			6
2024.07.24	01:00:57.804	0.59528	0.59531			6
2024.07.24	01:01:00.310	0.59528				2
2024.07.24	01:01:01.535	0.59530	0.59533			6
2024.07.24	01:01:24.152		0.59537			4
2024.07.24	01:01:33.046	0.59531				2
2024.07.24	01:01:53.758	0.59527	0.59543			6
2024.07.24	01:01:54.062	0.59528				2
2024.07.24	01:01:54.439	0.59529	0.59545			6
2024.07.24	01:01:55.208	0.59528				2
2024.07.24	01:01:57.212		0.59544			4
2024.07.24	01:01:59.485		0.59545			4
2024.07.24	01:02:00.397	0.59528				2
2024.07.24	01:02:01.482	0.59527	0.59544			6
2024.07.24	01:02:04.071	0.59534	0.59540			6
2024.07.24	01:02:13.564		0.59541			4
2024.07.24	01:02:25.390	0.59527				2
2024.07.24	01:02:25.703		0.59543			4
2024.07.24	01:02:27.791	0.59529	0.59544			6
2024.07.24	01:02:28.106	0.59528				2
2024.07.24	01:02:28.946	0.59532				2
2024.07.24	01:02:29.261	0.59529				2
2024.07.24	01:02:31.057	0.59531	0.59545			6
2024.07.24	01:02:31.383	0.59528	0.59544			6
2024.07.24	01:02:31.834	0.59531	0.59545			6
2024.07.24	01:02:32.152		0.59542			4
2024.07.24	01:02:32.461	0.59532				2
2024.07.24	01:02:32.763		0.59543			4
2024.07.24	01:02:33.072	0.59533				2
2024.07.24	01:02:33.382	0.59534	0.59544			6
2024.07.24	01:02:33.705	0.59535				2
2024.07.24	01:02:40.623	0.59534				2
2024.07.24	01:02:41.340	0.59535				2
2024.07.24	01:02:47.164		0.59545			4
2024.07.24	01:02:51.386	0.59534	0.59544			6
2024.07.24	01:02:52.083	0.59532	0.59545			6
2024.07.24	01:02:53.866	0.59533				2
2024.07.24	01:02:56.703	0.59531	0.59544			6
2024.07.24	01:02:57.765	0.59530				2
2024.07.24	01:02:58.187	0.59532				2
2024.07.24	01:03:00.104	0.59532				2
2024.07.24	01:03:01.431	0.59531				2
2024.07.24	01:03:12.690	0.59528				2
2024.07.24	01:03:13.401	0.59529	0.59545			6
2024.07.24	01:03:13.702		0.59544			4
2024.07.24	01:03:14.703	0.59530	0.59545			6
2024.07.24	01:03:15.342	0.59531				2
2024.07.24	01:03:15.806	0.59529				2
2024.07.24	01:03:16.505	0.59535	0.59542			6
2024.07.24	01:03:17.261	0.59531	0.59545			6
2024.07.24	01:03:17.563	0.59529				2
2024.07.24	01:03:17.914		0.59544			4
2024.07.24	01:03:19.388	0.59528				2
2024.07.24	01:03:20.523	0.59529				2
2024.07.24	01:03:24.103		0.59545			4
2024.07.24	01:03:24.603		0.59544			4
2024.07.24	01:03:25.230	0.59530	0.59542			6
2024.07.24	01:03:25.542	0.59529				2
2024.07.24	01:03:26.530	0.59533	0.59543			6
2024.07.24	01:03:27.610	0.59531				2
2024.07.24	01:03:29.111	0.59530				2
2024.07.24	01:03:48.411		0.59544			4
2024.07.24	01:03:50.820	0.59533	0.59545			6
2024.07.24	01:03:57.246	0.59531	0.59544			6
2024.07.24	01:04:00.364	0.59531				2
2024.07.24	01:04:14.633	0.59529				2
2024.07.24	01:04:15.463		0.59543			4
2024.07.24	01:04:15.994	0.59528				2
2024.07.24	01:04:16.301	0.59529	0.59545			6
2024.07.24	01:04:20.244	0.59530				2
2024.07.24	01:04:20.805	0.59529				2
2024.07.24	01:04:23.458	0.59534				2
2024.07.24	01:04:24.462	0.59532	0.59543			6
2024.07.24	01:04:34.166	0.59533	0.59542			6
2024.07.24	01:04:35.257		0.59543			4
2024.07.24	01:04:36.275		0.59544			4
2024.07.24	01:04:47.426	0.59534				2
2024.07.24	01:04:57.838	0.59536				2
2024.07.24	01:05:00.348	0.59536				2
2024.07.24	01:05:00.883	0.59534				2
2024.07.24	01:05:01.201	0.59533	0.59545			6
2024.07.24	01:05:04.944	0.59532				2
2024.07.24	01:05:07.010	0.59533				2
2024.07.24	01:05:08.914	0.59532	0.59544			6
2024.07.24	01:05:10.016		0.59545			4
2024.07.24	01:05:10.708		0.59544			4
2024.07.24	01:05:11.321		0.59543			4
2024.07.24	01:05:12.351	0.59531				2
2024.07.24	01:05:22.055	0.59532	0.59541			6
2024.07.24	01:05:24.594	0.59531				2
2024.07.24	01:05:25.621	0.59529	0.59539			6
2024.07.24	01:05:46.913	0.59545	0.59546			6
2024.07.24	01:05:47.221	0.59540	0.59547			6
2024.07.24	01:05:47.541	0.59544	0.59549			6
2024.07.24	01:05:47.862	0.59551	0.59552			6
2024.07.24	01:05:48.172	0.59552	0.59553			6
2024.07.24	01:05:48.476	0.59549	0.59552			6
2024.07.24	01:05:48.790	0.59539	0.59550			6
2024.07.24	01:05:49.102	0.59546	0.59549			6
2024.07.24	01:05:49.402	0.59551	0.59552			6
2024.07.24	01:05:49.723	0.59550	0.59553			6
2024.07.24	01:05:50.025	0.59543	0.59552			6
2024.07.24	01:05:50.356	0.59549	0.59551			6
2024.07.24	01:05:50.667	0.59548	0.59552			6
2024.07.24	01:05:51.017	0.59550				2
2024.07.24	01:05:51.377	0.59553	0.59554			6
2024.07.24	01:05:51.680	0.59549	0.59553			6
2024.07.24	01:05:52.037	0.59541	0.59552			6
2024.07.24	01:05:52.364	0.59543				2
2024.07.24	01:05:52.682	0.59539	0.59550			6
2024.07.24	01:05:57.002		0.59549			4
2024.07.24	01:05:57.356	0.59538				2
2024.07.24	01:05:59.998		0.59548			4
2024.07.24	01:06:01.670	0.59538	0.59547			6
2024.07.24	01:06:08.684	0.59537				2
2024.07.24	01:06:15.017		0.59546			4
2024.07.24	01:06:17.693		0.59545			4
2024.07.24	01:06:35.019	0.59542	0.59550			6
2024.07.24	01:06:35.693		0.59549			4
2024.07.24	01:06:36.088	0.59541				2
2024.07.24	01:06:37.753		0.59550			4
2024.07.24	01:06:38.105	0.59542				2
2024.07.24	01:06:47.417	0.59541	0.59549			6
2024.07.24	01:06:48.683	0.59539	0.59546			6
2024.07.24	01:06:51.316	0.59538				2
2024.07.24	01:06:52.870		0.59545			4
2024.07.24	01:07:00.595	0.59538	0.59539			6
2024.07.24	01:07:00.910		0.59545			4
2024.07.24	01:07:01.265		0.59539			4
2024.07.24	01:07:01.787		0.59545			4
2024.07.24	01:07:49.215	0.59537				2
2024.07.24	01:07:59.702		0.59544			4
2024.07.24	01:08:01.522	0.59536	0.59543			6
2024.07.24	01:08:05.600	0.59537				2
2024.07.24	01:08:07.472	0.59533				2
2024.07.24	01:08:15.656	0.59542	0.59547			6
2024.07.24	01:08:15.964	0.59540				2
2024.07.24	01:08:16.265	0.59536	0.59546			6
2024.07.24	01:08:16.606	0.59542	0.59550			6
2024.07.24	01:08:16.944	0.59545	0.59551			6
2024.07.24	01:08:17.276	0.59547				2
2024.07.24	01:08:19.436	0.59548				2
2024.07.24	01:08:20.079	0.59542				2
2024.07.24	01:08:27.562		0.59552			4
2024.07.24	01:08:27.928	0.59543	0.59551			6
2024.07.24	01:08:34.990		0.59550			4
2024.07.24	01:08:38.514	0.59544				2
2024.07.24	01:08:38.855	0.59545	0.59552			6
2024.07.24	01:08:39.162	0.59544	0.59554			6
2024.07.24	01:08:39.468	0.59546	0.59553			6
2024.07.24	01:08:39.771	0.59543	0.59552			6
2024.07.24	01:08:45.074	0.59542	0.59551			6
2024.07.24	01:08:48.594		0.59552			4
2024.07.24	01:08:49.153		0.59551			4
2024.07.24	01:09:00.596	0.59542				2
2024.07.24	01:09:10.103	0.59541				2
2024.07.24	01:09:11.337	0.59543	0.59553			6
2024.07.24	01:09:14.808		0.59552			4
2024.07.24	01:09:17.776		0.59551			4
2024.07.24	01:09:19.552		0.59552			4
2024.07.24	01:09:22.092	0.59542				2
2024.07.24	01:09:44.435		0.59551			4
2024.07.24	01:09:46.557	0.59540	0.59550			6
2024.07.24	01:09:49.202	0.59539	0.59548			6
2024.07.24	01:09:49.522		0.59549			4
2024.07.24	01:09:51.244	0.59538	0.59548			6
2024.07.24	01:10:00.712	0.59538				2
2024.07.24	01:10:01.765	0.59537	0.59547			6
2024.07.24	01:10:07.136		0.59548			4
2024.07.24	01:10:16.354		0.59547			4
2024.07.24	01:10:41.064	0.59536	0.59546			6
2024.07.24	01:10:42.628		0.59539			4
2024.07.24	01:10:42.931		0.59546			4
2024.07.24	01:10:43.245		0.59539			4
2024.07.24	01:10:43.591		0.59546			4
2024.07.24	01:10:49.036	0.59535				2
2024.07.24	01:10:52.006	0.59537				2
2024.07.24	01:10:53.395		0.59547			4
2024.07.24	01:10:58.045	0.59538				2
2024.07.24	01:10:59.147	0.59536	0.59545			6
2024.07.24	01:10:59.466		0.59544			4
2024.07.24	01:11:00.047	0.59536				2
2024.07.24	01:11:01.413		0.59545			4
2024.07.24	01:11:08.047		0.59546			4
2024.07.24	01:11:10.353		0.59547			4
2024.07.24	01:11:27.798		0.59546			4
2024.07.24	01:11:30.069		0.59547			4
2024.07.24	01:11:49.825	0.59538	0.59549			6
2024.07.24	01:11:54.818	0.59539	0.59550			6
2024.07.24	01:12:00.360	0.59539				2
2024.07.24	01:12:02.030	0.59538	0.59548			6
2024.07.24	01:12:05.694		0.59549			4
2024.07.24	01:12:06.623	0.59536	0.59546			6
2024.07.24	01:12:11.230	0.59535				2
2024.07.24	01:12:16.337	0.59536				2
2024.07.24	01:12:23.289		0.59547			4
2024.07.24	01:12:27.033		0.59546			4
2024.07.24	01:12:45.526	0.59537	0.59547			6
2024.07.24	01:12:56.911	0.59538	0.59545			6
2024.07.24	01:12:57.289	0.59537				2
2024.07.24	01:13:01.592	0.59537				2
2024.07.24	01:13:03.562	0.59536				2
2024.07.24	01:13:05.899		0.59544			4
2024.07.24	01:13:07.127	0.59535				2
2024.07.24	01:13:14.660	0.59536	0.59545			6
2024.07.24	01:13:19.684		0.59544			4
2024.07.24	01:13:23.804	0.59535				2
2024.07.24	01:13:25.112	0.59536				2
2024.07.24	01:13:28.520		0.59545			4
2024.07.24	01:13:45.315	0.59537				2
2024.07.24	01:13:45.663	0.59538				2
2024.07.24	01:13:46.273	0.59537				2
2024.07.24	01:13:51.781	0.59538				2
2024.07.24	01:13:53.319		0.59546			4
2024.07.24	01:13:54.959	0.59539	0.59548			6
2024.07.24	01:13:55.263	0.59538	0.59547			6
2024.07.24	01:13:56.156		0.59546			4
2024.07.24	01:13:57.595	0.59539				2
2024.07.24	01:13:58.260	0.59538				2
2024.07.24	01:14:00.406	0.59536	0.59545			6
2024.07.24	01:14:00.708		0.59544			4
2024.07.24	01:14:04.241	0.59537				2
2024.07.24	01:14:10.231	0.59536				2
2024.07.24	01:14:10.600	0.59534				2
2024.07.24	01:14:11.195		0.59542			4
2024.07.24	01:14:11.651	0.59536	0.59544			6
2024.07.24	01:14:13.201		0.59543			4
2024.07.24	01:14:14.331	0.59534	0.59542			6
2024.07.24	01:14:15.331		0.59541			4
2024.07.24	01:14:15.835	0.59536	0.59543			6
2024.07.24	01:14:22.357	0.59534	0.59542			6
2024.07.24	01:14:23.167		0.59540			4
2024.07.24	01:14:24.908	0.59533	0.59539			6
2024.07.24	01:14:40.624		0.59538			4
2024.07.24	01:14:59.035		0.59539			4
2024.07.24	01:15:00.672	0.59533	0.59540			6
2024.07.24	01:15:23.021		0.59542			4
2024.07.24	01:15:32.041		0.59541			4
2024.07.24	01:15:32.785		0.59540			4
2024.07.24	01:15:51.702		0.59539			4
2024.07.24	01:15:57.355	0.59532				2
2024.07.24	01:16:01.705	0.59532				2
2024.07.24	01:16:06.201	0.59533	0.59542			6
2024.07.24	01:16:06.599		0.59541			4
2024.07.24	01:16:07.195	0.59532	0.59540			6
2024.07.24	01:16:19.342		0.59541			4
2024.07.24	01:16:20.413		0.59540			4
2024.07.24	01:16:20.756		0.59539			4
2024.07.24	01:16:26.675		0.59538			4
2024.07.24	01:16:27.992		0.59537			4
2024.07.24	01:16:37.841	0.59533	0.59538			6
2024.07.24	01:16:40.510	0.59538	0.59546			6
2024.07.24	01:16:48.981		0.59545			4
2024.07.24	01:16:50.003		0.59544			4
2024.07.24	01:16:51.151		0.59548			4
2024.07.24	01:17:00.459	0.59539				2
2024.07.24	01:17:09.593	0.59538				2
2024.07.24	01:17:24.724		0.59547			4
2024.07.24	01:17:27.071	0.59540	0.59549			6
2024.07.24	01:17:27.397	0.59539	0.59548			6
2024.07.24	01:17:29.253		0.59547			4
2024.07.24	01:17:31.196		0.59546			4
2024.07.24	01:17:33.599		0.59547			4
2024.07.24	01:17:35.004		0.59546			4
2024.07.24	01:17:56.094	0.59538				2
2024.07.24	01:18:02.181	0.59538				2
2024.07.24	01:18:06.543		0.59544			4
2024.07.24	01:18:09.321		0.59545			4
2024.07.24	01:18:10.504	0.59539	0.59547			6
2024.07.24	01:18:21.854	0.59538				2
2024.07.24	01:18:22.326	0.59539				2
2024.07.24	01:18:24.871	0.59540				2
2024.07.24	01:18:26.600	0.59539				2
2024.07.24	01:18:27.376	0.59538				2
2024.07.24	01:18:27.708	0.59539				2
2024.07.24	01:18:30.371	0.59538				2
2024.07.24	01:18:31.021	0.59539				2
2024.07.24	01:18:34.570	0.59541	0.59548			6
2024.07.24	01:18:42.987	0.59542				2
2024.07.24	01:18:53.943	0.59539	0.59547			6
2024.07.24	01:18:54.601	0.59538				2
2024.07.24	01:18:56.195		0.59546			4
2024.07.24	01:18:57.596	0.59537				2
2024.07.24	01:18:59.170	0.59538	0.59547			6
2024.07.24	01:19:00.176	0.59538				2
2024.07.24	01:19:01.565	0.59537				2
2024.07.24	01:19:02.082	0.59538				2
2024.07.24	01:19:11.386		0.59546			4
2024.07.24	01:19:13.744	0.59540	0.59547			6
2024.07.24	01:19:14.115		0.59548			4
2024.07.24	01:19:17.981		0.59547			4
2024.07.24	01:19:19.014		0.59548			4
2024.07.24	01:19:31.055		0.59547			4
2024.07.24	01:19:45.786	0.59541				2
2024.07.24	01:19:56.423	0.59540				2
2024.07.24	01:20:05.315	0.59541				2
2024.07.24	01:20:07.047	0.59539				2
2024.07.24	01:20:07.770		0.59546			4
2024.07.24	01:20:14.522		0.59545			4
2024.07.24	01:20:14.836	0.59538	0.59546			6
2024.07.24	01:20:18.230		0.59544			4
2024.07.24	01:20:18.780		0.59546			4
2024.07.24	01:20:20.630	0.59537	0.59545			6
2024.07.24	01:20:21.391	0.59538				2
2024.07.24	01:20:24.083	0.59539	0.59546			6
2024.07.24	01:20:24.407	0.59538				2
2024.07.24	01:20:25.629		0.59545			4
2024.07.24	01:20:48.823		0.59544			4
2024.07.24	01:20:49.243		0.59545			4
2024.07.24	01:21:00.390	0.59538				2
2024.07.24	01:21:00.951		0.59544			4
2024.07.24	01:21:16.418	0.59537				2
2024.07.24	01:21:19.408	0.59538				2
2024.07.24	01:21:24.301	0.59537				2
2024.07.24	01:21:25.424	0.59538				2
2024.07.24	01:21:43.429		0.59545			4
2024.07.24	01:21:49.661		0.59539			4
2024.07.24	01:21:50.826		0.59545			4
2024.07.24	01:21:58.420		0.59544			4
2024.07.24	01:21:59.682		0.59545			4
2024.07.24	01:22:00.245	0.59538	0.59544			6
2024.07.24	01:22:01.299	0.59540				2
2024.07.24	01:22:01.652	0.59538				2
2024.07.24	01:22:01.955	0.59540				2
2024.07.24	01:22:02.259	0.59538	0.59545			6
2024.07.24	01:22:06.619	0.59540				2
2024.07.24	01:22:06.949	0.59538				2
2024.07.24	01:22:09.518		0.59542			4
2024.07.24	01:22:19.118		0.59543			4
2024.07.24	01:22:28.755		0.59545			4
2024.07.24	01:22:29.415	0.59539	0.59544			6
2024.07.24	01:22:30.391	0.59538				2
2024.07.24	01:22:39.399		0.59546			4
2024.07.24	01:22:52.652	0.59539	0.59545			6
2024.07.24	01:22:53.172	0.59540	0.59546			6
2024.07.24	01:22:56.406		0.59547			4
2024.07.24	01:23:00.345	0.59540				2
2024.07.24	01:23:00.988	0.59539				2
2024.07.24	01:23:01.387	0.59540				2
2024.07.24	01:23:02.401	0.59539				2
2024.07.24	01:23:04.369		0.59546			4
2024.07.24	01:23:05.383	0.59540				2
2024.07.24	01:23:06.582	0.59541				2
2024.07.24	01:23:07.406		0.59548			4
2024.07.24	01:23:18.298	0.59538	0.59547			6
2024.07.24	01:23:18.921		0.59545			4
2024.07.24	01:23:40.031		0.59546			4
2024.07.24	01:23:41.204	0.59539				2
2024.07.24	01:23:41.591	0.59540				2
2024.07.24	01:23:42.153	0.59539				2
2024.07.24	01:23:43.400	0.59538				2
2024.07.24	01:23:50.978		0.59543			4
2024.07.24	01:23:51.920		0.59546			4
2024.07.24	01:23:58.556	0.59539				2
2024.07.24	01:23:59.440	0.59540				2
2024.07.24	01:24:00.222	0.59540				2
2024.07.24	01:24:00.615	0.59539				2
2024.07.24	01:24:27.450	0.59538				2
2024.07.24	01:24:30.711	0.59539				2
2024.07.24	01:24:37.656	0.59540				2
2024.07.24	01:24:49.737	0.59539				2
2024.07.24	01:24:53.578		0.59546			4
2024.07.24	01:24:58.371	0.59537	0.59544			6
2024.07.24	01:24:58.747	0.59536				2
2024.07.24	01:24:59.370	0.59537	0.59543			6
2024.07.24	01:25:00.394	0.59537	0.59544			6
2024.07.24	01:25:03.709	0.59536	0.59543			6
2024.07.24	01:25:43.760		0.59542			4
2024.07.24	01:26:01.476	0.59536				2
2024.07.24	01:26:29.428	0.59537				2
2024.07.24	01:26:43.764		0.59542			4
2024.07.24	01:26:46.809	0.59538				2
2024.07.24	01:26:52.414		0.59541			4
2024.07.24	01:27:03.784	0.59538				2
2024.07.24	01:27:04.398	0.59537				2
2024.07.24	01:27:05.868	0.59536				2
2024.07.24	01:27:07.156	0.59537				2
2024.07.24	01:27:08.117	0.59536				2
2024.07.24	01:27:08.793	0.59537				2
2024.07.24	01:27:12.677	0.59536				2
2024.07.24	01:27:21.065	0.59537				2
2024.07.24	01:27:22.139	0.59536				2
2024.07.24	01:27:22.613	0.59537				2
2024.07.24	01:27:52.934		0.59541			4
2024.07.24	01:28:00.088	0.59537				2
2024.07.24	01:28:30.661	0.59538				2
2024.07.24	01:28:33.456	0.59536				2
2024.07.24	01:28:33.758	0.59537				2
2024.07.24	01:28:36.985	0.59538				2
2024.07.24	01:28:41.012	0.59537				2
2024.07.24	01:28:41.383	0.59538				2
2024.07.24	01:28:51.482	0.59537				2
2024.07.24	01:28:53.023	0.59538	0.59541			6
2024.07.24	01:29:00.275	0.59538				2
2024.07.24	01:29:48.938	0.59541	0.59542			6
2024.07.24	01:29:49.930	0.59539				2
2024.07.24	01:29:50.339	0.59538				2
2024.07.24	01:29:50.797	0.59539				2
2024.07.24	01:29:51.130	0.59537				2
2024.07.24	01:30:00.307	0.59538	0.59540			6
2024.07.24	01:30:01.296		0.59541			4
2024.07.24	01:30:02.708		0.59540			4
2024.07.24	01:30:03.157	0.59537				2
2024.07.24	01:30:43.400	0.59538				2
2024.07.24	01:30:51.726	0.59537				2
2024.07.24	01:30:59.712	0.59542	0.59544			6
2024.07.24	01:31:00.027	0.59542				2
2024.07.24	01:31:30.610	0.59543	0.59545			6
2024.07.24	01:31:35.791	0.59545	0.59546			6
2024.07.24	01:31:36.202	0.59544				2
2024.07.24	01:31:37.330	0.59543	0.59547			6
2024.07.24	01:31:43.442	0.59544				2
2024.07.24	01:31:44.530		0.59546			4
2024.07.24	01:31:49.592		0.59547			4
2024.07.24	01:31:52.462	0.59543				2
2024.07.24	01:32:00.013	0.59543	0.59548			6
2024.07.24	01:32:03.372		0.59544			4
2024.07.24	01:32:03.805		0.59548			4
2024.07.24	01:32:04.793	0.59542				2
2024.07.24	01:32:07.586	0.59543				2
2024.07.24	01:32:20.564	0.59546	0.59551			6
2024.07.24	01:32:30.904	0.59544	0.59549			6
2024.07.24	01:32:58.325	0.59543				2
2024.07.24	01:33:00.946	0.59543				2
2024.07.24	01:33:07.465	0.59544				2
2024.07.24	01:33:30.559	0.59543				2
2024.07.24	01:33:34.864		0.59549			4
2024.07.24	01:33:35.185	0.59544				2
2024.07.24	01:34:01.372	0.59543	0.59545			6
2024.07.24	01:34:01.738		0.59549			4
2024.07.24	01:34:25.626	0.59542				2
2024.07.24	01:34:38.919		0.59547			4
2024.07.24	01:34:49.167		0.59549			4
2024.07.24	01:34:50.354	0.59543				2
2024.07.24	01:34:59.702	0.59542				2
2024.07.24	01:35:00.363	0.59542				2
2024.07.24	01:35:20.667	0.59543				2
2024.07.24	01:35:53.134		0.59549			4
2024.07.24	01:35:58.452	0.59542				2
2024.07.24	01:36:00.473	0.59542				2
2024.07.24	01:36:03.905	0.59543				2
2024.07.24	01:36:30.648	0.59542				2
2024.07.24	01:36:48.593	0.59543				2
2024.07.24	01:36:58.794		0.59549			4
2024.07.24	01:37:11.156	0.59543				2
2024.07.24	01:37:17.901	0.59542				2
2024.07.24	01:38:00.626	0.59542	0.59549			6
2024.07.24	01:38:23.391	0.59543				2
2024.07.24	01:38:26.574	0.59544				2
2024.07.24	01:38:40.122	0.59542				2
2024.07.24	01:38:40.561	0.59543				2
2024.07.24	01:38:41.121	0.59544				2
2024.07.24	01:38:46.525	0.59543				2
2024.07.24	01:38:47.392	0.59544				2
2024.07.24	01:38:50.432	0.59543				2
2024.07.24	01:38:51.321		0.59548			4
2024.07.24	01:38:54.386	0.59544				2
2024.07.24	01:39:01.321	0.59544	0.59549			6
2024.07.24	01:39:03.209	0.59543				2
2024.07.24	01:39:04.144	0.59544				2
2024.07.24	01:39:30.410	0.59543				2
2024.07.24	01:39:50.125	0.59542				2
2024.07.24	01:39:51.372	0.59543				2
2024.07.24	01:39:52.039	0.59542				2
2024.07.24	01:39:52.404	0.59543				2
2024.07.24	01:40:03.106	0.59542	0.59547			6
2024.07.24	01:40:04.000	0.59541				2
2024.07.24	01:40:07.712	0.59542				2
2024.07.24	01:40:08.927	0.59543	0.59548			6
2024.07.24	01:40:24.514		0.59549			4
2024.07.24	01:40:28.839		0.59548			4
2024.07.24	01:40:29.382	0.59542				2
2024.07.24	01:40:30.885	0.59543				2
2024.07.24	01:40:38.655		0.59549			4
2024.07.24	01:40:41.574	0.59544				2
2024.07.24	01:40:56.983	0.59543				2
2024.07.24	01:41:03.004	0.59543				2
2024.07.24	01:41:08.247	0.59544				2
2024.07.24	01:41:08.809	0.59543				2
2024.07.24	01:41:27.029	0.59549	0.59553			6
2024.07.24	01:41:27.438	0.59548	0.59551			6
2024.07.24	01:41:29.638		0.59552			4
2024.07.24	01:41:29.993		0.59551			4
2024.07.24	01:41:30.675	0.59546				2
2024.07.24	01:42:00.361	0.59546				2
2024.07.24	01:42:05.489		0.59550			4
2024.07.24	01:42:08.796	0.59545				2
2024.07.24	01:42:10.899	0.59546				2
2024.07.24	01:42:13.386	0.59545	0.59549			6
2024.07.24	01:42:13.711	0.59546	0.59550			6
2024.07.24	01:42:17.317	0.59547				2
2024.07.24	01:42:21.578	0.59545				2
2024.07.24	01:42:28.349	0.59547				2
2024.07.24	01:42:28.792	0.59545				2
2024.07.24	01:42:29.866		0.59548			4
2024.07.24	01:42:32.487	0.59544				2
2024.07.24	01:42:41.149	0.59546	0.59552			6
2024.07.24	01:42:42.350		0.59553			4
2024.07.24	01:42:43.726		0.59552			4
2024.07.24	01:42:48.359		0.59553			4
2024.07.24	01:42:49.391		0.59552			4
2024.07.24	01:42:50.594	0.59548	0.59553			6
2024.07.24	01:42:50.895	0.59547				2
2024.07.24	01:42:51.205		0.59552			4
2024.07.24	01:42:51.520		0.59553			4
2024.07.24	01:42:52.015		0.59552			4
2024.07.24	01:42:52.352		0.59553			4
2024.07.24	01:42:54.406		0.59552			4
2024.07.24	01:42:57.554		0.59553			4
2024.07.24	01:43:00.597	0.59551	0.59555			6
2024.07.24	01:43:02.029	0.59552	0.59556			6
2024.07.24	01:43:02.353		0.59557			4
2024.07.24	01:43:08.817	0.59551				2
2024.07.24	01:43:10.357	0.59558	0.59562			6
2024.07.24	01:43:11.392		0.59563			4
2024.07.24	01:43:12.066	0.59560				2
2024.07.24	01:43:13.089	0.59558				2
2024.07.24	01:43:18.406		0.59562			4
2024.07.24	01:43:19.423		0.59561			4
2024.07.24	01:43:22.354		0.59560			4
2024.07.24	01:43:24.166		0.59562			4
2024.07.24	01:43:24.476		0.59561			4
2024.07.24	01:43:26.385		0.59560			4
2024.07.24	01:43:27.421		0.59561			4
2024.07.24	01:43:28.873	0.59557	0.59560			6
2024.07.24	01:43:30.313	0.59556	0.59559			6
2024.07.24	01:43:31.201		0.59560			4
2024.07.24	01:43:33.199		0.59559			4
2024.07.24	01:43:40.597		0.59560			4
2024.07.24	01:43:42.307		0.59559			4
2024.07.24	01:43:50.365		0.59560			4
2024.07.24	01:43:52.415		0.59559			4
2024.07.24	01:43:56.241	0.59553	0.59558			6
2024.07.24	01:43:56.548		0.59557			4
2024.07.24	01:43:56.963		0.59556			4
2024.07.24	01:43:57.329	0.59552	0.59555			6
2024.07.24	01:43:57.642		0.59556			4
2024.07.24	01:44:00.580	0.59552				2
2024.07.24	01:44:01.681		0.59555			4
2024.07.24	01:44:02.142		0.59556			4
2024.07.24	01:44:08.739		0.59554			4
2024.07.24	01:44:09.042		0.59556			4
2024.07.24	01:44:10.004		0.59555			4
2024.07.24	01:44:10.435		0.59556			4
2024.07.24	01:44:10.903		0.59555			4
2024.07.24	01:44:11.205		0.59556			4
2024.07.24	01:44:16.145		0.59554			4
2024.07.24	01:44:16.463	0.59550				2
2024.07.24	01:44:18.791	0.59551				2
2024.07.24	01:44:19.108		0.59555			4
2024.07.24	01:44:19.925		0.59554			4
2024.07.24	01:44:20.255		0.59555			4
2024.07.24	01:44:20.992	0.59550	0.59554			6
2024.07.24	01:44:24.090	0.59549				2
2024.07.24	01:44:25.091	0.59550				2
2024.07.24	01:44:26.172	0.59549				2
2024.07.24	01:44:32.404		0.59553			4
2024.07.24	01:44:32.800		0.59554			4
2024.07.24	01:44:33.446		0.59553			4
2024.07.24	01:44:33.921		0.59554			4
2024.07.24	01:44:35.514		0.59553			4
2024.07.24	01:44:36.741		0.59554			4
2024.07.24	01:44:40.211		0.59553			4
2024.07.24	01:44:40.854		0.59554			4
2024.07.24	01:44:41.694		0.59553			4
2024.07.24	01:44:42.414		0.59554			4
2024.07.24	01:44:42.840		0.59553			4
2024.07.24	01:44:43.431		0.59554			4
2024.07.24	01:44:43.766		0.59553			4
2024.07.24	01:44:44.350		0.59554			4
2024.07.24	01:44:44.809		0.59553			4
2024.07.24	01:44:45.371	0.59550	0.59554			6
2024.07.24	01:44:45.685		0.59553			4
2024.07.24	01:44:46.860		0.59554			4
2024.07.24	01:44:47.422		0.59553			4
2024.07.24	01:44:48.481	0.59549				2
2024.07.24	01:44:49.507		0.59552			4
2024.07.24	01:44:50.220		0.59553			4
2024.07.24	01:44:51.458		0.59552			4
2024.07.24	01:44:51.823		0.59553			4
2024.07.24	01:44:52.559		0.59552			4
2024.07.24	01:44:53.359		0.59553			4
2024.07.24	01:45:00.377	0.59549				2
2024.07.24	01:45:09.574		0.59552			4
2024.07.24	01:45:10.457		0.59553			4
2024.07.24	01:45:14.076		0.59552			4
2024.07.24	01:45:14.807		0.59553			4
2024.07.24	01:45:15.456		0.59554			4
2024.07.24	01:45:16.020		0.59553			4
2024.07.24	01:45:16.377		0.59552			4
2024.07.24	01:45:17.639		0.59553			4
2024.07.24	01:45:18.110		0.59552			4
2024.07.24	01:45:19.193		0.59554			4
2024.07.24	01:45:19.519		0.59553			4
2024.07.24	01:45:20.277		0.59552			4
2024.07.24	01:45:20.636		0.59553			4
2024.07.24	01:45:21.536		0.59554			4
2024.07.24	01:45:22.024		0.59553			4
2024.07.24	01:45:23.047	0.59548	0.59552			6
2024.07.24	01:45:25.396	0.59549				2
2024.07.24	01:45:26.243	0.59548				2
2024.07.24	01:45:35.657	0.59545	0.59550			6
2024.07.24	01:45:35.966	0.59546				2
2024.07.24	01:46:01.011	0.59546				2
2024.07.24	01:46:08.579	0.59547	0.59551			6
2024.07.24	01:46:08.885		0.59550			4
2024.07.24	01:46:11.339	0.59546				2
2024.07.24	01:46:15.314	0.59547				2
2024.07.24	01:46:17.990	0.59546				2
2024.07.24	01:47:00.111	0.59546				2
2024.07.24	01:47:09.122		0.59550			4
2024.07.24	01:47:51.080		0.59551			4
2024.07.24	01:47:58.897		0.59550			4
2024.07.24	01:47:59.421		0.59551			4
2024.07.24	01:48:00.209	0.59546				2
2024.07.24	01:48:01.200		0.59550			4
2024.07.24	01:48:03.602	0.59547	0.59551			6
2024.07.24	01:48:05.407	0.59542	0.59546			6
2024.07.24	01:48:07.827	0.59543	0.59547			6
2024.07.24	01:48:08.138		0.59546			4
2024.07.24	01:48:09.244		0.59547			4
2024.07.24	01:48:09.650	0.59544				2
2024.07.24	01:48:10.371		0.59546			4
2024.07.24	01:48:14.664	0.59546	0.59547			6
2024.07.24	01:48:14.973	0.59548	0.59551			6
2024.07.24	01:49:00.059	0.59548				2
2024.07.24	01:49:01.012	0.59547				2
2024.07.24	01:49:13.230		0.59550			4
2024.07.24	01:49:13.951		0.59551			4
2024.07.24	01:49:31.014	0.59546				2
2024.07.24	01:49:50.580		0.59550			4
2024.07.24	01:49:50.927		0.59551			4
2024.07.24	01:50:00.187	0.59546				2
2024.07.24	01:50:08.779		0.59550			4
2024.07.24	01:50:09.651		0.59551			4
2024.07.24	01:50:36.702		0.59552			4
2024.07.24	01:50:37.113		0.59551			4
2024.07.24	01:50:37.992		0.59552			4
2024.07.24	01:50:38.302		0.59551			4
2024.07.24	01:50:39.308		0.59552			4
2024.07.24	01:50:40.392		0.59551			4
2024.07.24	01:50:41.347	0.59547				2
2024.07.24	01:50:46.443	0.59548				2
2024.07.24	01:50:47.916	0.59547				2
2024.07.24	01:50:59.165	0.59548				2
2024.07.24	01:51:00.240	0.59548				2
2024.07.24	01:51:08.852	0.59547				2
2024.07.24	01:51:09.186	0.59548				2
2024.07.24	01:51:09.546		0.59552			4
2024.07.24	01:51:13.359	0.59550	0.59554			6
2024.07.24	01:51:14.354	0.59551	0.59555			6
2024.07.24	01:51:28.046		0.59556			4
2024.07.24	01:51:28.353		0.59555			4
2024.07.24	01:51:29.050		0.59556			4
2024.07.24	01:51:38.316	0.59552				2
2024.07.24	01:51:38.679		0.59555			4
2024.07.24	01:51:39.153		0.59556			4
2024.07.24	01:51:42.466	0.59551				2
2024.07.24	01:51:47.317	0.59552				2
2024.07.24	01:51:54.741	0.59551	0.59557			6
2024.07.24	01:51:59.232	0.59552				2
2024.07.24	01:52:00.654	0.59552				2
2024.07.24	01:52:04.812	0.59555	0.59558			6
2024.07.24	01:52:05.128		0.59559			4
2024.07.24	01:52:05.476	0.59554				2
2024.07.24	01:52:08.601		0.59557			4
2024.07.24	01:52:13.544		0.59558			4
2024.07.24	01:52:18.510	0.59553				2
2024.07.24	01:52:24.341	0.59554				2
2024.07.24	01:52:39.770	0.59553				2
2024.07.24	01:53:00.032	0.59553				2
2024.07.24	01:53:08.782		0.59557			4
2024.07.24	01:53:18.895	0.59554				2
2024.07.24	01:53:31.494	0.59553				2
2024.07.24	01:53:41.033	0.59552	0.59556			6
2024.07.24	01:54:01.150	0.59552				2
2024.07.24	01:54:45.166		0.59556			4
2024.07.24	01:55:00.352	0.59551				2
2024.07.24	01:55:06.657	0.59552				2
2024.07.24	01:55:09.708	0.59551				2
2024.07.24	01:55:10.021	0.59552				2
2024.07.24	01:55:12.029	0.59551				2
2024.07.24	01:55:34.354	0.59552				2
2024.07.24	01:55:34.675	0.59551				2
2024.07.24	01:55:45.390		0.59556			4
2024.07.24	01:55:51.415	0.59552				2
2024.07.24	01:55:53.095	0.59551				2
2024.07.24	01:55:54.718	0.59552				2
2024.07.24	01:56:00.670	0.59552				2
2024.07.24	01:56:11.149	0.59551				2
2024.07.24	01:56:34.817		0.59555			4
2024.07.24	01:56:50.082	0.59552				2
2024.07.24	01:56:50.750	0.59551				2
2024.07.24	01:56:55.772	0.59552				2
2024.07.24	01:57:03.587	0.59551				2
2024.07.24	01:57:07.832	0.59552				2
2024.07.24	01:57:08.841	0.59551				2
2024.07.24	01:57:13.462	0.59552				2
2024.07.24	01:57:19.232	0.59551				2
2024.07.24	01:57:32.544	0.59552	0.59556			6
2024.07.24	01:57:34.739	0.59553				2
2024.07.24	01:57:37.548	0.59552				2
2024.07.24	01:58:00.014	0.59552				2
2024.07.24	01:58:00.372	0.59551	0.59554			6
2024.07.24	01:58:00.806		0.59556			4
2024.07.24	01:58:16.283		0.59555			4
2024.07.24	01:58:43.565	0.59550				2
2024.07.24	01:58:43.876	0.59551				2
2024.07.24	01:58:55.836		0.59556			4
2024.07.24	01:58:57.310	0.59550	0.59554			6
2024.07.24	01:58:57.622	0.59549				2
2024.07.24	01:59:00.089	0.59549				2
2024.07.24	01:59:07.761		0.59555			4
2024.07.24	01:59:12.513		0.59554			4
2024.07.24	01:59:14.765	0.59550	0.59555			6
2024.07.24	01:59:22.069	0.59549				2
2024.07.24	01:59:23.993	0.59550				2
2024.07.24	01:59:25.716		0.59554			4
2024.07.24	01:59:27.564		0.59555			4
2024.07.24	01:59:31.711	0.59549	0.59553			6
2024.07.24	01:59:32.115		0.59554			4
2024.07.24	01:59:34.641		0.59553			4
2024.07.24	01:59:34.955		0.59554			4
2024.07.24	01:59:35.502		0.59553			4
2024.07.24	01:59:36.413		0.59554			4
2024.07.24	01:59:36.729		0.59553			4
2024.07.24	01:59:42.359		0.59554			4
2024.07.24	01:59:42.735	0.59548	0.59553			6
2024.07.24	01:59:54.491		0.59554			4
2024.07.24	02:00:00.313	0.59549	0.59555			6
2024.07.24	02:00:03.152		0.59554			4
2024.07.24	02:00:03.461	0.59548	0.59553			6
2024.07.24	02:00:03.762		0.59554			4
2024.07.24	02:00:04.225		0.59553			4
2024.07.24	02:00:05.389		0.59554			4
2024.07.24	02:00:06.224	0.59549				2
2024.07.24	02:00:08.546		0.59555			4
2024.07.24	02:00:10.083		0.59554			4
2024.07.24	02:00:13.010		0.59555			4
2024.07.24	02:00:14.158		0.59554			4
2024.07.24	02:00:15.305		0.59555			4
2024.07.24	02:00:22.373		0.59554			4
2024.07.24	02:00:24.390		0.59555			4
2024.07.24	02:00:24.718	0.59550				2
2024.07.24	02:00:25.112	0.59549				2
2024.07.24	02:00:30.515		0.59554			4
2024.07.24	02:00:30.857		0.59553			4
2024.07.24	02:00:31.715	0.59550	0.59554			6
2024.07.24	02:00:32.022		0.59555			4
2024.07.24	02:01:00.404	0.59550				2
2024.07.24	02:01:14.269		0.59554			4
2024.07.24	02:01:14.582		0.59555			4
2024.07.24	02:01:24.581	0.59546	0.59552			6
2024.07.24	02:01:25.431	0.59547				2
2024.07.24	02:01:30.451		0.59551			4
2024.07.24	02:01:30.769	0.59546				2
2024.07.24	02:01:34.349	0.59547				2
2024.07.24	02:01:40.090		0.59550			4
2024.07.24	02:01:52.826	0.59546				2
2024.07.24	02:01:54.052	0.59548	0.59549			6
2024.07.24	02:01:54.867	0.59546				2
2024.07.24	02:01:59.218		0.59550			4
2024.07.24	02:02:00.426	0.59547				2
2024.07.24	02:02:02.648	0.59546				2
2024.07.24	02:02:03.172	0.59547				2
2024.07.24	02:02:08.079	0.59546				2
2024.07.24	02:02:36.197	0.59545				2
2024.07.24	02:02:38.806		0.59549			4
2024.07.24	02:02:39.261		0.59550			4
2024.07.24	02:02:40.221		0.59549			4
2024.07.24	02:02:41.876		0.59550			4
2024.07.24	02:02:42.383		0.59549			4
2024.07.24	02:02:43.446	0.59546				2
2024.07.24	02:02:44.466		0.59550			4
2024.07.24	02:02:44.864		0.59549			4
2024.07.24	02:02:54.985		0.59548			4
2024.07.24	02:02:55.389		0.59549			4
2024.07.24	02:02:58.744	0.59544	0.59548			6
2024.07.24	02:02:59.094	0.59543				2
2024.07.24	02:02:59.726	0.59546	0.59549			6
2024.07.24	02:03:02.002	0.59543	0.59546			6
2024.07.24	02:03:03.227	0.59544				2
2024.07.24	02:03:20.152		0.59545			4
2024.07.24	02:03:21.322		0.59546			4
2024.07.24	02:03:36.240		0.59545			4
2024.07.24	02:03:36.665		0.59546			4
2024.07.24	02:03:39.084		0.59545			4
2024.07.24	02:03:39.391		0.59546			4
2024.07.24	02:03:44.263	0.59548	0.59549			6
2024.07.24	02:03:45.162	0.59549	0.59550			6
2024.07.24	02:03:50.503	0.59551	0.59555			6
2024.07.24	02:03:52.397	0.59552				2
2024.07.24	02:04:01.397	0.59551				2
2024.07.24	02:04:05.326	0.59552				2
2024.07.24	02:04:16.799		0.59554			4
2024.07.24	02:04:17.809	0.59551				2
2024.07.24	02:04:36.361	0.59550	0.59553			6
2024.07.24	02:04:36.904	0.59552	0.59555			6
2024.07.24	02:04:43.677	0.59551				2
2024.07.24	02:04:55.911	0.59552				2
2024.07.24	02:04:56.439	0.59550				2
2024.07.24	02:05:02.220	0.59551				2
2024.07.24	02:05:17.539	0.59550	0.59554			6
2024.07.24	02:05:24.841	0.59551	0.59555			6
2024.07.24	02:05:25.553	0.59552				2
2024.07.24	02:05:30.881	0.59553	0.59556			6
2024.07.24	02:05:38.952	0.59552	0.59555			6
2024.07.24	02:05:40.139		0.59556			4
2024.07.24	02:05:48.807		0.59555			4
2024.07.24	02:05:59.276		0.59556			4
2024.07.24	02:05:59.806		0.59555			4
2024.07.24	02:06:00.259	0.59552	0.59556			6
2024.07.24	02:06:00.561		0.59555			4
2024.07.24	02:06:01.438		0.59556			4
2024.07.24	02:06:01.814		0.59555			4
2024.07.24	02:06:08.744		0.59556			4
2024.07.24	02:06:09.384		0.59555			4
2024.07.24	02:06:09.738		0.59556			4
2024.07.24	02:06:10.396		0.59555			4
2024.07.24	02:06:11.091	0.59551	0.59554			6
2024.07.24	02:06:14.366		0.59555			4
2024.07.24	02:06:14.681		0.59554			4
2024.07.24	02:06:21.751	0.59553	0.59557			6
2024.07.24	02:06:22.350		0.59556			4
2024.07.24	02:06:22.901		0.59554			4
2024.07.24	02:06:26.903		0.59555			4
2024.07.24	02:06:32.293		0.59557			4
2024.07.24	02:06:38.621		0.59556			4
2024.07.24	02:06:42.394		0.59557			4
2024.07.24	02:06:42.767		0.59556			4
2024.07.24	02:06:43.389		0.59557			4
2024.07.24	02:06:44.782		0.59556			4
2024.07.24	02:06:45.213		0.59557			4
2024.07.24	02:06:47.280		0.59556			4
2024.07.24	02:06:48.011		0.59557			4
2024.07.24	02:06:48.314		0.59556			4
2024.07.24	02:06:49.368		0.59555			4
2024.07.24	02:06:49.787		0.59556			4
2024.07.24	02:07:00.564	0.59553				2
2024.07.24	02:07:01.266		0.59554			4
2024.07.24	02:07:01.583		0.59555			4
2024.07.24	02:07:01.975		0.59556			4
2024.07.24	02:07:02.384		0.59555			4
2024.07.24	02:07:09.187		0.59556			4
2024.07.24	02:07:09.578		0.59555			4
2024.07.24	02:07:16.841	0.59552				2
2024.07.24	02:07:18.433	0.59550	0.59553			6
2024.07.24	02:07:19.387		0.59554			4
2024.07.24	02:07:21.007		0.59555			4
2024.07.24	02:07:21.411		0.59554			4
2024.07.24	02:07:30.082	0.59551	0.59555			6
2024.07.24	02:07:31.965		0.59554			4
2024.07.24	02:07:32.403		0.59555			4
2024.07.24	02:07:34.460		0.59554			4
2024.07.24	02:07:35.386		0.59555			4
2024.07.24	02:08:02.379	0.59551				2
2024.07.24	02:08:34.858		0.59554			4
2024.07.24	02:08:35.215	0.59550	0.59553			6
2024.07.24	02:08:35.768		0.59554			4
2024.07.24	02:08:36.429		0.59553			4
2024.07.24	02:08:39.513	0.59549				2
2024.07.24	02:08:47.406		0.59554			4
2024.07.24	02:08:56.229	0.59548	0.59553			6
2024.07.24	02:09:00.596	0.59548				2
2024.07.24	02:09:02.465		0.59552			4
2024.07.24	02:09:21.740		0.59551			4
2024.07.24	02:09:25.765	0.59547	0.59550			6
2024.07.24	02:09:36.906	0.59546				2
2024.07.24	02:10:01.009	0.59546				2
2024.07.24	02:10:07.658		0.59549			4
2024.07.24	02:10:42.803		0.59548			4
2024.07.24	02:10:43.529		0.59549			4
2024.07.24	02:11:00.375	0.59546				2
2024.07.24	02:11:06.373	0.59547				2
2024.07.24	02:11:06.878	0.59548	0.59550			6
2024.07.24	02:11:07.823	0.59546	0.59548			6
2024.07.24	02:11:08.910	0.59547	0.59549			6
2024.07.24	02:11:57.723	0.59548	0.59550			6
2024.07.24	02:11:58.026	0.59546	0.59549			6
2024.07.24	02:12:00.202	0.59547				2
2024.07.24	02:12:00.812	0.59548				2
2024.07.24	02:12:01.523	0.59547				2
2024.07.24	02:12:02.103	0.59548	0.59551			6
2024.07.24	02:12:18.391		0.59550			4
2024.07.24	02:12:19.039		0.59551			4
2024.07.24	02:12:45.665	0.59547				2
2024.07.24	02:12:55.436		0.59550			4
2024.07.24	02:12:57.772	0.59548				2
2024.07.24	02:13:07.920	0.59547				2
2024.07.24	02:13:51.674		0.59551			4
2024.07.24	02:14:01.353	0.59547				2
2024.07.24	02:14:04.985	0.59546	0.59549			6
2024.07.24	02:14:05.316		0.59548			4
2024.07.24	02:14:38.793		0.59549			4
2024.07.24	02:14:39.564	0.59547				2
2024.07.24	02:14:40.778	0.59546				2
2024.07.24	02:14:41.093	0.59547				2
2024.07.24	02:14:41.942		0.59550			4
2024.07.24	02:14:55.833	0.59546				2
2024.07.24	02:14:56.870	0.59547	0.59548			6
2024.07.24	02:15:00.134	0.59547				2
2024.07.24	02:15:00.487		0.59549			4
2024.07.24	02:15:03.511	0.59545	0.59548			6
2024.07.24	02:15:04.240	0.59546				2
2024.07.24	02:15:27.035		0.59549			4
2024.07.24	02:15:38.371		0.59550			4
2024.07.24	02:15:43.352		0.59549			4
2024.07.24	02:15:50.229	0.59545				2
2024.07.24	02:15:57.381	0.59546				2
2024.07.24	02:16:02.557	0.59546				2
2024.07.24	02:16:22.728	0.59547				2
2024.07.24	02:16:23.347	0.59546				2
2024.07.24	02:16:27.477	0.59547				2
2024.07.24	02:16:52.733	0.59546	0.59550			6
2024.07.24	02:17:00.107	0.59546				2
2024.07.24	02:17:23.234	0.59548				2
2024.07.24	02:17:28.864		0.59551			4
2024.07.24	02:18:00.101	0.59548				2
2024.07.24	02:18:07.068		0.59550			4
2024.07.24	02:18:08.566		0.59551			4
2024.07.24	02:18:10.700	0.59547	0.59550			6
2024.07.24	02:18:15.895	0.59546				2
2024.07.24	02:18:21.047		0.59551			4
2024.07.24	02:18:26.481	0.59548				2
2024.07.24	02:19:00.252	0.59548				2
2024.07.24	02:19:18.005	0.59547	0.59550			6
2024.07.24	02:19:19.450	0.59546				2
2024.07.24	02:19:22.958	0.59547				2
2024.07.24	02:19:23.675		0.59548			4
2024.07.24	02:19:24.328		0.59549			4
2024.07.24	02:19:24.676	0.59543	0.59544			6
2024.07.24	02:19:30.331	0.59542				2
2024.07.24	02:20:00.400	0.59542				2
2024.07.24	02:20:01.207	0.59541				2
2024.07.24	02:20:07.816	0.59543				2
2024.07.24	02:20:25.361		0.59544			4
2024.07.24	02:20:31.149	0.59546	0.59547			6
2024.07.24	02:20:31.458	0.59545				2
2024.07.24	02:21:01.045	0.59545				2
2024.07.24	02:21:35.221	0.59547	0.59549			6
2024.07.24	02:21:50.931		0.59548			4
2024.07.24	02:21:51.246		0.59549			4
2024.07.24	02:22:01.009	0.59547				2
2024.07.24	02:22:01.686	0.59548				2
2024.07.24	02:22:01.989	0.59547				2
2024.07.24	02:22:02.323	0.59548				2
2024.07.24	02:22:02.627	0.59547				2
2024.07.24	02:22:06.548	0.59549	0.59550			6
2024.07.24	02:22:07.279	0.59547	0.59549			6
2024.07.24	02:22:16.055	0.59548				2
2024.07.24	02:22:38.069	0.59546				2
2024.07.24	02:22:38.401	0.59548				2
2024.07.24	02:23:00.122	0.59548				2
2024.07.24	02:23:02.210	0.59546				2
2024.07.24	02:23:07.371		0.59549			4
2024.07.24	02:23:47.037	0.59545	0.59548			6
2024.07.24	02:23:50.256		0.59547			4
2024.07.24	02:23:52.642	0.59546	0.59548			6
2024.07.24	02:24:00.045	0.59546				2
2024.07.24	02:24:08.962		0.59547			4
2024.07.24	02:24:14.974	0.59548	0.59549			6
2024.07.24	02:24:15.310	0.59547	0.59548			6
2024.07.24	02:24:34.941	0.59548	0.59549			6
2024.07.24	02:24:40.306	0.59549	0.59550			6
2024.07.24	02:24:57.440	0.59546	0.59548			6
2024.07.24	02:25:00.656	0.59546				2
2024.07.24	02:25:09.019		0.59547			4
2024.07.24	02:25:09.364	0.59547	0.59548			6
2024.07.24	02:25:12.534	0.59548	0.59549			6
2024.07.24	02:25:14.522	0.59549	0.59550			6
2024.07.24	02:25:28.407	0.59548	0.59549			6
2024.07.24	02:25:37.073	0.59549	0.59550			6
2024.07.24	02:25:48.983	0.59548	0.59549			6
2024.07.24	02:25:56.782	0.59546	0.59548			6
2024.07.24	02:26:09.010	0.59546				2
2024.07.24	02:26:56.837		0.59548			4
2024.07.24	02:27:00.599	0.59546				2
2024.07.24	02:27:21.010		0.59547			4
2024.07.24	02:27:21.317	0.59547	0.59548			6
2024.07.24	02:27:33.590	0.59548	0.59549			6
2024.07.24	02:27:33.923	0.59547	0.59548			6
2024.07.24	02:27:37.181	0.59548	0.59549			6
2024.07.24	02:27:40.296	0.59549	0.59550			6
2024.07.24	02:27:43.083	0.59548	0.59549			6
2024.07.24	02:27:43.386	0.59549	0.59550			6
2024.07.24	02:27:45.402	0.59547	0.59548			6
2024.07.24	02:28:04.480	0.59547				2
2024.07.24	02:28:11.057	0.59548	0.59549			6
2024.07.24	02:28:19.350	0.59547	0.59548			6
2024.07.24	02:28:22.061	0.59548	0.59549			6
2024.07.24	02:29:00.075	0.59548				2
2024.07.24	02:29:22.371	0.59549	0.59550			6
2024.07.24	02:29:40.486	0.59548	0.59549			6
2024.07.24	02:29:58.520	0.59546	0.59550			6
2024.07.24	02:29:59.170	0.59547				2
2024.07.24	02:30:00.309	0.59547				2
2024.07.24	02:30:09.265		0.59549			4
2024.07.24	02:30:11.881	0.59548				2
2024.07.24	02:30:35.176		0.59550			4
2024.07.24	02:30:42.077	0.59547	0.59549			6
2024.07.24	02:30:54.249		0.59550			4
2024.07.24	02:30:59.385	0.59548				2
2024.07.24	02:31:00.476	0.59548				2
2024.07.24	02:31:52.373	0.59551	0.59552			6
2024.07.24	02:32:00.939	0.59551				2
2024.07.24	02:32:17.888	0.59548	0.59551			6
2024.07.24	02:32:18.204		0.59550			4
2024.07.24	02:32:18.505	0.59550	0.59552			6
2024.07.24	02:33:00.755	0.59550				2
2024.07.24	02:33:01.376	0.59547	0.59551			6
2024.07.24	02:33:01.853	0.59548				2
2024.07.24	02:33:07.000		0.59552			4
2024.07.24	02:33:18.286	0.59550				2
2024.07.24	02:33:23.143		0.59553			4
2024.07.24	02:33:28.730		0.59552			4
2024.07.24	02:33:29.799	0.59549	0.59553			6
2024.07.24	02:33:34.177		0.59552			4
2024.07.24	02:33:48.011		0.59551			4
2024.07.24	02:33:49.959		0.59552			4
2024.07.24	02:33:50.322		0.59551			4
2024.07.24	02:34:03.623	0.59549				2
2024.07.24	02:34:17.687	0.59548	0.59550			6
2024.07.24	02:34:26.677	0.59549	0.59552			6
2024.07.24	02:34:27.308	0.59548				2
2024.07.24	02:34:34.394	0.59549				2
2024.07.24	02:34:41.931	0.59548				2
2024.07.24	02:34:42.255	0.59549				2
2024.07.24	02:35:00.406	0.59548	0.59551			6
2024.07.24	02:35:03.624		0.59552			4
2024.07.24	02:35:06.299		0.59551			4
2024.07.24	02:35:08.394		0.59552			4
2024.07.24	02:35:19.046	0.59550				2
2024.07.24	02:35:20.102	0.59551	0.59553			6
2024.07.24	02:35:20.481	0.59552	0.59554			6
2024.07.24	02:35:29.217		0.59555			4
2024.07.24	02:36:00.170	0.59552				2
2024.07.24	02:36:02.253		0.59554			4
2024.07.24	02:36:30.501	0.59551				2
2024.07.24	02:36:57.187		0.59555			4
2024.07.24	02:37:00.529	0.59551				2
2024.07.24	02:37:06.584	0.59552				2
2024.07.24	02:37:12.350	0.59551				2
2024.07.24	02:37:19.289	0.59552				2
2024.07.24	02:37:20.282	0.59551				2
2024.07.24	02:37:27.040	0.59553	0.59556			6
2024.07.24	02:38:00.157	0.59553				2
2024.07.24	02:38:08.611	0.59552	0.59555			6
2024.07.24	02:38:08.919	0.59550	0.59552			6
2024.07.24	02:38:11.272		0.59551			4
2024.07.24	02:38:16.175		0.59552			4
2024.07.24	02:38:18.208	0.59548	0.59551			6
2024.07.24	02:38:19.145	0.59550	0.59552			6
2024.07.24	02:38:24.605		0.59553			4
2024.07.24	02:38:39.105		0.59552			4
2024.07.24	02:38:39.451		0.59551			4
2024.07.24	02:38:46.273		0.59552			4
2024.07.24	02:38:48.241	0.59549				2
2024.07.24	02:38:48.545	0.59550	0.59553			6
2024.07.24	02:38:49.273	0.59549				2
2024.07.24	02:38:49.915		0.59552			4
2024.07.24	02:38:50.287		0.59553			4
2024.07.24	02:39:01.477	0.59549				2
2024.07.24	02:39:09.363		0.59552			4
2024.07.24	02:39:10.001		0.59553			4
2024.07.24	02:39:11.049		0.59551			4
2024.07.24	02:39:16.322		0.59550			4
2024.07.24	02:39:18.102		0.59551			4
2024.07.24	02:39:20.579		0.59553			4
2024.07.24	02:39:27.164	0.59548	0.59551			6
2024.07.24	02:39:48.518	0.59549				2
2024.07.24	02:39:48.924	0.59548				2
2024.07.24	02:39:49.355		0.59550			4
2024.07.24	02:39:56.319		0.59551			4
2024.07.24	02:39:58.517	0.59547	0.59550			6
2024.07.24	02:40:00.141	0.59547				2
2024.07.24	02:40:07.015	0.59548				2
2024.07.24	02:40:08.983	0.59549	0.59551			6
2024.07.24	02:40:13.644		0.59552			4
2024.07.24	02:40:27.327		0.59551			4
2024.07.24	02:40:30.183	0.59547	0.59550			6
2024.07.24	02:40:41.314	0.59548				2
2024.07.24	02:41:00.081	0.59548	0.59552			6
2024.07.24	02:41:00.945	0.59550				2
2024.07.24	02:41:01.262	0.59549				2
2024.07.24	02:41:02.593		0.59551			4
2024.07.24	02:41:04.001		0.59552			4
2024.07.24	02:41:13.605	0.59550				2
2024.07.24	02:41:18.891		0.59554			4
2024.07.24	02:41:31.296		0.59553			4
2024.07.24	02:41:32.332		0.59552			4
2024.07.24	02:41:39.636	0.59549				2
2024.07.24	02:41:40.986	0.59547	0.59551			6
2024.07.24	02:41:44.797	0.59548				2
2024.07.24	02:41:49.502	0.59549	0.59552			6
2024.07.24	02:41:49.808		0.59553			4
2024.07.24	02:41:58.596		0.59552			4
2024.07.24	02:42:00.895	0.59549	0.59553			6
2024.07.24	02:42:16.582	0.59551				2
2024.07.24	02:42:16.893		0.59554			4
2024.07.24	02:42:17.352	0.59550				2
2024.07.24	02:42:21.253	0.59551				2
2024.07.24	02:42:29.380		0.59555			4
2024.07.24	02:43:02.719	0.59551				2
2024.07.24	02:43:21.713	0.59552				2
2024.07.24	02:43:24.603	0.59554	0.59556			6
2024.07.24	02:43:25.605		0.59557			4
2024.07.24	02:43:27.617	0.59555				2
2024.07.24	02:43:35.015		0.59558			4
2024.07.24	02:43:43.308		0.59557			4
2024.07.24	02:43:52.202		0.59558			4
2024.07.24	02:44:00.082	0.59555				2
2024.07.24	02:44:06.840	0.59553	0.59556			6
2024.07.24	02:44:22.521		0.59557			4
2024.07.24	02:44:39.177		0.59556			4
2024.07.24	02:45:01.009	0.59553				2
2024.07.24	02:45:01.700	0.59554				2
2024.07.24	02:45:02.410		0.59555			4
2024.07.24	02:45:03.582		0.59556			4
2024.07.24	02:45:05.230		0.59555			4
2024.07.24	02:45:09.759	0.59547	0.59550			6
2024.07.24	02:45:10.071		0.59549			4
2024.07.24	02:45:18.978	0.59546	0.59547			6
2024.07.24	02:45:19.364		0.59548			4
2024.07.24	02:45:26.606	0.59547				2
2024.07.24	02:46:00.435	0.59546				2
2024.07.24	02:46:01.210	0.59547				2
2024.07.24	02:46:22.433		0.59548			4
2024.07.24	02:46:25.574		0.59549			4
2024.07.24	02:46:38.130	0.59546	0.59548			6
2024.07.24	02:46:49.964	0.59544	0.59545			6
2024.07.24	02:46:54.810	0.59542	0.59544			6
2024.07.24	02:46:56.035	0.59543				2
2024.07.24	02:47:00.283	0.59543				2
2024.07.24	02:47:02.230	0.59542	0.59543			6
2024.07.24	02:47:11.224	0.59539	0.59540			6
2024.07.24	02:47:22.593	0.59538	0.59539			6
2024.07.24	02:48:00.289	0.59538				2
2024.07.24	02:48:24.463		0.59539			4
2024.07.24	02:48:31.923	0.59544	0.59545			6
2024.07.24	02:48:34.736	0.59541	0.59542			6
2024.07.24	02:48:37.420	0.59540				2
2024.07.24	02:48:37.722	0.59542	0.59543			6
2024.07.24	02:48:45.861	0.59541	0.59542			6
2024.07.24	02:49:00.231	0.59541				2
2024.07.24	02:49:40.758	0.59542	0.59543			6
2024.07.24	02:49:59.366	0.59544	0.59545			6
2024.07.24	02:50:00.067	0.59544				2
2024.07.24	02:50:01.467	0.59543	0.59544			6
2024.07.24	02:50:04.980	0.59544	0.59545			6
2024.07.24	02:50:07.611	0.59543	0.59544			6
2024.07.24	02:50:11.386	0.59539	0.59540			6
2024.07.24	02:50:21.150	0.59538	0.59539			6
2024.07.24	02:50:21.764	0.59539	0.59540			6
2024.07.24	02:50:23.787	0.59534	0.59535			6
2024.07.24	02:50:26.067	0.59536	0.59537			6
2024.07.24	02:50:30.750	0.59534	0.59535			6
2024.07.24	02:50:31.805	0.59532	0.59533			6
2024.07.24	02:50:33.962	0.59531	0.59532			6
2024.07.24	02:50:35.155	0.59530	0.59531			6
2024.07.24	02:50:41.294	0.59529	0.59530			6
2024.07.24	02:50:41.600	0.59528	0.59529			6
2024.07.24	02:50:42.824	0.59529	0.59530			6
2024.07.24	02:51:00.058	0.59529				2
2024.07.24	02:51:02.382	0.59528	0.59529			6
2024.07.24	02:51:02.720	0.59527	0.59528			6
2024.07.24	02:51:08.208	0.59529	0.59530			6
2024.07.24	02:51:08.535	0.59528	0.59529			6
2024.07.24	02:51:15.968	0.59527	0.59528			6
2024.07.24	02:51:26.865		0.59529			4
2024.07.24	02:51:32.625		0.59528			4
2024.07.24	02:51:34.703	0.59525	0.59526			6
2024.07.24	02:51:39.610	0.59526	0.59528			6
2024.07.24	02:51:40.272		0.59527			4
2024.07.24	02:51:46.861	0.59525	0.59526			6
2024.07.24	02:51:51.726	0.59528	0.59529			6
2024.07.24	02:51:52.449	0.59529	0.59530			6
2024.07.24	02:51:54.321	0.59530	0.59531			6
2024.07.24	02:52:00.530	0.59530				2
2024.07.24	02:52:01.064	0.59529				2
2024.07.24	02:52:01.384		0.59530			4
2024.07.24	02:52:10.542		0.59531			4
2024.07.24	02:52:18.310		0.59532			4
2024.07.24	02:52:26.247	0.59531	0.59534			6
2024.07.24	02:52:29.566	0.59534	0.59536			6
2024.07.24	02:52:49.766	0.59535	0.59537			6
2024.07.24	02:52:50.467	0.59534	0.59536			6
2024.07.24	02:52:52.060		0.59535			4
2024.07.24	02:52:52.417	0.59533				2
2024.07.24	02:52:52.724	0.59531	0.59534			6
2024.07.24	02:52:59.228	0.59530	0.59532			6
2024.07.24	02:53:00.453	0.59530				2
2024.07.24	02:53:00.869	0.59531				2
2024.07.24	02:53:02.361	0.59530				2
2024.07.24	02:53:02.744	0.59529				2
2024.07.24	02:53:07.981	0.59531				2
2024.07.24	02:53:10.523		0.59533			4
2024.07.24	02:53:12.272		0.59532			4
2024.07.24	02:53:18.022		0.59533			4
2024.07.24	02:53:18.324	0.59529	0.59531			6
2024.07.24	02:53:21.572	0.59530				2
2024.07.24	02:53:21.883		0.59532			4
2024.07.24	02:53:22.346	0.59529				2
2024.07.24	02:53:23.172	0.59530				2
2024.07.24	02:53:23.481	0.59529				2
2024.07.24	02:53:24.918		0.59531			4
2024.07.24	02:53:25.834		0.59532			4
2024.07.24	02:53:26.233		0.59531			4
2024.07.24	02:53:28.408	0.59530	0.59532			6
2024.07.24	02:53:28.748	0.59529				2
2024.07.24	02:53:31.287	0.59530	0.59531			6
2024.07.24	02:53:32.852	0.59529				2
2024.07.24	02:53:42.655	0.59532	0.59534			6
2024.07.24	02:53:48.241	0.59533				2
2024.07.24	02:53:51.034	0.59534	0.59535			6
2024.07.24	02:53:56.073	0.59533				2
2024.07.24	02:53:57.908	0.59535	0.59536			6
2024.07.24	02:53:59.577	0.59530	0.59532			6
2024.07.24	02:54:00.359	0.59530				2
2024.07.24	02:54:00.697		0.59531			4
2024.07.24	02:54:08.890	0.59529				2
2024.07.24	02:54:09.190		0.59530			4
2024.07.24	02:54:10.706		0.59531			4
2024.07.24	02:54:12.944	0.59530	0.59533			6
2024.07.24	02:54:14.386	0.59532	0.59534			6
2024.07.24	02:54:14.793	0.59530	0.59533			6
2024.07.24	02:54:16.571	0.59529				2
2024.07.24	02:54:22.817		0.59532			4
2024.07.24	02:54:23.140		0.59534			4
2024.07.24	02:54:23.714		0.59533			4
2024.07.24	02:54:31.809	0.59527	0.59530			6
2024.07.24	02:54:32.390		0.59531			4
2024.07.24	02:54:32.690	0.59528				2
2024.07.24	02:54:37.349	0.59527	0.59530			6
2024.07.24	02:54:47.970	0.59528	0.59531			6
2024.07.24	02:54:49.419	0.59529				2
2024.07.24	02:54:53.874	0.59526	0.59530			6
2024.07.24	02:54:54.270	0.59527				2
2024.07.24	02:54:55.393		0.59531			4
2024.07.24	02:54:58.533	0.59528	0.59530			6
2024.07.24	02:54:59.900		0.59532			4
2024.07.24	02:55:00.370	0.59528				2
2024.07.24	02:55:01.186	0.59530	0.59533			6
2024.07.24	02:55:01.502	0.59529				2
2024.07.24	02:55:05.929	0.59530				2
2024.07.24	02:55:08.306	0.59529	0.59532			6
2024.07.24	02:55:13.782	0.59530	0.59533			6
2024.07.24	02:55:16.514	0.59528	0.59531			6
2024.07.24	02:55:17.402	0.59526	0.59530			6
2024.07.24	02:55:18.074	0.59525				2
2024.07.24	02:55:19.940		0.59529			4
2024.07.24	02:55:21.423	0.59526				2
2024.07.24	02:55:23.062	0.59525				2
2024.07.24	02:55:23.375	0.59526				2
2024.07.24	02:55:24.409	0.59525				2
2024.07.24	02:55:25.240	0.59524	0.59528			6
2024.07.24	02:55:29.567	0.59525				2
2024.07.24	02:55:30.657	0.59524				2
2024.07.24	02:55:31.093	0.59526				2
2024.07.24	02:55:35.702		0.59529			4
2024.07.24	02:55:50.363	0.59528	0.59531			6
2024.07.24	02:55:54.825		0.59530			4
2024.07.24	02:55:55.140	0.59527				2
2024.07.24	02:55:56.231	0.59528				2
2024.07.24	02:56:00.293	0.59528	0.59531			6
2024.07.24	02:56:01.137	0.59529	0.59532			6
2024.07.24	02:56:09.740	0.59528				2
2024.07.24	02:56:10.263	0.59527				2
2024.07.24	02:56:10.712	0.59528				2
2024.07.24	02:56:11.095	0.59529				2
2024.07.24	02:56:11.916	0.59528				2
2024.07.24	02:56:14.610	0.59530	0.59533			6
2024.07.24	02:56:16.984	0.59525	0.59529			6
2024.07.24	02:56:20.078		0.59528			4
2024.07.24	02:56:23.957		0.59529			4
2024.07.24	02:56:30.284		0.59528			4
2024.07.24	02:56:31.003		0.59529			4
2024.07.24	02:56:31.344	0.59526				2
2024.07.24	02:56:35.341	0.59525	0.59528			6
2024.07.24	02:56:35.797	0.59524				2
2024.07.24	02:56:36.845	0.59525				2
2024.07.24	02:56:37.420	0.59524				2
2024.07.24	02:56:39.469		0.59527			4
2024.07.24	02:56:41.423	0.59525				2
2024.07.24	02:56:50.562	0.59524	0.59526			6
2024.07.24	02:56:56.815	0.59525				2
2024.07.24	02:56:57.119	0.59524	0.59527			6
2024.07.24	02:56:57.829	0.59525				2
2024.07.24	02:56:59.526	0.59524				2
2024.07.24	02:56:59.877	0.59525				2
2024.07.24	02:57:01.336	0.59525	0.59526			6
2024.07.24	02:57:05.299		0.59527			4
2024.07.24	02:57:05.761	0.59524				2
2024.07.24	02:57:06.077	0.59525				2
2024.07.24	02:57:13.293	0.59524				2
2024.07.24	02:57:13.976	0.59525				2
2024.07.24	02:57:15.853		0.59526			4
2024.07.24	02:57:20.328		0.59527			4
2024.07.24	02:57:24.393	0.59524				2
2024.07.24	02:57:25.293	0.59525				2
2024.07.24	02:57:25.886	0.59524				2
2024.07.24	02:57:26.193	0.59525				2
2024.07.24	02:57:26.496	0.59524				2
2024.07.24	02:57:26.829	0.59525				2
2024.07.24	02:57:28.494	0.59524				2
2024.07.24	02:57:30.584	0.59525				2
2024.07.24	02:57:31.215	0.59524				2
2024.07.24	02:57:31.525	0.59525				2
2024.07.24	02:57:31.939	0.59524				2
2024.07.24	02:57:32.314	0.59525				2
2024.07.24	02:57:33.374	0.59523	0.59525			6
2024.07.24	02:57:33.753	0.59524				2
2024.07.24	02:57:36.327	0.59523				2
2024.07.24	02:57:37.337		0.59526			4
2024.07.24	02:57:38.401	0.59524				2
2024.07.24	02:57:39.831		0.59525			4
2024.07.24	02:57:42.357	0.59522	0.59524			6
2024.07.24	02:57:42.666	0.59520	0.59523			6
2024.07.24	02:57:43.700		0.59522			4
2024.07.24	02:57:44.008		0.59523			4
2024.07.24	02:57:45.811		0.59522			4
2024.07.24	02:57:50.603	0.59521				2
2024.07.24	02:58:00.066	0.59521				2
2024.07.24	02:58:01.191	0.59520				2
2024.07.24	02:58:01.571		0.59521			4
2024.07.24	02:58:05.742		0.59522			4
2024.07.24	02:58:08.113		0.59521			4
2024.07.24	02:58:08.442		0.59522			4
2024.07.24	02:58:10.492	0.59516	0.59518			6
2024.07.24	02:58:11.197	0.59515	0.59517			6
2024.07.24	02:58:14.865	0.59516	0.59519			6
2024.07.24	02:58:16.603		0.59518			4
2024.07.24	02:58:17.053	0.59515				2
2024.07.24	02:58:19.452	0.59516				2
2024.07.24	02:58:20.715	0.59515				2
2024.07.24	02:58:26.475	0.59516				2
2024.07.24	02:58:28.381	0.59515				2
2024.07.24	02:58:37.315		0.59517			4
2024.07.24	02:58:39.532	0.59516	0.59518			6
2024.07.24	02:58:40.592	0.59517				2
2024.07.24	02:58:46.115	0.59516	0.59517			6
2024.07.24	02:58:51.607	0.59515				2
2024.07.24	02:58:52.416	0.59516				2
2024.07.24	02:59:00.081	0.59516				2
2024.07.24	02:59:02.166	0.59517	0.59518			6
2024.07.24	02:59:04.423		0.59519			4
2024.07.24	02:59:07.683		0.59520			4
2024.07.24	02:59:08.004	0.59518	0.59521			6
2024.07.24	02:59:08.677	0.59517	0.59519			6
2024.07.24	02:59:08.997	0.59518	0.59520			6
2024.07.24	02:59:09.788	0.59517	0.59519			6
2024.07.24	02:59:10.801	0.59518	0.59520			6
2024.07.24	02:59:14.583		0.59519			4
2024.07.24	02:59:14.888	0.59517				2
2024.07.24	02:59:30.050		0.59518			4
2024.07.24	02:59:39.473	0.59518	0.59519			6
2024.07.24	02:59:40.488	0.59517				2
2024.07.24	02:59:41.517	0.59518				2
2024.07.24	02:59:47.268	0.59521	0.59523			6
2024.07.24	02:59:47.905	0.59522				2
2024.07.24	02:59:50.539	0.59517	0.59520			6
2024.07.24	02:59:51.480	0.59518				2
2024.07.24	02:59:52.693		0.59521			4
2024.07.24	02:59:55.050	0.59519				2
2024.07.24	03:00:00.258	0.59519				2
2024.07.24	03:00:00.578	0.59517	0.59519			6
2024.07.24	03:00:02.293	0.59516	0.59518			6
2024.07.24	03:00:02.704	0.59515	0.59517			6
2024.07.24	03:00:03.961		0.59518			4
2024.07.24	03:00:05.042	0.59513	0.59516			6
2024.07.24	03:00:05.343	0.59514				2
2024.07.24	03:00:05.664	0.59516	0.59518			6
2024.07.24	03:00:07.422	0.59517				2
2024.07.24	03:00:08.847	0.59520	0.59521			6
2024.07.24	03:00:15.064	0.59519	0.59520			6
2024.07.24	03:00:15.679		0.59521			4
2024.07.24	03:00:16.153		0.59520			4
2024.07.24	03:00:17.575	0.59520	0.59521			6
2024.07.24	03:00:19.288	0.59521	0.59522			6
2024.07.24	03:00:21.266	0.59520				2
2024.07.24	03:00:22.351	0.59521				2
2024.07.24	03:00:23.056	0.59520	0.59521			6
2024.07.24	03:00:24.912	0.59521	0.59522			6
2024.07.24	03:00:26.285	0.59520	0.59521			6
2024.07.24	03:00:26.793		0.59522			4
2024.07.24	03:00:28.035	0.59521				2
2024.07.24	03:00:29.260	0.59520				2
2024.07.24	03:00:29.562	0.59518	0.59520			6
2024.07.24	03:00:30.409	0.59520	0.59521			6
2024.07.24	03:00:36.432	0.59521	0.59522			6
2024.07.24	03:00:36.782	0.59522	0.59524			6
2024.07.24	03:00:37.087	0.59523	0.59525			6
2024.07.24	03:00:38.444	0.59525	0.59526			6
2024.07.24	03:00:39.083	0.59524				2
2024.07.24	03:00:39.779		0.59525			4
2024.07.24	03:00:40.132		0.59526			4
2024.07.24	03:00:41.612	0.59523	0.59525			6
2024.07.24	03:00:44.600	0.59524	0.59526			6
2024.07.24	03:00:45.034	0.59523				2
2024.07.24	03:00:45.439	0.59524				2
2024.07.24	03:00:46.455	0.59523				2
2024.07.24	03:00:46.777	0.59525				2
2024.07.24	03:00:48.452	0.59524				2
2024.07.24	03:00:49.253	0.59525				2
2024.07.24	03:00:49.564	0.59524				2
2024.07.24	03:00:52.970	0.59523				2
2024.07.24	03:00:53.487	0.59524				2
2024.07.24	03:00:54.352	0.59523				2
2024.07.24	03:00:55.749	0.59524				2
2024.07.24	03:00:56.064	0.59523	0.59524			6
2024.07.24	03:00:56.365	0.59522	0.59523			6
2024.07.24	03:01:00.172	0.59522				2
2024.07.24	03:01:02.073	0.59523	0.59524			6
2024.07.24	03:01:02.378	0.59522	0.59523			6
2024.07.24	03:01:10.173	0.59520	0.59521			6
2024.07.24	03:01:10.908	0.59523	0.59524			6
2024.07.24	03:01:15.065	0.59522	0.59523			6
2024.07.24	03:01:15.382	0.59521	0.59522			6
2024.07.24	03:01:17.049	0.59522	0.59523			6
2024.07.24	03:01:17.793	0.59521	0.59522			6
2024.07.24	03:01:19.051	0.59522	0.59523			6
2024.07.24	03:01:23.324	0.59521	0.59522			6
2024.07.24	03:01:34.511	0.59522	0.59523			6
2024.07.24	03:01:36.089	0.59523	0.59524			6
2024.07.24	03:01:36.401	0.59521				2
2024.07.24	03:01:38.133	0.59518	0.59520			6
2024.07.24	03:01:39.988	0.59522	0.59524			6
2024.07.24	03:01:40.792	0.59521				2
2024.07.24	03:01:41.314	0.59522				2
2024.07.24	03:01:42.055	0.59518	0.59520			6
2024.07.24	03:01:42.371	0.59520	0.59523			6
2024.07.24	03:01:45.835	0.59522	0.59524			6
2024.07.24	03:01:47.204	0.59523				2
2024.07.24	03:01:48.808		0.59525			4
2024.07.24	03:01:49.130	0.59522	0.59524			6
2024.07.24	03:01:51.927		0.59523			4
2024.07.24	03:01:53.458	0.59521				2
2024.07.24	03:01:53.868	0.59522	0.59524			6
2024.07.24	03:01:54.182		0.59523			4
2024.07.24	03:01:54.508	0.59523	0.59524			6
2024.07.24	03:01:55.462	0.59522	0.59523			6
2024.07.24	03:01:55.891		0.59524			4
2024.07.24	03:01:56.196		0.59523			4
2024.07.24	03:01:57.279		0.59524			4
2024.07.24	03:01:57.660		0.59523			4
2024.07.24	03:01:57.968	0.59520	0.59521			6
2024.07.24	03:01:58.701	0.59519				2
2024.07.24	03:02:00.321	0.59519				2
2024.07.24	03:02:00.632	0.59520				2
2024.07.24	03:02:05.391	0.59521	0.59522			6
2024.07.24	03:02:05.715	0.59520				2
2024.07.24	03:02:09.574		0.59523			4
2024.07.24	03:02:10.700	0.59521				2
2024.07.24	03:02:11.031	0.59520				2
2024.07.24	03:02:11.448	0.59521				2
2024.07.24	03:02:11.806	0.59520				2
2024.07.24	03:02:13.040	0.59521				2
2024.07.24	03:02:13.368	0.59523	0.59524			6
2024.07.24	03:02:15.428	0.59521				2
2024.07.24	03:02:16.121	0.59520	0.59522			6
2024.07.24	03:02:17.883	0.59521				2
2024.07.24	03:02:21.201	0.59522	0.59523			6
2024.07.24	03:02:24.429	0.59521	0.59522			6
2024.07.24	03:02:25.316	0.59519	0.59521			6
2024.07.24	03:02:25.628	0.59520				2
2024.07.24	03:02:26.237	0.59521	0.59522			6
2024.07.24	03:02:28.342	0.59520				2
2024.07.24	03:02:31.236	0.59521				2
2024.07.24	03:02:37.536	0.59520				2
2024.07.24	03:02:37.846	0.59521				2
2024.07.24	03:02:42.356		0.59523			4
2024.07.24	03:02:43.019	0.59520				2
2024.07.24	03:02:43.383	0.59521				2
2024.07.24	03:02:45.641	0.59520				2
2024.07.24	03:02:45.998	0.59521				2
2024.07.24	03:02:47.413	0.59520				2
2024.07.24	03:02:48.361	0.59521				2
2024.07.24	03:02:50.568		0.59522			4
2024.07.24	03:02:50.941	0.59520	0.59523			6
2024.07.24	03:02:51.868	0.59521				2
2024.07.24	03:02:52.346	0.59520				2
2024.07.24	03:03:00.094	0.59519	0.59522			6
2024.07.24	03:03:00.411	0.59518	0.59521			6
2024.07.24	03:03:01.845		0.59520			4
2024.07.24	03:03:02.163	0.59519	0.59522			6
2024.07.24	03:03:02.483	0.59520				2
2024.07.24	03:03:02.840	0.59519				2
2024.07.24	03:03:07.543		0.59523			4
2024.07.24	03:03:11.919		0.59522			4
2024.07.24	03:03:12.468		0.59523			4
2024.07.24	03:03:12.797	0.59520				2
2024.07.24	03:03:14.926	0.59521				2
2024.07.24	03:03:15.640	0.59520				2
2024.07.24	03:03:27.689	0.59521				2
2024.07.24	03:03:28.035	0.59519	0.59522			6
2024.07.24	03:03:28.336	0.59520				2
2024.07.24	03:03:29.065	0.59521				2
2024.07.24	03:03:29.373	0.59520				2
2024.07.24	03:03:29.739		0.59523			4
2024.07.24	03:03:30.784	0.59521				2
2024.07.24	03:03:35.024	0.59519				2
2024.07.24	03:03:36.120	0.59517	0.59522			6
2024.07.24	03:03:36.470	0.59520				2
2024.07.24	03:03:44.191		0.59523			4
2024.07.24	03:03:51.939		0.59522			4
2024.07.24	03:03:52.766	0.59519				2
2024.07.24	03:03:53.086	0.59520	0.59523			6
2024.07.24	03:04:00.066	0.59520				2
2024.07.24	03:04:00.409	0.59521				2
2024.07.24	03:04:09.797		0.59524			4
2024.07.24	03:04:26.141		0.59523			4
2024.07.24	03:04:33.332	0.59523	0.59525			6
2024.07.24	03:04:33.967	0.59521	0.59524			6
2024.07.24	03:04:35.104	0.59523	0.59526			6
2024.07.24	03:04:51.323	0.59522	0.59524			6
2024.07.24	03:04:52.362	0.59521				2
2024.07.24	03:04:53.379	0.59522				2
2024.07.24	03:04:54.689	0.59520	0.59523			6
2024.07.24	03:04:55.034		0.59522			4
2024.07.24	03:04:56.654	0.59519	0.59521			6
2024.07.24	03:04:56.977		0.59522			4
2024.07.24	03:04:58.678	0.59518	0.59521			6
2024.07.24	03:04:58.983	0.59516	0.59519			6
2024.07.24	03:05:00.356	0.59516				2
2024.07.24	03:05:12.418		0.59518			4
2024.07.24	03:05:13.103	0.59513	0.59515			6
2024.07.24	03:05:13.406	0.59512	0.59514			6
2024.07.24	03:05:13.723	0.59514	0.59517			6
2024.07.24	03:05:20.653		0.59516			4
2024.07.24	03:05:21.891		0.59515			4
2024.07.24	03:05:24.302		0.59516			4
2024.07.24	03:05:24.930	0.59515				2
2024.07.24	03:05:26.610	0.59514				2
2024.07.24	03:05:30.861		0.59515			4
2024.07.24	03:05:31.264		0.59516			4
2024.07.24	03:05:35.474	0.59515				2
2024.07.24	03:05:35.862	0.59514				2
2024.07.24	03:05:37.959		0.59517			4
2024.07.24	03:05:39.636	0.59516				2
2024.07.24	03:05:40.417	0.59514				2
2024.07.24	03:05:40.748	0.59515				2
2024.07.24	03:05:41.804	0.59512	0.59513			6
2024.07.24	03:05:44.245	0.59513	0.59514			6
2024.07.24	03:05:47.875	0.59514	0.59515			6
2024.07.24	03:05:48.380	0.59513	0.59514			6
2024.07.24	03:05:50.213	0.59512	0.59513			6
2024.07.24	03:05:52.665	0.59513	0.59514			6
2024.07.24	03:05:53.061		0.59515			4
2024.07.24	03:05:54.025		0.59514			4
2024.07.24	03:05:58.295	0.59514	0.59515			6
2024.07.24	03:05:58.602	0.59513				2
2024.07.24	03:06:00.174	0.59513				2
2024.07.24	03:06:00.487		0.59516			4
2024.07.24	03:06:00.943		0.59515			4
2024.07.24	03:06:06.240		0.59516			4
2024.07.24	03:06:07.556		0.59515			4
2024.07.24	03:06:12.616		0.59514			4
2024.07.24	03:06:18.327	0.59512	0.59513			6
2024.07.24	03:06:19.347	0.59508	0.59509			6
2024.07.24	03:06:20.474	0.59507	0.59508			6
2024.07.24	03:06:22.388	0.59505	0.59507			6
2024.07.24	03:06:22.702		0.59506			4
2024.07.24	03:06:24.953	0.59504	0.59505			6
2024.07.24	03:06:28.747	0.59503	0.59504			6
2024.07.24	03:06:29.404	0.59502	0.59503			6
2024.07.24	03:06:29.752		0.59504			4
2024.07.24	03:06:31.875	0.59503	0.59505			6
2024.07.24	03:06:32.641	0.59502	0.59503			6
2024.07.24	03:06:32.957	0.59501				2
2024.07.24	03:06:41.812		0.59502			4
2024.07.24	03:06:43.133		0.59503			4
2024.07.24	03:06:45.513		0.59502			4
2024.07.24	03:06:48.127		0.59503			4
2024.07.24	03:06:49.799	0.59500	0.59501			6
2024.07.24	03:06:50.540	0.59501	0.59503			6
2024.07.24	03:06:58.064	0.59502				2
2024.07.24	03:06:58.375	0.59501				2
2024.07.24	03:06:58.956		0.59504			4
2024.07.24	03:06:59.694		0.59503			4
2024.07.24	03:07:01.025	0.59501				2
2024.07.24	03:07:01.862		0.59502			4
2024.07.24	03:07:02.185		0.59504			4
2024.07.24	03:07:04.392		0.59503			4
2024.07.24	03:07:05.838		0.59504			4
2024.07.24	03:07:06.840	0.59502				2
2024.07.24	03:07:28.518		0.59503			4
2024.07.24	03:07:28.883	0.59501				2
2024.07.24	03:07:42.229		0.59504			4
2024.07.24	03:07:42.917		0.59503			4
2024.07.24	03:07:43.281		0.59504			4
2024.07.24	03:07:43.608		0.59503			4
2024.07.24	03:07:44.135	0.59499	0.59502			6
2024.07.24	03:07:44.442	0.59500				2
2024.07.24	03:07:47.665	0.59501	0.59503			6
2024.07.24	03:07:47.981	0.59500				2
2024.07.24	03:07:49.194	0.59501	0.59504			6
2024.07.24	03:07:52.084	0.59502				2
2024.07.24	03:07:52.404	0.59503	0.59505			6
2024.07.24	03:07:53.812	0.59504				2
2024.07.24	03:07:58.515	0.59505	0.59506			6
2024.07.24	03:07:59.373		0.59508			4
2024.07.24	03:07:59.682	0.59504	0.59506			6
2024.07.24	03:08:00.076	0.59504				2
2024.07.24	03:08:00.381	0.59505	0.59507			6
2024.07.24	03:08:01.039	0.59506	0.59508			6
2024.07.24	03:08:01.374		0.59507			4
2024.07.24	03:08:08.101		0.59508			4
2024.07.24	03:08:09.539		0.59507			4
2024.07.24	03:08:12.106	0.59505				2
2024.07.24	03:08:14.336	0.59506				2
2024.07.24	03:08:16.736	0.59504	0.59505			6
2024.07.24	03:08:17.043	0.59503				2
2024.07.24	03:08:18.825	0.59504				2
2024.07.24	03:08:19.166	0.59503				2
2024.07.24	03:08:20.249	0.59502				2
2024.07.24	03:08:22.555	0.59505	0.59506			6
2024.07.24	03:08:23.267	0.59504				2
2024.07.24	03:08:24.216	0.59505	0.59507			6
2024.07.24	03:08:24.850	0.59504	0.59506			6
2024.07.24	03:08:33.315		0.59505			4
2024.07.24	03:08:33.877		0.59506			4
2024.07.24	03:08:42.987		0.59505			4
2024.07.24	03:08:52.619		0.59506			4
2024.07.24	03:08:57.407	0.59503	0.59504			6
2024.07.24	03:08:57.725	0.59502				2
2024.07.24	03:09:00.294	0.59502				2
2024.07.24	03:09:02.276	0.59504	0.59506			6
2024.07.24	03:09:11.920	0.59503	0.59505			6
2024.07.24	03:09:14.114	0.59504	0.59506			6
2024.07.24	03:09:15.460	0.59505				2
2024.07.24	03:09:15.941	0.59506	0.59508			6
2024.07.24	03:09:16.704		0.59507			4
2024.07.24	03:09:17.251		0.59508			4
2024.07.24	03:09:17.790	0.59505	0.59507			6
2024.07.24	03:09:19.091	0.59504	0.59506			6
2024.07.24	03:09:19.416	0.59506	0.59507			6
2024.07.24	03:09:19.735	0.59504	0.59506			6
2024.07.24	03:09:25.599	0.59505	0.59507			6
2024.07.24	03:09:26.654	0.59506				2
2024.07.24	03:09:28.802	0.59505				2
2024.07.24	03:09:30.230		0.59508			4
2024.07.24	03:09:36.286	0.59504	0.59506			6
2024.07.24	03:09:38.695	0.59503	0.59505			6
2024.07.24	03:09:43.497	0.59504	0.59506			6
2024.07.24	03:09:49.412	0.59503	0.59505			6
2024.07.24	03:09:49.864	0.59504				2
2024.07.24	03:09:50.227	0.59503				2
2024.07.24	03:09:53.678	0.59508	0.59509			6
2024.07.24	03:09:54.348	0.59507				2
2024.07.24	03:09:54.651	0.59508				2
2024.07.24	03:09:55.746		0.59510			4
2024.07.24	03:09:58.618	0.59507	0.59509			6
2024.07.24	03:10:00.407	0.59506	0.59510			6
2024.07.24	03:10:00.792	0.59507				2
2024.07.24	03:10:02.700	0.59506				2
2024.07.24	03:10:04.694	0.59507				2
2024.07.24	03:10:05.400	0.59506				2
2024.07.24	03:10:06.925	0.59508				2
2024.07.24	03:10:07.816		0.59511			4
2024.07.24	03:10:09.166	0.59509				2
2024.07.24	03:10:09.467	0.59508				2
2024.07.24	03:10:10.856	0.59509				2
2024.07.24	03:10:12.233	0.59508				2
2024.07.24	03:10:12.545	0.59506	0.59508			6
2024.07.24	03:10:14.420	0.59507				2
2024.07.24	03:10:15.915	0.59506				2
2024.07.24	03:10:20.298	0.59505	0.59507			6
2024.07.24	03:10:20.702	0.59506				2
2024.07.24	03:10:21.093	0.59505	0.59508			6
2024.07.24	03:10:21.452	0.59506	0.59507			6
2024.07.24	03:10:22.391	0.59505				2
2024.07.24	03:10:23.202		0.59508			4
2024.07.24	03:10:23.653		0.59507			4
2024.07.24	03:10:23.966		0.59508			4
2024.07.24	03:10:24.688		0.59507			4
2024.07.24	03:10:25.003	0.59506				2
2024.07.24	03:10:26.363		0.59508			4
2024.07.24	03:10:28.341	0.59505	0.59507			6
2024.07.24	03:10:29.088	0.59506				2
2024.07.24	03:10:30.892	0.59505				2
2024.07.24	03:10:34.065	0.59507	0.59508			6
2024.07.24	03:10:34.368	0.59505	0.59507			6
2024.07.24	03:10:34.885	0.59503	0.59505			6
2024.07.24	03:10:35.204	0.59504				2
2024.07.24	03:10:38.164	0.59505	0.59506			6
2024.07.24	03:10:40.707	0.59504	0.59505			6
2024.07.24	03:10:50.303	0.59503				2
2024.07.24	03:10:52.170	0.59504				2
2024.07.24	03:10:56.584	0.59506	0.59508			6
2024.07.24	03:11:00.300	0.59506				2
2024.07.24	03:11:03.688	0.59505				2
2024.07.24	03:11:04.951	0.59504	0.59506			6
2024.07.24	03:11:05.429	0.59503	0.59505			6
2024.07.24	03:11:08.414	0.59502				2
2024.07.24	03:11:08.722		0.59504			4
2024.07.24	03:11:09.360	0.59501				2
2024.07.24	03:11:13.351	0.59500	0.59503			6
2024.07.24	03:11:34.140		0.59502			4
2024.07.24	03:11:42.025	0.59501				2
2024.07.24	03:11:42.401	0.59500				2
2024.07.24	03:11:49.760	0.59499	0.59500			6
2024.07.24	03:11:50.084		0.59501			4
2024.07.24	03:11:50.403	0.59500				2
2024.07.24	03:11:57.783	0.59502	0.59503			6
2024.07.24	03:12:00.212	0.59504	0.59505			6
2024.07.24	03:12:02.049	0.59503	0.59504			6
2024.07.24	03:12:04.503	0.59504	0.59505			6
2024.07.24	03:12:05.591	0.59503				2
2024.07.24	03:12:12.596	0.59504				2
2024.07.24	03:12:13.109		0.59506			4
2024.07.24	03:12:15.518	0.59505				2
2024.07.24	03:12:15.825		0.59507			4
2024.07.24	03:12:16.195	0.59504	0.59506			6
2024.07.24	03:12:16.851	0.59503	0.59505			6
2024.07.24	03:12:17.163		0.59504			4
2024.07.24	03:12:20.629	0.59502				2
2024.07.24	03:12:21.002		0.59505			4
2024.07.24	03:12:26.508		0.59504			4
2024.07.24	03:12:28.027		0.59505			4
2024.07.24	03:12:30.112		0.59504			4
2024.07.24	03:12:43.218	0.59501				2
2024.07.24	03:12:43.523	0.59500	0.59502			6
2024.07.24	03:12:47.927	0.59501				2
2024.07.24	03:12:48.902	0.59500				2
2024.07.24	03:12:55.362	0.59501				2
2024.07.24	03:12:59.415	0.59502	0.59503			6
2024.07.24	03:13:00.459	0.59506	0.59507			6
2024.07.24	03:13:01.122	0.59504	0.59506			6
2024.07.24	03:13:05.547	0.59503	0.59505			6
2024.07.24	03:13:17.216	0.59502				2
2024.07.24	03:13:22.683		0.59504			4
2024.07.24	03:13:24.223		0.59503			4
2024.07.24	03:13:28.375	0.59503	0.59504			6
2024.07.24	03:13:34.212	0.59504	0.59505			6
2024.07.24	03:13:34.821	0.59503	0.59504			6
2024.07.24	03:13:35.956	0.59502				2
2024.07.24	03:13:38.406		0.59503			4
2024.07.24	03:13:44.962	0.59500	0.59501			6
2024.07.24	03:13:45.582		0.59502			4
2024.07.24	03:13:45.966	0.59501				2
2024.07.24	03:13:46.397	0.59500				2
2024.07.24	03:13:46.774	0.59501				2
2024.07.24	03:13:53.442	0.59500				2
2024.07.24	03:13:54.877	0.59501				2
2024.07.24	03:13:55.196	0.59500				2
2024.07.24	03:13:56.109	0.59501				2
2024.07.24	03:13:57.599	0.59500				2
2024.07.24	03:13:58.807	0.59501				2
2024.07.24	03:14:00.081	0.59500				2
2024.07.24	03:14:00.392	0.59501				2
2024.07.24	03:14:01.117	0.59499	0.59501			6
2024.07.24	03:14:01.460	0.59498				2
2024.07.24	03:14:02.587	0.59499				2
2024.07.24	03:14:10.487	0.59497	0.59499			6
2024.07.24	03:14:10.812	0.59498				2
2024.07.24	03:14:11.291		0.59500			4
2024.07.24	03:14:11.615		0.59499			4
2024.07.24	03:14:16.111	0.59497				2
2024.07.24	03:14:16.425	0.59494	0.59496			6
2024.07.24	03:14:17.063	0.59493				2
2024.07.24	03:14:18.067	0.59494				2
2024.07.24	03:14:20.398	0.59493				2
2024.07.24	03:14:20.703	0.59492	0.59495			6
2024.07.24	03:14:21.069		0.59494			4
2024.07.24	03:14:21.374	0.59491	0.59493			6
2024.07.24	03:14:21.674	0.59492				2
2024.07.24	03:14:23.469		0.59494			4
2024.07.24	03:14:28.727	0.59491	0.59493			6
2024.07.24	03:14:31.311		0.59492			4
2024.07.24	03:14:35.673	0.59488	0.59490			6
2024.07.24	03:14:36.640	0.59487	0.59489			6
2024.07.24	03:14:38.694	0.59488				2
2024.07.24	03:14:40.495		0.59490			4
2024.07.24	03:14:47.654	0.59490	0.59492			6
2024.07.24	03:14:49.855	0.59488	0.59490			6
2024.07.24	03:14:50.365	0.59487				2
2024.07.24	03:14:50.944	0.59486	0.59489			6
2024.07.24	03:14:52.725	0.59487				2
2024.07.24	03:14:54.329	0.59486				2
2024.07.24	03:14:59.421	0.59488				2
2024.07.24	03:14:59.726	0.59486				2
2024.07.24	03:15:00.425	0.59486				2
2024.07.24	03:15:02.374	0.59490	0.59492			6
2024.07.24	03:15:02.683	0.59489				2
2024.07.24	03:15:03.520	0.59490				2
2024.07.24	03:15:04.838	0.59488	0.59491			6
2024.07.24	03:15:11.446	0.59492	0.59493			6
2024.07.24	03:15:16.607	0.59491				2
2024.07.24	03:15:23.305	0.59490				2
2024.07.24	03:15:23.622	0.59491				2
2024.07.24	03:15:25.796	0.59490				2
2024.07.24	03:15:26.116	0.59489				2
2024.07.24	03:15:26.827	0.59490				2
2024.07.24	03:15:27.130	0.59489				2
2024.07.24	03:15:30.189	0.59490				2
2024.07.24	03:15:30.578	0.59489				2
2024.07.24	03:15:37.287	0.59491				2
2024.07.24	03:15:37.593	0.59489	0.59492			6
2024.07.24	03:15:37.902	0.59490				2
2024.07.24	03:15:39.338	0.59489				2
2024.07.24	03:15:40.596	0.59487	0.59490			6
2024.07.24	03:15:40.947	0.59488				2
2024.07.24	03:15:50.258	0.59487				2
2024.07.24	03:15:50.919	0.59486	0.59489			6
2024.07.24	03:15:57.660	0.59488				2
2024.07.24	03:15:59.366	0.59487				2
2024.07.24	03:16:00.327	0.59487				2
2024.07.24	03:16:00.631	0.59486				2
2024.07.24	03:16:12.581	0.59487				2
2024.07.24	03:16:15.628	0.59486				2
2024.07.24	03:16:19.025	0.59487				2
2024.07.24	03:16:25.690	0.59488				2
2024.07.24	03:16:27.782	0.59487				2
2024.07.24	03:16:28.316		0.59488			4
2024.07.24	03:16:29.464	0.59488	0.59489			6
2024.07.24	03:16:32.927	0.59487	0.59488			6
2024.07.24	03:16:36.485	0.59486				2
2024.07.24	03:16:37.609	0.59487				2
2024.07.24	03:16:39.814	0.59486				2
2024.07.24	03:16:40.493	0.59487				2
2024.07.24	03:16:40.861	0.59486				2
2024.07.24	03:16:44.189	0.59487				2
2024.07.24	03:16:44.715	0.59485				2
2024.07.24	03:16:46.496		0.59487			4
2024.07.24	03:16:46.802	0.59483	0.59484			6
2024.07.24	03:16:54.300	0.59482				2
2024.07.24	03:16:56.955	0.59483				2
2024.07.24	03:17:00.275	0.59484	0.59486			6
2024.07.24	03:17:00.604	0.59482	0.59484			6
2024.07.24	03:17:07.339	0.59483				2
2024.07.24	03:17:10.171	0.59481				2
2024.07.24	03:17:10.504		0.59483			4
2024.07.24	03:17:15.073	0.59480				2
2024.07.24	03:17:15.972	0.59478	0.59479			6
2024.07.24	03:17:16.285	0.59476	0.59477			6
2024.07.24	03:17:17.605	0.59474				2
2024.07.24	03:17:21.723		0.59476			4
2024.07.24	03:17:22.827	0.59472	0.59474			6
2024.07.24	03:17:23.129		0.59475			4
2024.07.24	03:17:23.432		0.59474			4
2024.07.24	03:17:24.985	0.59471	0.59472			6
2024.07.24	03:17:27.720	0.59472	0.59473			6
2024.07.24	03:17:32.830	0.59468	0.59470			6
2024.07.24	03:17:33.834		0.59469			4
2024.07.24	03:17:34.308	0.59469	0.59470			6
2024.07.24	03:17:37.026	0.59467				2
2024.07.24	03:17:37.762	0.59469				2
2024.07.24	03:17:38.071	0.59468	0.59469			6
2024.07.24	03:17:40.180	0.59469	0.59472			6
2024.07.24	03:17:44.783	0.59470				2
2024.07.24	03:17:50.703	0.59469	0.59471			6
2024.07.24	03:17:54.297	0.59468	0.59469			6
2024.07.24	03:17:54.602		0.59470			4
2024.07.24	03:17:54.930	0.59467				2
2024.07.24	03:18:00.418	0.59467				2
2024.07.24	03:18:04.396	0.59469	0.59472			6
2024.07.24	03:18:06.611		0.59471			4
2024.07.24	03:18:06.913	0.59468				2
2024.07.24	03:18:12.603	0.59470	0.59472			6
2024.07.24	03:18:12.905		0.59473			4
2024.07.24	03:18:19.125	0.59469	0.59472			6
2024.07.24	03:18:22.023		0.59471			4
2024.07.24	03:18:22.472		0.59472			4
2024.07.24	03:18:23.096		0.59470			4
2024.07.24	03:18:23.402	0.59468				2
2024.07.24	03:18:25.831		0.59472			4
2024.07.24	03:18:28.671		0.59471			4
2024.07.24	03:18:32.809	0.59470	0.59472			6
2024.07.24	03:18:41.466	0.59469				2
2024.07.24	03:18:45.435	0.59468	0.59470			6
2024.07.24	03:18:47.339	0.59466	0.59469			6
2024.07.24	03:18:47.642	0.59467				2
2024.07.24	03:18:48.027	0.59468				2
2024.07.24	03:18:49.794		0.59470			4
2024.07.24	03:18:50.100	0.59469	0.59471			6
2024.07.24	03:18:51.291	0.59470				2
2024.07.24	03:18:52.707		0.59472			4
2024.07.24	03:19:00.181	0.59470				2
2024.07.24	03:19:00.481	0.59471				2
2024.07.24	03:19:00.883	0.59469	0.59471			6
2024.07.24	03:19:08.577	0.59468				2
2024.07.24	03:19:09.242		0.59470			4
2024.07.24	03:19:09.727	0.59467				2
2024.07.24	03:19:10.180	0.59466				2
2024.07.24	03:19:10.977	0.59467				2
2024.07.24	03:19:11.383	0.59466	0.59469			6
2024.07.24	03:19:12.003	0.59467	0.59468			6
2024.07.24	03:19:12.971		0.59469			4
2024.07.24	03:19:15.189		0.59470			4
2024.07.24	03:19:15.520	0.59465	0.59468			6
2024.07.24	03:19:16.689	0.59464				2
2024.07.24	03:19:17.227	0.59465				2
2024.07.24	03:19:19.334	0.59463	0.59467			6
2024.07.24	03:19:19.955	0.59464				2
2024.07.24	03:19:21.591	0.59465				2
2024.07.24	03:19:22.441	0.59463	0.59466			6
2024.07.24	03:19:26.033		0.59467			4
2024.07.24	03:19:28.014	0.59464				2
2024.07.24	03:19:28.889		0.59466			4
2024.07.24	03:19:30.001		0.59467			4
2024.07.24	03:19:30.519		0.59466			4
2024.07.24	03:19:31.553		0.59467			4
2024.07.24	03:19:32.407		0.59466			4
2024.07.24	03:19:34.226	0.59465				2
2024.07.24	03:19:36.322	0.59463				2
2024.07.24	03:19:37.256	0.59465				2
2024.07.24	03:19:38.123		0.59467			4
2024.07.24	03:19:38.648		0.59466			4
2024.07.24	03:19:42.302	0.59464				2
2024.07.24	03:19:43.050	0.59465				2
2024.07.24	03:19:47.002	0.59464				2
2024.07.24	03:19:48.070		0.59465			4
2024.07.24	03:19:48.458		0.59466			4
2024.07.24	03:19:51.008		0.59465			4
2024.07.24	03:19:52.120		0.59466			4
2024.07.24	03:20:00.263	0.59464	0.59467			6
2024.07.24	03:20:05.685	0.59465	0.59468			6
2024.07.24	03:20:08.908		0.59467			4
2024.07.24	03:20:15.450		0.59466			4
2024.07.24	03:20:15.755	0.59464	0.59465			6
2024.07.24	03:20:19.600	0.59463				2
2024.07.24	03:20:21.627	0.59464	0.59467			6
2024.07.24	03:20:22.613	0.59466	0.59468			6
2024.07.24	03:20:24.338	0.59467				2
2024.07.24	03:20:24.644	0.59463	0.59466			6
2024.07.24	03:20:25.514	0.59462	0.59465			6
2024.07.24	03:20:26.088		0.59466			4
2024.07.24	03:20:26.464	0.59463				2
2024.07.24	03:20:26.783		0.59465			4
2024.07.24	03:20:35.335	0.59462	0.59464			6
2024.07.24	03:20:35.972	0.59463				2
2024.07.24	03:20:36.949		0.59465			4
2024.07.24	03:20:40.638		0.59464			4
2024.07.24	03:20:41.066		0.59465			4
2024.07.24	03:20:42.820		0.59464			4
2024.07.24	03:20:44.234	0.59462	0.59463			6
2024.07.24	03:20:48.632	0.59461	0.59462			6
2024.07.24	03:20:49.369	0.59459	0.59461			6
2024.07.24	03:20:49.719		0.59462			4
2024.07.24	03:20:50.024	0.59460				2
2024.07.24	03:20:52.178	0.59459	0.59461			6
2024.07.24	03:20:52.482		0.59460			4
2024.07.24	03:20:55.165	0.59458	0.59459			6
2024.07.24	03:21:00.179	0.59458				2
2024.07.24	03:21:01.075	0.59457	0.59458			6
2024.07.24	03:21:02.885	0.59456				2
2024.07.24	03:21:03.605	0.59457				2
2024.07.24	03:21:04.995	0.59459	0.59460			6
2024.07.24	03:21:11.690	0.59458	0.59459			6
2024.07.24	03:21:12.111	0.59459	0.59460			6
2024.07.24	03:21:13.516	0.59455	0.59458			6
2024.07.24	03:21:23.193		0.59459			4
2024.07.24	03:21:23.582		0.59458			4
2024.07.24	03:21:24.195	0.59453	0.59454			6
2024.07.24	03:21:24.500	0.59452				2
2024.07.24	03:21:24.804	0.59453	0.59455			6
2024.07.24	03:21:25.156	0.59452				2
2024.07.24	03:21:25.932		0.59454			4
