<DATE>	<TIME>	<BID>	<ASK>	<LAST>	<VOLUME>	<FLAGS>
2024.06.28	00:00:02.151	0.60814	0.60847			6
2024.06.28	00:00:02.217		0.60910			4
2024.06.28	00:00:02.220	0.60813	0.60945			6
2024.06.28	00:00:21.624	0.60810				2
2024.06.28	00:00:30.651		0.60943			4
2024.06.28	00:00:33.868	0.60807				2
2024.06.28	00:00:49.585	0.60800				2
2024.06.28	00:00:50.859	0.60801	0.60941			6
2024.06.28	00:00:51.715		0.60936			4
2024.06.28	00:01:01.135	0.60801				2
2024.06.28	00:01:01.831		0.60934			4
2024.06.28	00:01:02.806		0.60933			4
2024.06.28	00:01:29.595	0.60799				2
2024.06.28	00:01:46.995		0.60925			4
2024.06.28	00:01:47.307		0.60933			4
2024.06.28	00:01:47.618		0.60925			4
2024.06.28	00:01:47.936		0.60933			4
2024.06.28	00:02:08.961	0.60799				2
2024.06.28	00:03:21.124	0.60799	0.60933			6
2024.06.28	00:03:22.303	0.60810				2
2024.06.28	00:04:00.607	0.60810				2
2024.06.28	00:04:25.382		0.60933			4
2024.06.28	00:05:00.535	0.60838				2
2024.06.28	00:05:00.871	0.60799				2
2024.06.28	00:05:02.790	0.60821				2
2024.06.28	00:05:03.810	0.60820				2
2024.06.28	00:05:04.173	0.60818				2
2024.06.28	00:05:05.620	0.60817				2
2024.06.28	00:05:06.231	0.60813				2
2024.06.28	00:05:06.936	0.60811				2
2024.06.28	00:05:07.653	0.60812				2
2024.06.28	00:05:09.709	0.60808	0.60931			6
2024.06.28	00:05:12.929	0.60799				2
2024.06.28	00:05:13.737		0.60932			4
2024.06.28	00:05:14.142	0.60808				2
2024.06.28	00:05:15.204		0.60931			4
2024.06.28	00:05:19.959	0.60809	0.60932			6
2024.06.28	00:05:26.876		0.60933			4
2024.06.28	00:05:27.180	0.60808	0.60932			6
2024.06.28	00:05:29.312	0.60802	0.60906			6
2024.06.28	00:05:30.825	0.60800	0.60908			6
2024.06.28	00:05:33.356	0.60810	0.60912			6
2024.06.28	00:05:35.741	0.60809	0.60910			6
2024.06.28	00:05:36.963	0.60810	0.60912			6
2024.06.28	00:05:44.966		0.60911			4
2024.06.28	00:05:47.194	0.60812	0.60908			6
2024.06.28	00:05:57.208		0.60909			4
2024.06.28	00:06:02.389	0.60811	0.60907			6
2024.06.28	00:06:07.542	0.60818	0.60915			6
2024.06.28	00:06:18.769	0.60817	0.60914			6
2024.06.28	00:06:20.172	0.60816	0.60913			6
2024.06.28	00:06:20.582	0.60817	0.60914			6
2024.06.28	00:06:21.601	0.60816	0.60913			6
2024.06.28	00:06:23.071	0.60814	0.60910			6
2024.06.28	00:06:24.460	0.60813				2
2024.06.28	00:06:25.856	0.60812	0.60909			6
2024.06.28	00:06:28.330	0.60817	0.60923			6
2024.06.28	00:06:34.508		0.60922			4
2024.06.28	00:06:36.491	0.60816				2
2024.06.28	00:06:38.504	0.60815	0.60920			6
2024.06.28	00:06:46.505	0.60816	0.60922			6
2024.06.28	00:07:05.296	0.60818	0.60916			6
2024.06.28	00:07:07.562	0.60805	0.60903			6
2024.06.28	00:07:28.362	0.60817	0.60913			6
2024.06.28	00:07:33.733	0.60824				2
2024.06.28	00:07:49.183	0.60834	0.60897			6
2024.06.28	00:07:50.244	0.60824	0.60906			6
2024.06.28	00:07:51.369		0.60904			4
2024.06.28	00:08:00.361	0.60824				2
2024.06.28	00:08:27.011		0.60901			4
2024.06.28	00:08:38.361		0.60889			4
2024.06.28	00:08:40.842		0.60891			4
2024.06.28	00:08:48.493		0.60889			4
2024.06.28	00:09:00.345	0.60824				2
2024.06.28	00:09:17.897		0.60893			4
2024.06.28	00:09:21.790		0.60892			4
2024.06.28	00:09:24.438		0.60891			4
2024.06.28	00:09:29.059		0.60892			4
2024.06.28	00:09:34.795		0.60895			4
2024.06.28	00:09:35.226		0.60897			4
2024.06.28	00:09:45.242		0.60900			4
2024.06.28	00:09:58.425		0.60893			4
2024.06.28	00:10:00.311	0.60828				2
2024.06.28	00:10:01.844	0.60827				2
2024.06.28	00:10:02.992		0.60900			4
2024.06.28	00:10:04.844	0.60828				2
2024.06.28	00:10:05.460		0.60895			4
2024.06.28	00:10:06.830	0.60824	0.60892			6
2024.06.28	00:10:07.134		0.60896			4
2024.06.28	00:10:07.872	0.60825	0.60888			6
2024.06.28	00:10:08.328		0.60887			4
2024.06.28	00:10:08.985		0.60886			4
2024.06.28	00:10:09.352	0.60824				2
2024.06.28	00:10:15.985		0.60884			4
2024.06.28	00:10:17.446	0.60823				2
2024.06.28	00:11:12.844	0.60836	0.60908			6
2024.06.28	00:11:13.481		0.60882			4
2024.06.28	00:11:13.862		0.60878			4
2024.06.28	00:11:20.258		0.60880			4
2024.06.28	00:11:30.370		0.60881			4
2024.06.28	00:11:40.862		0.60887			4
2024.06.28	00:11:41.365		0.60884			4
2024.06.28	00:11:41.791		0.60882			4
2024.06.28	00:11:45.947		0.60880			4
2024.06.28	00:11:50.609		0.60886			4
2024.06.28	00:11:51.969		0.60884			4
2024.06.28	00:11:53.686		0.60883			4
2024.06.28	00:12:00.733	0.60836	0.60882			6
2024.06.28	00:12:07.077		0.60881			4
2024.06.28	00:12:09.227		0.60882			4
2024.06.28	00:12:10.317		0.60883			4
2024.06.28	00:12:10.847		0.60880			4
2024.06.28	00:12:11.854		0.60882			4
2024.06.28	00:12:12.427		0.60883			4
2024.06.28	00:12:18.151		0.60880			4
2024.06.28	00:12:20.954		0.60879			4
2024.06.28	00:12:21.537		0.60878			4
2024.06.28	00:12:22.810		0.60879			4
2024.06.28	00:12:28.514		0.60877			4
2024.06.28	00:12:31.061		0.60876			4
2024.06.28	00:12:31.704		0.60878			4
2024.06.28	00:12:34.433		0.60877			4
2024.06.28	00:12:34.746		0.60878			4
2024.06.28	00:12:48.038		0.60882			4
2024.06.28	00:12:48.352		0.60883			4
2024.06.28	00:12:49.120		0.60880			4
2024.06.28	00:12:49.591		0.60879			4
2024.06.28	00:12:51.285		0.60880			4
2024.06.28	00:12:56.111		0.60879			4
2024.06.28	00:13:00.048	0.60836				2
2024.06.28	00:13:01.376		0.60878			4
2024.06.28	00:13:09.741		0.60875			4
2024.06.28	00:13:11.500		0.60879			4
2024.06.28	00:13:17.720		0.60878			4
2024.06.28	00:13:18.079		0.60887			4
2024.06.28	00:13:18.381		0.60885			4
2024.06.28	00:13:20.927		0.60884			4
2024.06.28	00:13:21.610		0.60883			4
2024.06.28	00:13:31.504		0.60880			4
2024.06.28	00:13:41.870		0.60882			4
2024.06.28	00:13:49.508		0.60881			4
2024.06.28	00:13:51.995		0.60878			4
2024.06.28	00:13:52.310		0.60879			4
2024.06.28	00:13:52.864		0.60884			4
2024.06.28	00:13:53.189		0.60878			4
2024.06.28	00:13:55.042		0.60877			4
2024.06.28	00:13:56.041		0.60879			4
2024.06.28	00:13:58.514		0.60878			4
2024.06.28	00:14:00.320	0.60836				2
2024.06.28	00:14:04.353		0.60875			4
2024.06.28	00:14:04.830		0.60874			4
2024.06.28	00:14:09.340		0.60878			4
2024.06.28	00:14:12.241		0.60877			4
2024.06.28	00:14:22.381		0.60875			4
2024.06.28	00:14:32.429		0.60876			4
2024.06.28	00:14:32.818		0.60875			4
2024.06.28	00:14:42.430	0.60835	0.60874			6
2024.06.28	00:14:52.659		0.60875			4
2024.06.28	00:15:00.360	0.60835				2
2024.06.28	00:15:01.678		0.60872			4
2024.06.28	00:15:02.764		0.60871			4
2024.06.28	00:15:04.384		0.60883			4
2024.06.28	00:15:07.845		0.60881			4
2024.06.28	00:15:12.890		0.60878			4
2024.06.28	00:15:13.574		0.60886			4
2024.06.28	00:15:14.734		0.60885			4
2024.06.28	00:15:15.894		0.60878			4
2024.06.28	00:15:16.298		0.60879			4
2024.06.28	00:15:17.367		0.60877			4
2024.06.28	00:15:18.306		0.60881			4
2024.06.28	00:15:18.730		0.60880			4
2024.06.28	00:15:23.098		0.60877			4
2024.06.28	00:15:23.406		0.60878			4
2024.06.28	00:15:26.944		0.60876			4
2024.06.28	00:15:28.717		0.60875			4
2024.06.28	00:15:30.796		0.60877			4
2024.06.28	00:15:33.121	0.60836	0.60872			6
2024.06.28	00:15:33.513		0.60873			4
2024.06.28	00:15:37.090		0.60872			4
2024.06.28	00:15:37.417		0.60871			4
2024.06.28	00:15:40.116	0.60835	0.60870			6
2024.06.28	00:15:41.673		0.60869			4
2024.06.28	00:15:43.257	0.60831	0.60868			6
2024.06.28	00:15:43.643		0.60867			4
2024.06.28	00:16:03.345	0.60830				2
2024.06.28	00:16:08.002	0.60835	0.60872			6
2024.06.28	00:16:09.420		0.60875			4
2024.06.28	00:16:09.797	0.60829	0.60870			6
2024.06.28	00:16:10.196		0.60869			4
2024.06.28	00:16:11.945	0.60831	0.60868			6
2024.06.28	00:16:33.644	0.60830	0.60867			6
2024.06.28	00:16:43.973	0.60831				2
2024.06.28	00:16:52.642	0.60823	0.60869			6
2024.06.28	00:16:53.059		0.60868			4
2024.06.28	00:17:04.355	0.60823				2
2024.06.28	00:17:15.671	0.60817	0.60865			6
2024.06.28	00:17:19.331		0.60864			4
2024.06.28	00:17:25.918		0.60862			4
2024.06.28	00:17:26.341	0.60815	0.60861			6
2024.06.28	00:17:44.987	0.60810	0.60857			6
2024.06.28	00:18:00.944	0.60810				2
2024.06.28	00:18:05.307	0.60807	0.60855			6
2024.06.28	00:18:26.964	0.60805	0.60854			6
2024.06.28	00:18:31.944	0.60816	0.60866			6
2024.06.28	00:18:33.367		0.60865			4
2024.06.28	00:18:34.374		0.60862			4
2024.06.28	00:18:42.356	0.60818	0.60866			6
2024.06.28	00:18:44.370		0.60867			4
2024.06.28	00:18:47.053		0.60859			4
2024.06.28	00:18:47.356		0.60855			4
2024.06.28	00:18:47.658		0.60858			4
2024.06.28	00:18:50.437		0.60860			4
2024.06.28	00:18:52.351		0.60857			4
2024.06.28	00:18:52.659		0.60860			4
2024.06.28	00:18:53.061		0.60858			4
2024.06.28	00:18:54.521	0.60819	0.60860			6
2024.06.28	00:19:02.140	0.60819				2
2024.06.28	00:19:08.521		0.60859			4
2024.06.28	00:19:12.518		0.60860			4
2024.06.28	00:19:12.868		0.60862			4
2024.06.28	00:19:17.789		0.60860			4
2024.06.28	00:19:32.168	0.60820				2
2024.06.28	00:19:42.188		0.60859			4
2024.06.28	00:19:53.420		0.60861			4
2024.06.28	00:19:54.562	0.60821				2
2024.06.28	00:19:58.900		0.60860			4
2024.06.28	00:20:00.954	0.60821	0.60861			6
2024.06.28	00:20:13.956	0.60820				2
2024.06.28	00:21:00.348	0.60820				2
2024.06.28	00:21:03.353		0.60861			4
2024.06.28	00:22:00.344	0.60820				2
2024.06.28	00:22:05.444		0.60861			4
2024.06.28	00:22:18.384		0.60860			4
2024.06.28	00:22:19.187		0.60861			4
2024.06.28	00:22:47.694		0.60860			4
2024.06.28	00:22:49.976		0.60861			4
2024.06.28	00:23:06.344	0.60820				2
2024.06.28	00:23:21.910		0.60862			4
2024.06.28	00:23:22.304		0.60859			4
2024.06.28	00:23:32.199		0.60863			4
2024.06.28	00:23:42.319		0.60862			4
2024.06.28	00:23:51.912	0.60821	0.60864			6
2024.06.28	00:23:52.554		0.60865			4
2024.06.28	00:24:01.920	0.60821				2
2024.06.28	00:24:03.381		0.60864			4
2024.06.28	00:24:04.003		0.60865			4
2024.06.28	00:24:11.259	0.60822				2
2024.06.28	00:24:51.941		0.60867			4
2024.06.28	00:25:01.935	0.60822				2
2024.06.28	00:25:02.285	0.60821	0.60864			6
2024.06.28	00:25:02.696		0.60865			4
2024.06.28	00:25:03.336	0.60822				2
2024.06.28	00:25:12.026	0.60820				2
2024.06.28	00:25:17.270	0.60819	0.60862			6
2024.06.28	00:25:17.718		0.60863			4
2024.06.28	00:25:18.038		0.60862			4
2024.06.28	00:25:19.377		0.60861			4
2024.06.28	00:25:32.487		0.60863			4
2024.06.28	00:25:38.466		0.60864			4
2024.06.28	00:25:44.076		0.60862			4
2024.06.28	00:25:47.365	0.60821	0.60866			6
2024.06.28	00:25:47.745		0.60864			4
2024.06.28	00:25:50.349		0.60867			4
2024.06.28	00:25:53.748		0.60865			4
2024.06.28	00:25:54.113		0.60864			4
2024.06.28	00:25:59.125		0.60867			4
2024.06.28	00:26:01.938	0.60821				2
2024.06.28	00:26:10.355		0.60865			4
2024.06.28	00:26:10.711		0.60867			4
2024.06.28	00:26:33.127		0.60865			4
2024.06.28	00:26:33.459		0.60867			4
2024.06.28	00:26:34.293		0.60865			4
2024.06.28	00:26:34.600		0.60867			4
2024.06.28	00:26:35.208		0.60865			4
2024.06.28	00:26:35.510		0.60864			4
2024.06.28	00:26:35.820		0.60867			4
2024.06.28	00:26:36.425		0.60865			4
2024.06.28	00:26:36.726		0.60864			4
2024.06.28	00:26:44.217		0.60867			4
2024.06.28	00:26:44.819		0.60865			4
2024.06.28	00:26:45.127		0.60867			4
2024.06.28	00:26:45.427		0.60865			4
2024.06.28	00:26:45.729		0.60867			4
2024.06.28	00:26:47.374		0.60864			4
2024.06.28	00:26:50.208		0.60867			4
2024.06.28	00:27:00.458	0.60821	0.60865			6
2024.06.28	00:27:00.798		0.60864			4
2024.06.28	00:27:21.750		0.60863			4
2024.06.28	00:27:22.370		0.60864			4
2024.06.28	00:28:00.380	0.60821				2
2024.06.28	00:28:12.248		0.60873			4
2024.06.28	00:28:17.594		0.60874			4
2024.06.28	00:29:00.973	0.60821				2
2024.06.28	00:29:18.365		0.60874			4
2024.06.28	00:30:00.329	0.60821				2
2024.06.28	00:30:21.793	0.60822	0.60874			6
2024.06.28	00:31:46.431	0.60823	0.60874			6
2024.06.28	00:33:10.629	0.60822	0.60872			6
2024.06.28	00:33:33.200		0.60873			4
2024.06.28	00:34:01.347	0.60821	0.60874			6
2024.06.28	00:34:02.396	0.60823	0.60872			6
2024.06.28	00:34:02.990		0.60873			4
2024.06.28	00:34:06.353		0.60874			4
2024.06.28	00:35:01.998	0.60823	0.60872			6
2024.06.28	00:35:06.366		0.60873			4
2024.06.28	00:35:06.944		0.60874			4
2024.06.28	00:35:09.647		0.60873			4
2024.06.28	00:35:24.562	0.60820	0.60870			6
2024.06.28	00:35:25.610	0.60821	0.60871			6
2024.06.28	00:35:27.331	0.60822				2
2024.06.28	00:35:37.461		0.60872			4
2024.06.28	00:36:02.983	0.60822				2
2024.06.28	00:36:04.848		0.60871			4
2024.06.28	00:36:25.616		0.60872			4
2024.06.28	00:36:27.329	0.60823				2
2024.06.28	00:36:30.347		0.60873			4
2024.06.28	00:36:35.979	0.60819	0.60869			6
2024.06.28	00:36:40.014		0.60868			4
2024.06.28	00:36:44.077		0.60866			4
2024.06.28	00:36:46.685	0.60818	0.60867			6
2024.06.28	00:36:51.371		0.60864			4
2024.06.28	00:36:51.932		0.60867			4
2024.06.28	00:37:01.979	0.60818	0.60864			6
2024.06.28	00:37:06.001	0.60816	0.60866			6
2024.06.28	00:37:06.480		0.60863			4
2024.06.28	00:37:21.679	0.60815	0.60861			6
2024.06.28	00:37:59.187	0.60816	0.60864			6
2024.06.28	00:38:00.361	0.60816				2
2024.06.28	00:38:02.200		0.60862			4
2024.06.28	00:38:05.199	0.60815				2
2024.06.28	00:38:06.361		0.60860			4
2024.06.28	00:38:12.221		0.60862			4
2024.06.28	00:38:12.533		0.60860			4
2024.06.28	00:38:24.049		0.60863			4
2024.06.28	00:38:24.559		0.60861			4
2024.06.28	00:39:01.291	0.60815				2
2024.06.28	00:39:06.875		0.60863			4
2024.06.28	00:39:11.872		0.60861			4
2024.06.28	00:39:12.346		0.60863			4
2024.06.28	00:39:20.094		0.60860			4
2024.06.28	00:39:21.620		0.60861			4
2024.06.28	00:39:22.102	0.60814				2
2024.06.28	00:40:00.053	0.60814				2
2024.06.28	00:40:21.874	0.60815	0.60861			6
2024.06.28	00:41:00.580	0.60815				2
2024.06.28	00:41:22.055		0.60860			4
2024.06.28	00:41:43.251		0.60861			4
2024.06.28	00:41:43.564		0.60860			4
2024.06.28	00:42:00.756	0.60815				2
2024.06.28	00:42:31.730		0.60862			4
2024.06.28	00:42:32.145		0.60863			4
2024.06.28	00:43:01.924	0.60815				2
2024.06.28	00:43:14.498	0.60807				2
2024.06.28	00:43:21.694	0.60808	0.60860			6
2024.06.28	00:43:22.230		0.60862			4
2024.06.28	00:43:39.296	0.60807				2
2024.06.28	00:44:00.755	0.60807				2
2024.06.28	00:44:27.687		0.60862			4
2024.06.28	00:45:00.727	0.60807				2
2024.06.28	00:45:02.424	0.60808				2
2024.06.28	00:45:02.744	0.60807				2
2024.06.28	00:45:03.050	0.60808				2
2024.06.28	00:45:06.116	0.60822	0.60850			6
2024.06.28	00:45:10.069		0.60849			4
2024.06.28	00:45:22.406	0.60823	0.60850			6
2024.06.28	00:45:24.457	0.60822	0.60849			6
2024.06.28	00:45:34.569	0.60823	0.60851			6
2024.06.28	00:45:35.306	0.60822	0.60849			6
2024.06.28	00:46:08.067	0.60822				2
2024.06.28	00:46:09.434	0.60818	0.60846			6
2024.06.28	00:46:09.815		0.60845			4
2024.06.28	00:46:10.874	0.60817				2
2024.06.28	00:46:12.036		0.60844			4
2024.06.28	00:46:15.060	0.60816	0.60843			6
2024.06.28	00:46:17.968		0.60842			4
2024.06.28	00:47:00.347	0.60816				2
2024.06.28	00:47:01.394		0.60847			4
2024.06.28	00:47:02.525		0.60842			4
2024.06.28	00:47:13.733	0.60814				2
2024.06.28	00:47:34.505	0.60813	0.60843			6
2024.06.28	00:47:34.844	0.60814				2
2024.06.28	00:47:40.602	0.60815				2
2024.06.28	00:47:48.725	0.60814				2
2024.06.28	00:48:03.594	0.60814				2
2024.06.28	00:48:38.146		0.60844			4
2024.06.28	00:49:02.744	0.60814				2
2024.06.28	00:49:48.346		0.60844			4
2024.06.28	00:50:14.977	0.60814				2
2024.06.28	00:50:19.544		0.60843			4
2024.06.28	00:50:29.112		0.60844			4
2024.06.28	00:51:11.148	0.60814				2
2024.06.28	00:51:29.621		0.60844			4
2024.06.28	00:51:59.144		0.60845			4
2024.06.28	00:52:01.759	0.60814				2
2024.06.28	00:52:02.087	0.60818	0.60839			6
2024.06.28	00:52:02.392		0.60838			4
2024.06.28	00:52:03.016		0.60839			4
2024.06.28	00:52:13.362		0.60840			4
2024.06.28	00:53:02.086	0.60818				2
2024.06.28	00:53:19.749		0.60840			4
2024.06.28	00:54:02.274	0.60818				2
2024.06.28	00:54:31.784		0.60840			4
2024.06.28	00:54:43.142		0.60841			4
2024.06.28	00:54:44.075	0.60809				2
2024.06.28	00:55:02.091	0.60809				2
2024.06.28	00:55:02.510	0.60805				2
2024.06.28	00:55:16.704	0.60806				2
2024.06.28	00:55:17.480	0.60818				2
2024.06.28	00:55:45.103		0.60841			4
2024.06.28	00:56:04.254	0.60818				2
2024.06.28	00:56:20.834		0.60842			4
2024.06.28	00:56:28.420		0.60841			4
2024.06.28	00:56:41.610		0.60842			4
2024.06.28	00:57:00.589	0.60818				2
2024.06.28	00:57:46.859		0.60842			4
2024.06.28	00:58:03.292	0.60818				2
2024.06.28	00:59:11.574	0.60811	0.60842			6
2024.06.28	00:59:17.009	0.60809				2
2024.06.28	01:00:00.320	0.60840	0.60845			6
2024.06.28	01:00:00.643	0.60842	0.60852			6
2024.06.28	01:00:00.946	0.60839				2
2024.06.28	01:00:01.319	0.60834	0.60848			6
2024.06.28	01:00:01.655		0.60851			4
2024.06.28	01:00:02.043		0.60848			4
2024.06.28	01:00:02.346		0.60849			4
2024.06.28	01:00:02.853		0.60837			4
2024.06.28	01:00:07.348		0.60836			4
2024.06.28	01:00:07.824	0.60826	0.60835			6
2024.06.28	01:00:08.143		0.60837			4
2024.06.28	01:00:08.883	0.60828				2
2024.06.28	01:00:09.793		0.60836			4
2024.06.28	01:00:10.314		0.60835			4
2024.06.28	01:00:11.415	0.60826	0.60832			6
2024.06.28	01:00:15.401		0.60833			4
2024.06.28	01:00:16.419		0.60835			4
2024.06.28	01:00:16.896		0.60831			4
2024.06.28	01:00:17.201		0.60833			4
2024.06.28	01:00:17.761	0.60824				2
2024.06.28	01:00:18.144		0.60832			4
2024.06.28	01:00:20.458	0.60831	0.60835			6
2024.06.28	01:00:21.306	0.60824				2
2024.06.28	01:00:21.642	0.60831				2
2024.06.28	01:00:23.131	0.60824	0.60834			6
2024.06.28	01:00:24.116		0.60835			4
2024.06.28	01:00:25.209		0.60834			4
2024.06.28	01:00:25.797		0.60833			4
2024.06.28	01:00:26.396	0.60823	0.60828			6
2024.06.28	01:00:40.395	0.60825	0.60827			6
2024.06.28	01:00:41.387		0.60826			4
2024.06.28	01:00:48.418		0.60828			4
2024.06.28	01:00:53.350		0.60826			4
2024.06.28	01:00:56.387		0.60828			4
2024.06.28	01:01:00.459	0.60825	0.60827			6
2024.06.28	01:01:00.989	0.60819				2
2024.06.28	01:01:01.433		0.60826			4
2024.06.28	01:01:03.408	0.60820				2
2024.06.28	01:01:05.000	0.60819	0.60825			6
2024.06.28	01:01:06.055		0.60823			4
2024.06.28	01:01:06.789	0.60820	0.60827			6
2024.06.28	01:01:16.267	0.60821				2
2024.06.28	01:01:17.421	0.60822				2
2024.06.28	01:01:18.433		0.60829			4
2024.06.28	01:01:33.413		0.60830			4
2024.06.28	01:01:35.846		0.60829			4
2024.06.28	01:01:44.954		0.60828			4
2024.06.28	01:01:45.267		0.60829			4
2024.06.28	01:02:00.392	0.60821	0.60828			6
2024.06.28	01:02:01.409	0.60817	0.60824			6
2024.06.28	01:02:02.219	0.60818	0.60825			6
2024.06.28	01:02:10.415		0.60827			4
2024.06.28	01:02:11.424		0.60826			4
2024.06.28	01:02:17.337		0.60825			4
2024.06.28	01:02:21.392		0.60826			4
2024.06.28	01:02:24.389		0.60827			4
2024.06.28	01:02:26.412		0.60825			4
2024.06.28	01:02:51.392	0.60816	0.60828			6
2024.06.28	01:03:00.417	0.60817	0.60823			6
2024.06.28	01:03:01.399	0.60816				2
2024.06.28	01:03:08.883	0.60813	0.60822			6
2024.06.28	01:03:09.191	0.60812	0.60820			6
2024.06.28	01:03:12.899	0.60811	0.60818			6
2024.06.28	01:03:24.395	0.60810				2
2024.06.28	01:03:52.050	0.60811	0.60817			6
2024.06.28	01:03:52.401	0.60810				2
2024.06.28	01:03:56.394		0.60816			4
2024.06.28	01:04:00.387	0.60810	0.60817			6
2024.06.28	01:04:06.283	0.60811	0.60816			6
2024.06.28	01:04:07.430	0.60810	0.60817			6
2024.06.28	01:04:08.145	0.60811				2
2024.06.28	01:04:09.346	0.60810				2
2024.06.28	01:04:13.405	0.60811				2
2024.06.28	01:04:17.079	0.60812	0.60818			6
2024.06.28	01:04:18.417		0.60820			4
2024.06.28	01:04:28.406		0.60819			4
2024.06.28	01:04:44.405	0.60813				2
2024.06.28	01:04:45.618	0.60812				2
2024.06.28	01:04:47.499	0.60813				2
2024.06.28	01:04:55.547	0.60812				2
2024.06.28	01:05:00.442	0.60811	0.60817			6
2024.06.28	01:05:01.389	0.60810	0.60816			6
2024.06.28	01:05:02.580	0.60809	0.60812			6
2024.06.28	01:05:04.673		0.60813			4
2024.06.28	01:05:04.976	0.60810	0.60816			6
2024.06.28	01:05:05.836	0.60811				2
2024.06.28	01:05:06.389	0.60810				2
2024.06.28	01:05:12.414		0.60817			4
2024.06.28	01:05:28.408	0.60809				2
2024.06.28	01:05:49.478	0.60810				2
2024.06.28	01:05:49.781	0.60809				2
2024.06.28	01:05:55.844	0.60810				2
2024.06.28	01:06:00.361	0.60810	0.60816			6
2024.06.28	01:06:00.699	0.60813				2
2024.06.28	01:06:04.544	0.60809	0.60813			6
2024.06.28	01:06:04.847		0.60815			4
2024.06.28	01:06:05.524	0.60812				2
2024.06.28	01:06:07.142	0.60809				2
2024.06.28	01:06:08.052	0.60810	0.60817			6
2024.06.28	01:06:08.957	0.60811	0.60818			6
2024.06.28	01:06:11.155	0.60812				2
2024.06.28	01:06:15.404		0.60819			4
2024.06.28	01:06:22.409	0.60811	0.60820			6
2024.06.28	01:06:24.403	0.60812	0.60819			6
2024.06.28	01:06:34.392	0.60811	0.60820			6
2024.06.28	01:06:42.385		0.60819			4
2024.06.28	01:06:43.393	0.60812				2
2024.06.28	01:06:52.409	0.60811	0.60820			6
2024.06.28	01:07:00.419	0.60810	0.60817			6
2024.06.28	01:07:02.178		0.60816			4
2024.06.28	01:07:12.384		0.60817			4
2024.06.28	01:08:00.421	0.60810				2
2024.06.28	01:08:16.544		0.60817			4
2024.06.28	01:08:39.392		0.60816			4
2024.06.28	01:08:47.392		0.60817			4
2024.06.28	01:09:00.347	0.60810				2
2024.06.28	01:09:01.397		0.60816			4
2024.06.28	01:09:13.395		0.60817			4
2024.06.28	01:09:22.330		0.60815			4
2024.06.28	01:10:19.846	0.60810				2
2024.06.28	01:10:22.861		0.60815			4
2024.06.28	01:10:47.321	0.60805	0.60808			6
2024.06.28	01:11:01.586	0.60805	0.60811			6
2024.06.28	01:11:02.538		0.60812			4
2024.06.28	01:11:02.871	0.60806	0.60811			6
2024.06.28	01:11:03.405		0.60812			4
2024.06.28	01:11:05.020	0.60805				2
2024.06.28	01:11:05.428		0.60811			4
2024.06.28	01:11:18.384		0.60812			4
2024.06.28	01:11:20.364		0.60811			4
2024.06.28	01:11:28.449	0.60806				2
2024.06.28	01:11:39.424		0.60812			4
2024.06.28	01:11:46.160		0.60811			4
2024.06.28	01:11:48.863	0.60812	0.60817			6
2024.06.28	01:11:49.164		0.60816			4
2024.06.28	01:11:49.804	0.60811				2
2024.06.28	01:12:00.357	0.60811				2
2024.06.28	01:12:01.384	0.60809	0.60812			6
2024.06.28	01:12:06.661		0.60813			4
2024.06.28	01:12:09.021		0.60812			4
2024.06.28	01:12:09.529		0.60813			4
2024.06.28	01:12:37.543	0.60808	0.60812			6
2024.06.28	01:12:38.349	0.60807				2
2024.06.28	01:12:46.735	0.60808				2
2024.06.28	01:13:00.420	0.60807				2
2024.06.28	01:13:17.052	0.60806				2
2024.06.28	01:13:25.120	0.60807				2
2024.06.28	01:13:28.603	0.60806				2
2024.06.28	01:13:33.043	0.60807	0.60811			6
2024.06.28	01:13:50.979	0.60806				2
2024.06.28	01:13:52.403		0.60810			4
2024.06.28	01:13:55.375	0.60807	0.60811			6
2024.06.28	01:13:55.679	0.60806				2
2024.06.28	01:13:55.982	0.60807				2
2024.06.28	01:13:56.333	0.60806				2
2024.06.28	01:13:58.407		0.60810			4
2024.06.28	01:14:00.045	0.60806				2
2024.06.28	01:14:00.414	0.60802	0.60805			6
2024.06.28	01:14:00.930		0.60806			4
2024.06.28	01:14:02.095		0.60807			4
2024.06.28	01:14:17.147		0.60806			4
2024.06.28	01:14:19.626		0.60807			4
2024.06.28	01:14:36.275	0.60804				2
2024.06.28	01:14:39.347	0.60805				2
2024.06.28	01:14:40.727	0.60806	0.60810			6
2024.06.28	01:14:44.581	0.60804	0.60807			6
2024.06.28	01:14:44.918	0.60803				2
2024.06.28	01:14:47.393	0.60802				2
2024.06.28	01:14:51.594	0.60803				2
2024.06.28	01:14:54.363	0.60802				2
2024.06.28	01:15:00.285	0.60802				2
2024.06.28	01:15:08.048	0.60805	0.60809			6
2024.06.28	01:15:08.499		0.60810			4
2024.06.28	01:15:15.767	0.60804				2
2024.06.28	01:15:23.474	0.60805				2
2024.06.28	01:15:29.371	0.60804				2
2024.06.28	01:15:41.597	0.60805				2
2024.06.28	01:15:44.292	0.60804				2
2024.06.28	01:15:47.401		0.60809			4
2024.06.28	01:15:56.620	0.60805	0.60810			6
2024.06.28	01:16:01.866	0.60806	0.60811			6
2024.06.28	01:16:07.792	0.60808	0.60812			6
2024.06.28	01:16:08.234	0.60807				2
2024.06.28	01:16:13.416	0.60806				2
2024.06.28	01:16:15.238	0.60807				2
2024.06.28	01:16:25.116		0.60813			4
2024.06.28	01:16:27.956		0.60812			4
2024.06.28	01:16:34.529	0.60808	0.60813			6
2024.06.28	01:16:34.846		0.60814			4
2024.06.28	01:16:38.432		0.60813			4
2024.06.28	01:16:39.798		0.60812			4
2024.06.28	01:16:40.100		0.60814			4
2024.06.28	01:16:48.620	0.60810				2
2024.06.28	01:16:48.948	0.60809	0.60815			6
2024.06.28	01:16:50.623	0.60810				2
2024.06.28	01:17:00.491	0.60810				2
2024.06.28	01:17:01.381	0.60809				2
2024.06.28	01:17:03.562	0.60810				2
2024.06.28	01:17:08.319	0.60809				2
2024.06.28	01:17:13.244	0.60810				2
2024.06.28	01:17:41.447	0.60814				2
2024.06.28	01:17:41.763	0.60810				2
2024.06.28	01:17:42.117	0.60814				2
2024.06.28	01:17:42.425	0.60810				2
2024.06.28	01:17:54.632		0.60815			4
2024.06.28	01:18:00.304	0.60807	0.60812			6
2024.06.28	01:18:11.813	0.60809	0.60814			6
2024.06.28	01:18:12.295		0.60815			4
2024.06.28	01:18:12.892		0.60814			4
2024.06.28	01:18:32.687	0.60808				2
2024.06.28	01:18:35.642		0.60815			4
2024.06.28	01:18:35.994		0.60814			4
2024.06.28	01:18:36.348	0.60809				2
2024.06.28	01:19:11.842	0.60809	0.60813			6
2024.06.28	01:19:13.129		0.60815			4
2024.06.28	01:19:18.623	0.60810				2
2024.06.28	01:19:22.419		0.60814			4
2024.06.28	01:19:25.252	0.60809				2
2024.06.28	01:19:26.515	0.60810				2
2024.06.28	01:19:33.904	0.60809				2
2024.06.28	01:19:34.548	0.60810				2
2024.06.28	01:19:35.425		0.60815			4
2024.06.28	01:19:44.409		0.60814			4
2024.06.28	01:19:50.638		0.60815			4
2024.06.28	01:19:57.855	0.60814	0.60816			6
2024.06.28	01:20:01.546	0.60814				2
2024.06.28	01:20:27.918	0.60812	0.60817			6
2024.06.28	01:20:29.662	0.60813				2
2024.06.28	01:20:29.965	0.60812				2
2024.06.28	01:20:30.896		0.60816			4
2024.06.28	01:20:31.545		0.60817			4
2024.06.28	01:20:32.419		0.60816			4
2024.06.28	01:20:43.415		0.60815			4
2024.06.28	01:20:47.405		0.60816			4
2024.06.28	01:20:59.612	0.60811				2
2024.06.28	01:21:31.779	0.60811				2
2024.06.28	01:21:33.364		0.60815			4
2024.06.28	01:22:05.370	0.60811	0.60816			6
2024.06.28	01:22:05.699		0.60815			4
2024.06.28	01:22:10.394		0.60816			4
2024.06.28	01:22:18.788		0.60813			4
2024.06.28	01:22:19.093		0.60816			4
2024.06.28	01:22:19.454		0.60813			4
2024.06.28	01:22:19.782		0.60816			4
2024.06.28	01:22:33.378		0.60813			4
2024.06.28	01:22:33.681		0.60816			4
2024.06.28	01:22:33.985		0.60813			4
2024.06.28	01:22:34.289		0.60816			4
2024.06.28	01:22:38.662	0.60810				2
2024.06.28	01:22:39.707		0.60815			4
2024.06.28	01:22:41.293	0.60811				2
2024.06.28	01:22:54.701	0.60812				2
2024.06.28	01:22:55.354	0.60811	0.60816			6
2024.06.28	01:22:59.417		0.60815			4
2024.06.28	01:23:06.544	0.60811				2
2024.06.28	01:23:28.731	0.60812				2
2024.06.28	01:23:29.730		0.60816			4
2024.06.28	01:23:37.328	0.60811				2
2024.06.28	01:23:43.015		0.60815			4
2024.06.28	01:23:43.409		0.60816			4
2024.06.28	01:23:45.571	0.60808	0.60812			6
2024.06.28	01:23:59.239		0.60813			4
2024.06.28	01:24:03.384	0.60808	0.60814			6
2024.06.28	01:24:05.733	0.60806	0.60811			6
2024.06.28	01:24:51.276	0.60808	0.60814			6
2024.06.28	01:24:51.613	0.60809				2
2024.06.28	01:25:04.128	0.60808				2
2024.06.28	01:25:04.630	0.60806	0.60812			6
2024.06.28	01:25:05.396		0.60811			4
2024.06.28	01:25:18.999	0.60807	0.60813			6
2024.06.28	01:25:21.413		0.60812			4
2024.06.28	01:25:23.223		0.60811			4
2024.06.28	01:25:35.360		0.60812			4
2024.06.28	01:25:35.717		0.60811			4
2024.06.28	01:25:36.391		0.60812			4
2024.06.28	01:25:37.482	0.60809				2
2024.06.28	01:25:37.785	0.60807				2
2024.06.28	01:25:41.595		0.60813			4
2024.06.28	01:26:02.308	0.60806	0.60812			6
2024.06.28	01:26:04.274		0.60811			4
2024.06.28	01:26:29.403		0.60812			4
2024.06.28	01:26:50.418		0.60811			4
2024.06.28	01:27:17.395	0.60806	0.60812			6
2024.06.28	01:27:20.385		0.60811			4
2024.06.28	01:27:39.859		0.60812			4
2024.06.28	01:27:40.872		0.60811			4
2024.06.28	01:27:54.775		0.60812			4
2024.06.28	01:28:01.163	0.60806				2
2024.06.28	01:28:03.433		0.60811			4
2024.06.28	01:28:23.552		0.60810			4
2024.06.28	01:28:25.320		0.60811			4
2024.06.28	01:28:29.862		0.60810			4
2024.06.28	01:28:31.391		0.60811			4
2024.06.28	01:28:41.561	0.60808	0.60813			6
2024.06.28	01:28:41.876	0.60807				2
2024.06.28	01:28:47.399		0.60812			4
2024.06.28	01:29:07.214	0.60808	0.60814			6
2024.06.28	01:29:08.234	0.60807				2
2024.06.28	01:29:09.892	0.60809				2
2024.06.28	01:29:10.192	0.60807				2
2024.06.28	01:29:10.495		0.60813			4
2024.06.28	01:29:42.330	0.60808				2
2024.06.28	01:29:48.579		0.60814			4
2024.06.28	01:29:50.971		0.60813			4
2024.06.28	01:29:51.419		0.60814			4
2024.06.28	01:29:51.763		0.60813			4
2024.06.28	01:29:57.048		0.60814			4
2024.06.28	01:30:00.344	0.60809				2
2024.06.28	01:30:01.781		0.60815			4
2024.06.28	01:30:06.279		0.60814			4
2024.06.28	01:30:08.515		0.60815			4
2024.06.28	01:30:09.786		0.60814			4
2024.06.28	01:30:10.523	0.60808				2
2024.06.28	01:30:11.171		0.60813			4
2024.06.28	01:30:33.459	0.60807				2
2024.06.28	01:30:34.895		0.60812			4
2024.06.28	01:30:55.388		0.60811			4
2024.06.28	01:31:05.194	0.60807	0.60812			6
2024.06.28	01:31:11.401		0.60811			4
2024.06.28	01:31:19.109	0.60806				2
2024.06.28	01:31:22.832	0.60807				2
2024.06.28	01:31:23.394	0.60806				2
2024.06.28	01:31:27.385	0.60807				2
2024.06.28	01:31:27.878		0.60812			4
2024.06.28	01:31:37.703		0.60811			4
2024.06.28	01:31:38.835	0.60806				2
2024.06.28	01:32:00.407	0.60806				2
2024.06.28	01:32:01.926		0.60810			4
2024.06.28	01:32:05.462	0.60807	0.60811			6
2024.06.28	01:32:18.712	0.60806				2
2024.06.28	01:32:25.001	0.60807	0.60812			6
2024.06.28	01:32:34.906	0.60809				2
2024.06.28	01:32:35.294	0.60807				2
2024.06.28	01:32:38.434		0.60811			4
2024.06.28	01:32:41.665	0.60808	0.60813			6
2024.06.28	01:32:42.071	0.60809				2
2024.06.28	01:32:49.947	0.60808				2
2024.06.28	01:32:55.212	0.60809				2
2024.06.28	01:32:56.372	0.60808				2
2024.06.28	01:32:57.410		0.60815			4
2024.06.28	01:32:57.882		0.60814			4
2024.06.28	01:32:58.225		0.60815			4
2024.06.28	01:32:58.611		0.60814			4
2024.06.28	01:33:00.422	0.60808				2
2024.06.28	01:33:03.539		0.60813			4
2024.06.28	01:33:05.430		0.60814			4
2024.06.28	01:33:18.712		0.60813			4
2024.06.28	01:33:24.605	0.60809				2
2024.06.28	01:33:25.616	0.60808	0.60811			6
2024.06.28	01:33:26.627	0.60810	0.60813			6
2024.06.28	01:33:27.619	0.60808	0.60811			6
2024.06.28	01:33:28.630	0.60810	0.60813			6
2024.06.28	01:33:29.617	0.60808	0.60811			6
2024.06.28	01:33:30.332		0.60812			4
2024.06.28	01:33:30.643		0.60814			4
2024.06.28	01:33:36.723		0.60815			4
2024.06.28	01:33:37.028		0.60814			4
2024.06.28	01:33:41.485	0.60810	0.60816			6
2024.06.28	01:33:55.646	0.60811				2
2024.06.28	01:34:00.344	0.60811				2
2024.06.28	01:34:25.508	0.60813				2
2024.06.28	01:34:25.809	0.60811				2
2024.06.28	01:34:40.480	0.60809				2
2024.06.28	01:34:41.239		0.60815			4
2024.06.28	01:34:41.555	0.60810				2
2024.06.28	01:34:43.057		0.60816			4
2024.06.28	01:34:46.533	0.60813	0.60819			6
2024.06.28	01:34:47.866		0.60820			4
2024.06.28	01:34:48.351		0.60819			4
2024.06.28	01:34:50.310		0.60820			4
2024.06.28	01:34:56.223	0.60814				2
2024.06.28	01:34:57.900		0.60819			4
2024.06.28	01:35:00.344	0.60814				2
2024.06.28	01:35:01.014		0.60820			4
2024.06.28	01:35:02.388		0.60819			4
2024.06.28	01:35:17.450		0.60818			4
2024.06.28	01:35:24.942		0.60819			4
2024.06.28	01:35:26.105		0.60818			4
2024.06.28	01:35:27.625	0.60816	0.60821			6
2024.06.28	01:35:31.416		0.60822			4
2024.06.28	01:35:38.191	0.60818	0.60824			6
2024.06.28	01:35:39.326		0.60823			4
2024.06.28	01:35:43.127	0.60819	0.60824			6
2024.06.28	01:35:43.465	0.60818				2
2024.06.28	01:35:43.974		0.60825			4
2024.06.28	01:35:45.401		0.60824			4
2024.06.28	01:35:47.656		0.60823			4
2024.06.28	01:35:48.623		0.60824			4
2024.06.28	01:35:52.164		0.60823			4
2024.06.28	01:36:00.419	0.60818				2
2024.06.28	01:36:02.534	0.60816	0.60822			6
2024.06.28	01:36:11.868		0.60821			4
2024.06.28	01:36:18.413	0.60815	0.60820			6
2024.06.28	01:36:18.724	0.60816	0.60821			6
2024.06.28	01:36:40.676	0.60819	0.60824			6
2024.06.28	01:36:54.247	0.60818				2
2024.06.28	01:36:55.380	0.60819				2
2024.06.28	01:36:56.795		0.60823			4
2024.06.28	01:37:00.255	0.60818	0.60824			6
2024.06.28	01:37:00.928	0.60817				2
2024.06.28	01:37:01.402		0.60823			4
2024.06.28	01:37:28.810	0.60818				2
2024.06.28	01:37:31.847		0.60824			4
2024.06.28	01:37:37.554	0.60817				2
2024.06.28	01:37:42.397	0.60819	0.60825			6
2024.06.28	01:37:42.707		0.60824			4
2024.06.28	01:37:43.023	0.60817				2
2024.06.28	01:37:44.166	0.60818				2
2024.06.28	01:37:48.121		0.60823			4
2024.06.28	01:37:49.243		0.60824			4
2024.06.28	01:37:50.371		0.60823			4
2024.06.28	01:37:51.496	0.60819				2
2024.06.28	01:37:52.651	0.60818				2
2024.06.28	01:37:56.002		0.60822			4
2024.06.28	01:37:59.073	0.60820				2
2024.06.28	01:37:59.374	0.60818				2
2024.06.28	01:38:00.422	0.60818				2
2024.06.28	01:38:20.773	0.60817	0.60823			6
2024.06.28	01:38:23.139		0.60821			4
2024.06.28	01:38:24.272	0.60819	0.60822			6
2024.06.28	01:38:24.574	0.60818				2
2024.06.28	01:38:29.514	0.60817	0.60823			6
2024.06.28	01:38:32.936	0.60818	0.60822			6
2024.06.28	01:38:47.640	0.60819	0.60823			6
2024.06.28	01:38:54.842	0.60818	0.60822			6
2024.06.28	01:39:01.120	0.60817	0.60821			6
2024.06.28	01:39:09.496	0.60818	0.60822			6
2024.06.28	01:39:16.782	0.60817	0.60821			6
2024.06.28	01:39:17.086		0.60820			4
2024.06.28	01:39:20.897		0.60821			4
2024.06.28	01:39:25.477	0.60818				2
2024.06.28	01:39:25.780	0.60817				2
2024.06.28	01:40:01.107	0.60817				2
2024.06.28	01:40:23.065	0.60818	0.60821			6
2024.06.28	01:40:23.375	0.60817				2
2024.06.28	01:40:35.272	0.60818	0.60822			6
2024.06.28	01:40:35.666	0.60817	0.60821			6
2024.06.28	01:40:39.270	0.60819	0.60822			6
2024.06.28	01:40:40.069	0.60818				2
2024.06.28	01:40:40.397	0.60819				2
2024.06.28	01:40:40.900	0.60818	0.60823			6
2024.06.28	01:41:00.883	0.60818	0.60824			6
2024.06.28	01:41:01.638	0.60825	0.60830			6
2024.06.28	01:41:03.748		0.60829			4
2024.06.28	01:41:04.100	0.60819	0.60823			6
2024.06.28	01:41:04.408		0.60822			4
2024.06.28	01:41:04.715		0.60824			4
2024.06.28	01:41:05.023	0.60818				2
2024.06.28	01:41:05.988	0.60819				2
2024.06.28	01:41:06.324	0.60820	0.60826			6
2024.06.28	01:41:06.946	0.60816	0.60821			6
2024.06.28	01:41:09.431	0.60817	0.60822			6
2024.06.28	01:41:17.586	0.60813	0.60817			6
2024.06.28	01:41:17.902	0.60812				2
2024.06.28	01:41:19.965	0.60813				2
2024.06.28	01:41:21.195	0.60812				2
2024.06.28	01:41:28.936	0.60813				2
2024.06.28	01:41:31.066		0.60818			4
2024.06.28	01:41:34.722		0.60817			4
2024.06.28	01:41:43.470		0.60818			4
2024.06.28	01:41:43.846	0.60812				2
2024.06.28	01:42:01.427	0.60811	0.60817			6
2024.06.28	01:42:01.742	0.60810	0.60816			6
2024.06.28	01:42:02.044	0.60812	0.60817			6
2024.06.28	01:42:15.679		0.60818			4
2024.06.28	01:42:36.516	0.60814	0.60819			6
2024.06.28	01:42:38.955		0.60820			4
2024.06.28	01:42:40.383		0.60819			4
2024.06.28	01:42:41.436	0.60813	0.60818			6
2024.06.28	01:42:49.241	0.60814				2
2024.06.28	01:42:53.487	0.60813				2
2024.06.28	01:42:53.834	0.60814				2
2024.06.28	01:42:55.067	0.60813				2
2024.06.28	01:42:55.568	0.60814				2
2024.06.28	01:42:56.527	0.60813				2
2024.06.28	01:42:57.214	0.60814				2
2024.06.28	01:42:58.336	0.60813	0.60817			6
2024.06.28	01:43:00.593	0.60813				2
2024.06.28	01:43:26.508	0.60814				2
2024.06.28	01:43:26.889	0.60813				2
2024.06.28	01:43:41.702	0.60812	0.60816			6
2024.06.28	01:43:51.560	0.60813	0.60817			6
2024.06.28	01:43:52.761	0.60812				2
2024.06.28	01:43:53.891	0.60813				2
2024.06.28	01:43:56.060	0.60812				2
2024.06.28	01:44:00.359	0.60812	0.60816			6
2024.06.28	01:44:12.596		0.60817			4
2024.06.28	01:44:43.136	0.60813				2
2024.06.28	01:44:44.781	0.60812	0.60818			6
2024.06.28	01:44:47.187		0.60819			4
2024.06.28	01:44:48.429	0.60813	0.60818			6
2024.06.28	01:44:49.557	0.60812				2
2024.06.28	01:44:56.318		0.60819			4
2024.06.28	01:44:58.575	0.60813	0.60817			6
2024.06.28	01:44:59.805		0.60816			4
2024.06.28	01:45:00.372	0.60811				2
2024.06.28	01:45:26.584		0.60815			4
2024.06.28	01:45:31.235		0.60816			4
2024.06.28	01:45:33.488		0.60815			4
2024.06.28	01:45:34.390		0.60816			4
2024.06.28	01:45:34.795		0.60815			4
2024.06.28	01:45:36.273	0.60810				2
2024.06.28	01:45:36.814		0.60816			4
2024.06.28	01:45:39.606	0.60811				2
2024.06.28	01:45:45.917	0.60814	0.60818			6
2024.06.28	01:45:46.221	0.60813	0.60817			6
2024.06.28	01:45:47.412	0.60814				2
2024.06.28	01:45:49.282		0.60818			4
2024.06.28	01:45:53.993	0.60813	0.60817			6
2024.06.28	01:45:56.349	0.60814				2
2024.06.28	01:46:00.098	0.60812	0.60818			6
2024.06.28	01:46:00.413	0.60811	0.60817			6
2024.06.28	01:46:00.733		0.60816			4
2024.06.28	01:46:01.110	0.60810				2
2024.06.28	01:46:01.834		0.60815			4
2024.06.28	01:46:14.304	0.60811	0.60816			6
2024.06.28	01:46:22.420		0.60815			4
2024.06.28	01:46:30.009	0.60813	0.60817			6
2024.06.28	01:46:42.642	0.60811	0.60816			6
2024.06.28	01:46:45.589		0.60817			4
2024.06.28	01:46:46.701		0.60816			4
2024.06.28	01:46:47.307		0.60817			4
2024.06.28	01:46:47.832	0.60812				2
2024.06.28	01:46:48.418		0.60816			4
2024.06.28	01:46:50.392	0.60811	0.60817			6
2024.06.28	01:46:54.327		0.60816			4
2024.06.28	01:46:55.098	0.60812				2
2024.06.28	01:46:59.456	0.60810				2
2024.06.28	01:47:00.464	0.60810	0.60814			6
2024.06.28	01:47:10.617		0.60813			4
2024.06.28	01:47:15.740	0.60809				2
2024.06.28	01:48:02.598	0.60809				2
2024.06.28	01:48:13.405		0.60813			4
2024.06.28	01:48:18.962	0.60810	0.60814			6
2024.06.28	01:48:57.863		0.60813			4
2024.06.28	01:48:58.164		0.60814			4
2024.06.28	01:49:03.190	0.60810				2
2024.06.28	01:49:32.073	0.60811				2
2024.06.28	01:49:33.095	0.60810	0.60811			6
2024.06.28	01:49:34.095	0.60811	0.60814			6
2024.06.28	01:49:34.938	0.60810	0.60811			6
2024.06.28	01:49:36.103	0.60811	0.60814			6
2024.06.28	01:49:37.095	0.60810	0.60811			6
2024.06.28	01:49:37.901		0.60814			4
2024.06.28	01:50:00.429	0.60810				2
2024.06.28	01:50:12.548	0.60811	0.60815			6
2024.06.28	01:50:13.767	0.60810				2
2024.06.28	01:51:00.464	0.60810				2
2024.06.28	01:51:45.424		0.60816			4
2024.06.28	01:51:57.062		0.60815			4
2024.06.28	01:52:06.348	0.60810				2
2024.06.28	01:53:44.559	0.60810	0.60816			6
2024.06.28	01:53:45.412		0.60815			4
2024.06.28	01:53:53.506	0.60811	0.60816			6
2024.06.28	01:53:53.907	0.60810	0.60815			6
2024.06.28	01:53:54.257		0.60816			4
2024.06.28	01:53:55.417		0.60815			4
2024.06.28	01:53:59.365		0.60816			4
2024.06.28	01:54:00.416	0.60810	0.60815			6
2024.06.28	01:54:18.626	0.60811				2
2024.06.28	01:54:18.990		0.60816			4
2024.06.28	01:54:25.964		0.60815			4
2024.06.28	01:54:26.975		0.60816			4
2024.06.28	01:54:29.559	0.60810	0.60815			6
2024.06.28	01:54:37.838	0.60809				2
2024.06.28	01:54:45.527	0.60810				2
2024.06.28	01:54:55.649		0.60816			4
2024.06.28	01:54:57.566		0.60815			4
2024.06.28	01:55:00.211	0.60810				2
2024.06.28	01:55:00.607	0.60809				2
2024.06.28	01:55:21.953		0.60814			4
2024.06.28	01:55:31.233	0.60806	0.60811			6
2024.06.28	01:55:31.542		0.60810			4
2024.06.28	01:55:35.828	0.60805	0.60811			6
2024.06.28	01:55:41.656		0.60810			4
2024.06.28	01:55:47.743		0.60811			4
2024.06.28	01:55:48.378		0.60810			4
2024.06.28	01:55:51.328		0.60811			4
2024.06.28	01:55:54.770		0.60810			4
2024.06.28	01:55:55.380		0.60811			4
2024.06.28	01:55:56.290		0.60810			4
2024.06.28	01:55:56.737		0.60811			4
2024.06.28	01:56:00.416	0.60805	0.60810			6
2024.06.28	01:56:21.565		0.60811			4
2024.06.28	01:56:22.120	0.60806	0.60810			6
2024.06.28	01:56:45.548		0.60811			4
2024.06.28	01:57:11.095	0.60807				2
2024.06.28	01:57:11.397	0.60806				2
2024.06.28	01:57:17.898		0.60810			4
2024.06.28	01:57:36.276		0.60808			4
2024.06.28	01:57:36.601		0.60810			4
2024.06.28	01:57:44.545	0.60805				2
2024.06.28	01:57:47.182	0.60806				2
2024.06.28	01:57:50.212	0.60805	0.60809			6
2024.06.28	01:57:50.822		0.60810			4
2024.06.28	01:58:00.424	0.60805	0.60809			6
2024.06.28	01:58:14.086		0.60808			4
2024.06.28	01:58:15.289		0.60809			4
2024.06.28	01:58:17.745	0.60804				2
2024.06.28	01:58:20.079	0.60805	0.60810			6
2024.06.28	01:58:36.123		0.60809			4
2024.06.28	01:58:38.390		0.60810			4
2024.06.28	01:58:51.885		0.60809			4
2024.06.28	01:58:52.190		0.60810			4
2024.06.28	01:59:00.411	0.60805				2
2024.06.28	01:59:27.225		0.60809			4
2024.06.28	01:59:28.317	0.60804				2
2024.06.28	01:59:33.778		0.60810			4
2024.06.28	01:59:34.800		0.60809			4
2024.06.28	01:59:35.395		0.60810			4
2024.06.28	01:59:36.911	0.60805	0.60809			6
2024.06.28	01:59:38.697	0.60801	0.60806			6
2024.06.28	01:59:46.269		0.60805			4
2024.06.28	02:00:00.323	0.60801	0.60806			6
2024.06.28	02:00:05.582	0.60800	0.60804			6
2024.06.28	02:00:08.012	0.60798	0.60802			6
2024.06.28	02:00:09.981	0.60797				2
2024.06.28	02:00:20.658		0.60801			4
2024.06.28	02:00:52.606		0.60802			4
2024.06.28	02:00:54.385		0.60801			4
2024.06.28	02:00:58.704	0.60798	0.60802			6
2024.06.28	02:00:59.412	0.60799	0.60803			6
2024.06.28	02:01:00.425	0.60799				2
2024.06.28	02:01:06.279		0.60800			4
2024.06.28	02:01:07.228		0.60803			4
2024.06.28	02:01:08.038		0.60802			4
2024.06.28	02:01:13.370	0.60797				2
2024.06.28	02:01:43.635		0.60801			4
2024.06.28	02:01:43.950		0.60800			4
2024.06.28	02:01:44.315		0.60801			4
2024.06.28	02:01:53.020	0.60798				2
2024.06.28	02:01:54.058	0.60797				2
2024.06.28	02:02:01.460	0.60798				2
2024.06.28	02:02:16.772	0.60797				2
2024.06.28	02:02:17.224	0.60796	0.60800			6
2024.06.28	02:02:29.062	0.60795	0.60799			6
2024.06.28	02:02:29.543	0.60796	0.60800			6
2024.06.28	02:02:34.381		0.60799			4
2024.06.28	02:02:36.344	0.60797	0.60801			6
2024.06.28	02:02:42.403		0.60800			4
2024.06.28	02:02:44.537	0.60796				2
2024.06.28	02:02:45.444	0.60797				2
2024.06.28	02:02:57.396		0.60801			4
2024.06.28	02:03:00.400	0.60796	0.60800			6
2024.06.28	02:03:01.303	0.60794	0.60797			6
2024.06.28	02:03:01.643	0.60793				2
2024.06.28	02:03:10.400	0.60794	0.60798			6
2024.06.28	02:03:11.047		0.60797			4
2024.06.28	02:03:30.753	0.60795				2
2024.06.28	02:03:33.797	0.60794				2
2024.06.28	02:03:41.584		0.60798			4
2024.06.28	02:03:54.892		0.60797			4
2024.06.28	02:03:57.623		0.60798			4
2024.06.28	02:03:58.506		0.60797			4
2024.06.28	02:03:59.210		0.60798			4
2024.06.28	02:04:00.418	0.60794	0.60797			6
2024.06.28	02:04:00.722		0.60798			4
2024.06.28	02:04:01.025		0.60797			4
2024.06.28	02:04:04.415		0.60798			4
2024.06.28	02:04:09.230		0.60797			4
2024.06.28	02:04:14.515		0.60798			4
2024.06.28	02:04:44.631		0.60797			4
2024.06.28	02:05:00.112	0.60794				2
2024.06.28	02:05:00.489	0.60793	0.60796			6
2024.06.28	02:05:01.446	0.60794	0.60797			6
2024.06.28	02:05:01.761	0.60793				2
2024.06.28	02:05:06.287	0.60794				2
2024.06.28	02:05:13.138	0.60793				2
2024.06.28	02:05:18.550	0.60794				2
2024.06.28	02:05:18.888	0.60793				2
2024.06.28	02:05:29.584	0.60794				2
2024.06.28	02:05:44.313	0.60796	0.60800			6
2024.06.28	02:05:44.660		0.60799			4
2024.06.28	02:05:46.016	0.60797	0.60800			6
2024.06.28	02:05:52.110	0.60798	0.60801			6
2024.06.28	02:05:58.256	0.60797				2
2024.06.28	02:06:00.414	0.60797	0.60800			6
2024.06.28	02:06:10.503		0.60801			4
2024.06.28	02:06:41.519	0.60798	0.60803			6
2024.06.28	02:06:41.821		0.60802			4
2024.06.28	02:06:44.491		0.60804			4
2024.06.28	02:06:45.390		0.60803			4
2024.06.28	02:06:46.568		0.60802			4
2024.06.28	02:06:47.004		0.60803			4
2024.06.28	02:06:49.148		0.60802			4
2024.06.28	02:06:50.554	0.60799				2
2024.06.28	02:06:50.942	0.60798				2
2024.06.28	02:07:00.429	0.60798				2
2024.06.28	02:07:06.215		0.60803			4
2024.06.28	02:07:06.529	0.60801	0.60805			6
2024.06.28	02:07:06.845	0.60800				2
2024.06.28	02:07:07.627	0.60801				2
2024.06.28	02:07:08.286	0.60800	0.60804			6
2024.06.28	02:07:12.277	0.60801	0.60805			6
2024.06.28	02:07:12.586		0.60804			4
2024.06.28	02:07:12.982		0.60805			4
2024.06.28	02:07:22.621		0.60804			4
2024.06.28	02:07:28.403		0.60805			4
2024.06.28	02:07:44.219	0.60802	0.60806			6
2024.06.28	02:07:47.303	0.60804	0.60807			6
2024.06.28	02:07:50.913	0.60803				2
2024.06.28	02:07:55.075	0.60804				2
2024.06.28	02:08:00.640	0.60803				2
2024.06.28	02:08:01.981		0.60806			4
2024.06.28	02:08:03.110		0.60807			4
2024.06.28	02:08:05.346		0.60806			4
2024.06.28	02:08:06.292	0.60804	0.60807			6
2024.06.28	02:08:06.592	0.60803				2
2024.06.28	02:08:06.948		0.60806			4
2024.06.28	02:08:12.126	0.60804	0.60807			6
2024.06.28	02:08:12.463	0.60803				2
2024.06.28	02:08:13.476	0.60804	0.60806			6
2024.06.28	02:08:14.609		0.60807			4
2024.06.28	02:08:15.732		0.60808			4
2024.06.28	02:08:20.233	0.60803	0.60807			6
2024.06.28	02:08:22.417	0.60804	0.60808			6
2024.06.28	02:08:52.740	0.60805	0.60809			6
2024.06.28	02:08:58.432		0.60810			4
2024.06.28	02:08:59.157		0.60808			4
2024.06.28	02:09:00.179	0.60805				2
2024.06.28	02:09:01.448		0.60809			4
2024.06.28	02:09:37.099		0.60810			4
2024.06.28	02:09:37.519	0.60806				2
2024.06.28	02:09:40.711	0.60805				2
2024.06.28	02:09:48.936	0.60806	0.60811			6
2024.06.28	02:09:49.257		0.60810			4
2024.06.28	02:09:53.552	0.60807	0.60811			6
2024.06.28	02:09:54.983		0.60810			4
2024.06.28	02:09:57.965		0.60811			4
2024.06.28	02:09:58.633		0.60810			4
2024.06.28	02:10:01.260	0.60806				2
2024.06.28	02:10:06.726		0.60809			4
2024.06.28	02:10:07.033		0.60810			4
2024.06.28	02:10:08.988		0.60809			4
2024.06.28	02:10:09.300		0.60810			4
2024.06.28	02:10:47.364		0.60811			4
2024.06.28	02:10:48.461		0.60810			4
2024.06.28	02:10:49.759	0.60805				2
2024.06.28	02:10:50.109	0.60806	0.60811			6
2024.06.28	02:11:00.441	0.60806				2
2024.06.28	02:11:06.685	0.60807				2
2024.06.28	02:11:15.530	0.60806				2
2024.06.28	02:11:30.205		0.60810			4
2024.06.28	02:11:38.855		0.60811			4
2024.06.28	02:11:39.259		0.60810			4
2024.06.28	02:11:52.601		0.60811			4
2024.06.28	02:11:53.730		0.60810			4
2024.06.28	02:11:56.761		0.60811			4
2024.06.28	02:11:57.275		0.60810			4
2024.06.28	02:12:00.420	0.60805	0.60807			6
2024.06.28	02:12:00.741	0.60804				2
2024.06.28	02:12:01.152	0.60805	0.60808			6
2024.06.28	02:12:01.498	0.60804	0.60809			6
2024.06.28	02:12:01.874	0.60805	0.60810			6
2024.06.28	02:12:22.921		0.60809			4
2024.06.28	02:12:23.685		0.60810			4
2024.06.28	02:12:36.382		0.60811			4
2024.06.28	02:12:36.774	0.60806				2
2024.06.28	02:12:56.943	0.60807				2
2024.06.28	02:12:58.227	0.60806				2
2024.06.28	02:13:00.386	0.60806				2
2024.06.28	02:13:01.584	0.60805				2
2024.06.28	02:13:36.692		0.60811			4
2024.06.28	02:13:55.785	0.60807				2
2024.06.28	02:13:56.094	0.60805				2
2024.06.28	02:13:56.422	0.60807				2
2024.06.28	02:13:56.749	0.60805				2
2024.06.28	02:14:00.415	0.60805				2
2024.06.28	02:14:37.359		0.60811			4
2024.06.28	02:14:41.118		0.60810			4
2024.06.28	02:14:54.514	0.60806				2
2024.06.28	02:15:00.056	0.60806				2
2024.06.28	02:15:03.501	0.60805				2
2024.06.28	02:15:11.961		0.60809			4
2024.06.28	02:15:25.232	0.60806	0.60810			6
2024.06.28	02:16:00.930	0.60806				2
2024.06.28	02:16:01.850		0.60809			4
2024.06.28	02:16:03.905		0.60810			4
2024.06.28	02:16:19.522	0.60810	0.60814			6
2024.06.28	02:16:19.833		0.60813			4
2024.06.28	02:16:26.121		0.60814			4
2024.06.28	02:17:00.406	0.60810				2
2024.06.28	02:17:08.367	0.60811				2
2024.06.28	02:17:10.326		0.60815			4
2024.06.28	02:17:11.376	0.60812				2
2024.06.28	02:17:23.792	0.60811				2
2024.06.28	02:17:29.344		0.60814			4
2024.06.28	02:17:41.960	0.60813				2
2024.06.28	02:17:42.298	0.60811				2
2024.06.28	02:17:42.627	0.60813				2
2024.06.28	02:17:42.946	0.60811				2
2024.06.28	02:17:47.841		0.60815			4
2024.06.28	02:17:58.402	0.60816	0.60819			6
2024.06.28	02:17:58.726	0.60814	0.60818			6
2024.06.28	02:18:00.069	0.60814	0.60817			6
2024.06.28	02:18:00.927		0.60816			4
2024.06.28	02:18:01.424	0.60813				2
2024.06.28	02:18:09.469		0.60814			4
2024.06.28	02:18:18.900		0.60815			4
2024.06.28	02:18:37.662		0.60816			4
2024.06.28	02:18:53.895	0.60814				2
2024.06.28	02:19:00.293	0.60814				2
2024.06.28	02:19:01.421		0.60817			4
2024.06.28	02:19:29.417		0.60818			4
2024.06.28	02:19:29.766		0.60817			4
2024.06.28	02:19:35.015		0.60818			4
2024.06.28	02:19:48.751		0.60817			4
2024.06.28	02:19:49.528		0.60818			4
2024.06.28	02:19:51.427		0.60817			4
2024.06.28	02:19:57.077	0.60815				2
2024.06.28	02:19:57.671	0.60814				2
2024.06.28	02:19:57.983	0.60813	0.60816			6
2024.06.28	02:20:00.136	0.60813				2
2024.06.28	02:20:09.466	0.60812				2
2024.06.28	02:20:11.203	0.60813				2
2024.06.28	02:20:12.647	0.60812				2
2024.06.28	02:20:13.661	0.60813				2
2024.06.28	02:20:28.316		0.60817			4
2024.06.28	02:20:53.544	0.60811	0.60814			6
2024.06.28	02:21:00.920	0.60811				2
2024.06.28	02:21:24.828		0.60815			4
2024.06.28	02:21:36.547	0.60812				2
2024.06.28	02:21:38.532	0.60811				2
2024.06.28	02:21:40.660	0.60810	0.60812			6
2024.06.28	02:21:42.366		0.60814			4
2024.06.28	02:21:50.657		0.60813			4
2024.06.28	02:21:50.998		0.60814			4
2024.06.28	02:21:57.909	0.60812	0.60815			6
2024.06.28	02:22:00.336	0.60812				2
2024.06.28	02:22:18.837		0.60814			4
2024.06.28	02:22:19.226		0.60815			4
2024.06.28	02:22:30.096		0.60814			4
2024.06.28	02:22:30.397		0.60815			4
2024.06.28	02:22:33.692		0.60814			4
2024.06.28	02:22:33.993		0.60815			4
2024.06.28	02:22:50.679	0.60811				2
2024.06.28	02:22:50.980	0.60813				2
2024.06.28	02:23:00.283	0.60813				2
2024.06.28	02:23:23.601		0.60816			4
2024.06.28	02:24:02.050	0.60813				2
2024.06.28	02:24:10.975		0.60815			4
2024.06.28	02:24:43.258		0.60814			4
2024.06.28	02:24:43.657		0.60815			4
2024.06.28	02:25:00.278	0.60813				2
2024.06.28	02:25:10.015		0.60816			4
2024.06.28	02:26:00.342	0.60813				2
2024.06.28	02:26:01.446	0.60812				2
2024.06.28	02:26:09.939	0.60814	0.60818			6
2024.06.28	02:26:10.240		0.60817			4
2024.06.28	02:26:47.633		0.60818			4
2024.06.28	02:26:51.380	0.60815				2
2024.06.28	02:26:57.376		0.60819			4
2024.06.28	02:27:00.308	0.60815				2
2024.06.28	02:27:11.889		0.60818			4
2024.06.28	02:27:17.523	0.60816				2
2024.06.28	02:27:18.742		0.60819			4
2024.06.28	02:27:26.042		0.60820			4
2024.06.28	02:27:39.837	0.60817				2
2024.06.28	02:27:40.145		0.60821			4
2024.06.28	02:27:50.583	0.60822	0.60825			6
2024.06.28	02:27:50.891		0.60826			4
2024.06.28	02:27:57.861	0.60823	0.60827			6
2024.06.28	02:28:00.201	0.60823				2
2024.06.28	02:28:20.354	0.60824				2
2024.06.28	02:28:24.935	0.60823	0.60828			6
2024.06.28	02:29:00.855	0.60823				2
2024.06.28	02:29:22.274		0.60827			4
2024.06.28	02:29:23.390		0.60828			4
2024.06.28	02:30:00.187	0.60823				2
2024.06.28	02:30:00.489	0.60822	0.60827			6
2024.06.28	02:30:04.993	0.60823				2
2024.06.28	02:30:11.402		0.60828			4
2024.06.28	02:30:11.850	0.60822				2
2024.06.28	02:30:13.009	0.60823				2
2024.06.28	02:30:14.033	0.60822				2
2024.06.28	02:30:15.341	0.60830	0.60834			6
2024.06.28	02:30:15.647	0.60832	0.60836			6
2024.06.28	02:30:16.030	0.60831	0.60835			6
2024.06.28	02:30:26.180	0.60830	0.60833			6
2024.06.28	02:30:26.506	0.60828	0.60832			6
2024.06.28	02:30:27.295		0.60833			4
2024.06.28	02:30:50.926	0.60827				2
2024.06.28	02:30:51.873	0.60826	0.60831			6
2024.06.28	02:30:52.195	0.60827				2
2024.06.28	02:30:57.352		0.60832			4
2024.06.28	02:31:00.421	0.60827				2
2024.06.28	02:31:10.219	0.60829				2
2024.06.28	02:31:13.239		0.60833			4
2024.06.28	02:31:40.895		0.60832			4
2024.06.28	02:31:41.335		0.60833			4
2024.06.28	02:31:52.840	0.60828	0.60830			6
2024.06.28	02:31:57.733		0.60829			4
2024.06.28	02:32:00.382	0.60828				2
2024.06.28	02:32:01.376	0.60823	0.60824			6
2024.06.28	02:32:01.708		0.60825			4
2024.06.28	02:32:07.048		0.60826			4
2024.06.28	02:32:19.710		0.60824			4
2024.06.28	02:32:20.018		0.60825			4
2024.06.28	02:32:20.767		0.60824			4
2024.06.28	02:32:22.583		0.60825			4
2024.06.28	02:32:27.626		0.60826			4
2024.06.28	02:32:40.168		0.60827			4
2024.06.28	02:32:56.428	0.60824				2
2024.06.28	02:33:00.409	0.60824	0.60825			6
2024.06.28	02:33:01.456	0.60822				2
2024.06.28	02:33:03.851		0.60824			4
2024.06.28	02:33:05.858	0.60821				2
2024.06.28	02:33:14.579	0.60822				2
2024.06.28	02:33:14.887		0.60825			4
2024.06.28	02:33:21.618	0.60823				2
2024.06.28	02:33:41.971	0.60820	0.60823			6
2024.06.28	02:34:00.168	0.60820	0.60822			6
2024.06.28	02:34:00.476		0.60823			4
2024.06.28	02:34:05.011	0.60822				2
2024.06.28	02:34:05.325		0.60825			4
2024.06.28	02:34:09.027	0.60823	0.60826			6
2024.06.28	02:34:10.604	0.60824	0.60827			6
2024.06.28	02:34:27.394		0.60826			4
2024.06.28	02:34:28.374	0.60823	0.60825			6
2024.06.28	02:34:43.788		0.60826			4
2024.06.28	02:34:52.748		0.60827			4
2024.06.28	02:35:00.441	0.60823	0.60826			6
2024.06.28	02:35:01.782		0.60827			4
2024.06.28	02:35:02.133		0.60826			4
2024.06.28	02:35:07.132	0.60824	0.60827			6
2024.06.28	02:35:30.486		0.60825			4
2024.06.28	02:35:30.847		0.60827			4
2024.06.28	02:35:35.385	0.60827	0.60830			6
2024.06.28	02:35:37.705		0.60831			4
2024.06.28	02:35:40.201	0.60828				2
2024.06.28	02:35:48.923		0.60830			4
2024.06.28	02:35:49.245		0.60831			4
2024.06.28	02:35:52.188	0.60829	0.60832			6
2024.06.28	02:35:52.516	0.60828	0.60830			6
2024.06.28	02:35:53.174	0.60824	0.60827			6
2024.06.28	02:36:00.410	0.60824				2
2024.06.28	02:36:00.867		0.60828			4
2024.06.28	02:36:39.242		0.60827			4
2024.06.28	02:37:00.231	0.60827	0.60830			6
2024.06.28	02:37:00.541	0.60828				2
2024.06.28	02:37:09.222		0.60831			4
2024.06.28	02:37:12.194		0.60830			4
2024.06.28	02:37:12.753		0.60832			4
2024.06.28	02:37:29.122	0.60829				2
2024.06.28	02:37:30.785	0.60828				2
2024.06.28	02:37:31.691	0.60829				2
2024.06.28	02:37:32.131	0.60828				2
2024.06.28	02:38:00.144	0.60828	0.60830			6
2024.06.28	02:38:00.465	0.60826				2
2024.06.28	02:38:23.615	0.60825	0.60829			6
2024.06.28	02:38:36.565	0.60827	0.60830			6
2024.06.28	02:38:38.449	0.60828	0.60831			6
2024.06.28	02:39:00.155	0.60828				2
2024.06.28	02:39:00.473		0.60830			4
2024.06.28	02:39:23.558	0.60827				2
2024.06.28	02:39:25.756	0.60826				2
2024.06.28	02:39:41.256	0.60827				2
2024.06.28	02:39:43.314	0.60826				2
2024.06.28	02:39:43.617	0.60827				2
2024.06.28	02:39:48.701	0.60824	0.60828			6
2024.06.28	02:39:55.680		0.60826			4
2024.06.28	02:39:56.683		0.60827			4
2024.06.28	02:39:57.814		0.60826			4
2024.06.28	02:40:00.076	0.60824	0.60827			6
2024.06.28	02:40:00.438		0.60826			4
2024.06.28	02:40:08.347	0.60825	0.60829			6
2024.06.28	02:40:12.284	0.60827	0.60830			6
2024.06.28	02:40:17.238	0.60826				2
2024.06.28	02:40:21.291	0.60828				2
2024.06.28	02:40:24.838		0.60831			4
2024.06.28	02:40:27.577	0.60829				2
2024.06.28	02:40:27.885		0.60832			4
2024.06.28	02:40:40.066	0.60828				2
2024.06.28	02:40:40.374	0.60829				2
2024.06.28	02:40:41.553	0.60833	0.60835			6
2024.06.28	02:41:00.179	0.60833				2
2024.06.28	02:41:09.871		0.60837			4
2024.06.28	02:41:22.342	0.60834				2
2024.06.28	02:41:22.665	0.60833				2
2024.06.28	02:41:24.940	0.60834				2
2024.06.28	02:41:28.647	0.60835	0.60839			6
2024.06.28	02:41:28.962		0.60838			4
2024.06.28	02:41:29.318	0.60834	0.60837			6
2024.06.28	02:41:35.684		0.60838			4
2024.06.28	02:41:36.001	0.60835				2
2024.06.28	02:41:36.312	0.60834				2
2024.06.28	02:41:37.910		0.60837			4
2024.06.28	02:41:38.455	0.60835				2
2024.06.28	02:41:39.005	0.60834				2
2024.06.28	02:41:39.490	0.60835	0.60838			6
2024.06.28	02:41:41.198	0.60834	0.60836			6
2024.06.28	02:41:41.941		0.60837			4
2024.06.28	02:41:50.160		0.60838			4
2024.06.28	02:41:54.795		0.60837			4
2024.06.28	02:41:56.664	0.60835				2
2024.06.28	02:41:56.967	0.60834				2
2024.06.28	02:42:00.421	0.60834	0.60836			6
2024.06.28	02:42:07.624	0.60832	0.60835			6
2024.06.28	02:42:08.529	0.60829	0.60832			6
2024.06.28	02:42:16.522		0.60831			4
2024.06.28	02:42:16.885		0.60832			4
2024.06.28	02:42:18.017		0.60831			4
2024.06.28	02:42:28.820		0.60832			4
2024.06.28	02:42:29.159	0.60830	0.60833			6
2024.06.28	02:42:29.462	0.60829				2
2024.06.28	02:42:29.803		0.60832			4
2024.06.28	02:42:31.345		0.60833			4
2024.06.28	02:42:33.115		0.60832			4
2024.06.28	02:42:33.759		0.60833			4
2024.06.28	02:42:39.235	0.60830				2
2024.06.28	02:42:41.217	0.60831	0.60834			6
2024.06.28	02:42:48.349	0.60833	0.60836			6
2024.06.28	02:42:58.120	0.60834	0.60837			6
2024.06.28	02:43:00.093	0.60834				2
2024.06.28	02:43:00.409	0.60835				2
2024.06.28	02:43:02.337	0.60837	0.60838			6
2024.06.28	02:43:02.692	0.60836				2
2024.06.28	02:43:06.018	0.60838	0.60841			6
2024.06.28	02:43:21.344	0.60836	0.60838			6
2024.06.28	02:43:21.669	0.60834	0.60837			6
2024.06.28	02:43:39.590		0.60836			4
2024.06.28	02:43:44.101		0.60837			4
2024.06.28	02:43:53.115	0.60835	0.60838			6
2024.06.28	02:43:53.631	0.60834				2
2024.06.28	02:43:54.710		0.60837			4
2024.06.28	02:43:56.198		0.60838			4
2024.06.28	02:44:00.113	0.60834	0.60837			6
2024.06.28	02:44:03.480		0.60836			4
2024.06.28	02:44:06.347		0.60837			4
2024.06.28	02:44:09.226		0.60836			4
2024.06.28	02:44:10.241	0.60833				2
2024.06.28	02:44:13.622		0.60837			4
2024.06.28	02:44:15.876		0.60836			4
2024.06.28	02:44:17.011		0.60837			4
2024.06.28	02:44:31.657		0.60836			4
2024.06.28	02:44:32.782		0.60837			4
2024.06.28	02:44:33.910		0.60836			4
2024.06.28	02:44:34.986		0.60837			4
2024.06.28	02:44:44.961	0.60834				2
2024.06.28	02:44:59.460	0.60833				2
2024.06.28	02:45:00.375	0.60832	0.60835			6
2024.06.28	02:45:01.192	0.60831	0.60834			6
2024.06.28	02:45:07.447	0.60832	0.60835			6
2024.06.28	02:45:10.195	0.60830	0.60834			6
2024.06.28	02:45:10.522		0.60833			4
2024.06.28	02:45:13.351		0.60831			4
2024.06.28	02:45:16.736		0.60833			4
2024.06.28	02:45:20.883	0.60829	0.60831			6
2024.06.28	02:45:21.189		0.60833			4
2024.06.28	02:45:27.344	0.60830				2
2024.06.28	02:45:48.171	0.60829				2
2024.06.28	02:45:55.115		0.60832			4
2024.06.28	02:46:00.335	0.60828	0.60831			6
2024.06.28	02:46:01.662	0.60830	0.60832			6
2024.06.28	02:46:36.863	0.60831	0.60833			6
2024.06.28	02:46:40.651	0.60830				2
2024.06.28	02:46:41.091	0.60831				2
2024.06.28	02:46:41.612	0.60830				2
2024.06.28	02:46:53.094	0.60829	0.60832			6
2024.06.28	02:47:00.304	0.60829				2
2024.06.28	02:47:14.932	0.60831	0.60834			6
2024.06.28	02:47:23.057	0.60830				2
2024.06.28	02:47:23.834	0.60831				2
2024.06.28	02:47:26.312	0.60830	0.60833			6
2024.06.28	02:47:26.644	0.60831				2
2024.06.28	02:47:27.301	0.60830				2
2024.06.28	02:47:27.604	0.60831				2
2024.06.28	02:48:00.427	0.60830				2
2024.06.28	02:48:08.258	0.60831				2
2024.06.28	02:48:08.738	0.60830				2
2024.06.28	02:48:09.385	0.60831				2
2024.06.28	02:48:09.800	0.60830				2
2024.06.28	02:48:10.420	0.60831				2
2024.06.28	02:48:12.360	0.60830				2
2024.06.28	02:48:18.467	0.60831				2
2024.06.28	02:48:18.871	0.60830				2
2024.06.28	02:48:19.584	0.60831				2
2024.06.28	02:48:20.038	0.60830				2
2024.06.28	02:48:20.601	0.60831				2
2024.06.28	02:48:20.902	0.60830				2
2024.06.28	02:48:21.715	0.60831				2
2024.06.28	02:48:22.021	0.60830				2
2024.06.28	02:48:22.950		0.60834			4
2024.06.28	02:48:25.157		0.60833			4
2024.06.28	02:48:27.480		0.60834			4
2024.06.28	02:48:28.537		0.60833			4
2024.06.28	02:48:31.480	0.60831	0.60834			6
2024.06.28	02:48:32.035	0.60830				2
2024.06.28	02:48:42.419	0.60831				2
2024.06.28	02:49:00.479	0.60830				2
2024.06.28	02:49:00.804	0.60831				2
2024.06.28	02:49:03.395	0.60832	0.60835			6
2024.06.28	02:49:08.314		0.60836			4
2024.06.28	02:49:13.239	0.60834	0.60837			6
2024.06.28	02:49:18.342		0.60838			4
2024.06.28	02:49:18.745	0.60831	0.60833			6
2024.06.28	02:50:00.498	0.60831	0.60835			6
2024.06.28	02:50:00.899	0.60833	0.60836			6
2024.06.28	02:50:01.204	0.60834	0.60837			6
2024.06.28	02:50:01.558	0.60835	0.60838			6
2024.06.28	02:50:10.564	0.60834				2
2024.06.28	02:50:13.863	0.60829	0.60832			6
2024.06.28	02:50:15.213	0.60827	0.60831			6
2024.06.28	02:50:17.543	0.60828				2
2024.06.28	02:50:18.431		0.60830			4
2024.06.28	02:50:30.163	0.60830	0.60833			6
2024.06.28	02:50:34.867	0.60831				2
2024.06.28	02:51:00.439	0.60831				2
2024.06.28	02:51:02.305	0.60832	0.60835			6
2024.06.28	02:51:32.780		0.60833			4
2024.06.28	02:51:34.098		0.60834			4
2024.06.28	02:51:34.451		0.60835			4
2024.06.28	02:51:34.859		0.60836			4
2024.06.28	02:51:36.124		0.60833			4
2024.06.28	02:51:41.823	0.60831				2
2024.06.28	02:51:53.675	0.60832	0.60836			6
2024.06.28	02:52:00.404	0.60836	0.60839			6
2024.06.28	02:52:00.772		0.60840			4
2024.06.28	02:52:02.514	0.60837				2
2024.06.28	02:52:03.386		0.60841			4
2024.06.28	02:52:03.689		0.60840			4
2024.06.28	02:52:05.564	0.60836				2
2024.06.28	02:52:06.760		0.60839			4
2024.06.28	02:52:09.967	0.60837	0.60840			6
2024.06.28	02:52:10.401	0.60840	0.60844			6
2024.06.28	02:52:15.051		0.60843			4
2024.06.28	02:52:36.994	0.60842				2
2024.06.28	02:52:43.474	0.60841				2
2024.06.28	02:52:46.730		0.60845			4
2024.06.28	02:52:52.437	0.60842	0.60847			6
2024.06.28	02:52:55.002		0.60846			4
2024.06.28	02:52:55.664		0.60845			4
2024.06.28	02:52:56.884		0.60846			4
2024.06.28	02:52:57.399		0.60845			4
2024.06.28	02:53:00.422	0.60841				2
2024.06.28	02:53:01.246	0.60843	0.60847			6
2024.06.28	02:53:01.882	0.60842	0.60846			6
2024.06.28	02:53:05.723	0.60845	0.60849			6
2024.06.28	02:53:06.038	0.60846				2
2024.06.28	02:53:20.376	0.60845				2
2024.06.28	02:53:27.176		0.60850			4
2024.06.28	02:53:32.256	0.60846				2
2024.06.28	02:53:38.104	0.60845	0.60849			6
2024.06.28	02:54:00.207	0.60844	0.60847			6
2024.06.28	02:54:00.524	0.60843				2
2024.06.28	02:54:01.614		0.60846			4
2024.06.28	02:54:02.116		0.60847			4
2024.06.28	02:54:07.385		0.60846			4
2024.06.28	02:54:08.604	0.60841				2
2024.06.28	02:54:14.107	0.60839	0.60845			6
2024.06.28	02:54:23.753	0.60840				2
2024.06.28	02:54:34.855	0.60839				2
2024.06.28	02:54:49.927		0.60844			4
2024.06.28	02:54:51.386		0.60845			4
2024.06.28	02:54:51.897		0.60844			4
2024.06.28	02:54:52.451		0.60845			4
2024.06.28	02:54:54.516		0.60844			4
2024.06.28	02:54:54.926		0.60845			4
2024.06.28	02:54:55.361		0.60844			4
2024.06.28	02:54:55.687		0.60845			4
2024.06.28	02:54:56.771		0.60844			4
2024.06.28	02:54:57.155		0.60845			4
2024.06.28	02:54:59.035		0.60844			4
2024.06.28	02:55:00.160	0.60839				2
2024.06.28	02:55:00.462	0.60840	0.60845			6
2024.06.28	02:55:00.763		0.60846			4
2024.06.28	02:55:01.861		0.60845			4
2024.06.28	02:55:12.537	0.60837	0.60841			6
2024.06.28	02:55:13.792		0.60840			4
2024.06.28	02:55:21.443		0.60841			4
2024.06.28	02:55:24.376		0.60842			4
2024.06.28	02:55:25.003		0.60841			4
2024.06.28	02:55:28.321		0.60842			4
2024.06.28	02:55:30.300		0.60841			4
2024.06.28	02:55:30.651		0.60842			4
2024.06.28	02:55:31.407		0.60841			4
2024.06.28	02:55:38.094	0.60839	0.60844			6
2024.06.28	02:55:38.405		0.60845			4
2024.06.28	02:55:51.916	0.60840				2
2024.06.28	02:56:00.334	0.60839				2
2024.06.28	02:56:13.280	0.60840				2
2024.06.28	02:56:15.502	0.60839	0.60844			6
2024.06.28	02:56:24.832	0.60840	0.60845			6
2024.06.28	02:56:28.491		0.60844			4
2024.06.28	02:56:28.819	0.60839				2
2024.06.28	02:56:52.375	0.60837	0.60842			6
2024.06.28	02:56:52.709		0.60843			4
2024.06.28	02:56:53.048	0.60838				2
2024.06.28	02:56:54.228	0.60837				2
2024.06.28	02:56:54.533	0.60838				2
2024.06.28	02:57:00.374	0.60837	0.60842			6
2024.06.28	02:57:03.441		0.60841			4
2024.06.28	02:57:03.745		0.60842			4
2024.06.28	02:57:04.208		0.60841			4
2024.06.28	02:57:05.008		0.60842			4
2024.06.28	02:57:05.414		0.60841			4
2024.06.28	02:57:08.142		0.60842			4
2024.06.28	02:57:08.705		0.60841			4
2024.06.28	02:57:09.260		0.60842			4
2024.06.28	02:57:21.114		0.60841			4
2024.06.28	02:57:23.836		0.60842			4
2024.06.28	02:57:27.962	0.60835	0.60841			6
2024.06.28	02:57:35.036	0.60836				2
2024.06.28	02:57:42.091	0.60838	0.60843			6
2024.06.28	02:57:42.403	0.60839	0.60844			6
2024.06.28	02:57:44.226	0.60840				2
2024.06.28	02:57:45.231	0.60839				2
2024.06.28	02:57:45.742	0.60840				2
2024.06.28	02:57:46.369	0.60839				2
2024.06.28	02:57:46.881	0.60840	0.60845			6
2024.06.28	02:57:47.240	0.60841	0.60846			6
2024.06.28	02:57:50.720	0.60840	0.60845			6
2024.06.28	02:57:53.016		0.60846			4
2024.06.28	02:57:54.247		0.60845			4
2024.06.28	02:57:57.906	0.60841	0.60846			6
2024.06.28	02:57:58.224	0.60840	0.60844			6
2024.06.28	02:58:00.110	0.60840	0.60845			6
2024.06.28	02:58:00.420	0.60839	0.60844			6
2024.06.28	02:58:00.907	0.60840	0.60845			6
2024.06.28	02:58:01.945		0.60846			4
2024.06.28	02:58:05.512		0.60845			4
2024.06.28	02:58:06.128		0.60846			4
2024.06.28	02:58:09.463		0.60844			4
2024.06.28	02:58:10.767		0.60845			4
2024.06.28	02:58:11.912		0.60846			4
2024.06.28	02:58:13.465		0.60844			4
2024.06.28	02:58:17.489		0.60845			4
2024.06.28	02:58:27.344		0.60846			4
2024.06.28	02:58:30.736	0.60839	0.60844			6
2024.06.28	02:58:52.740	0.60838				2
2024.06.28	02:58:53.082		0.60843			4
2024.06.28	02:58:54.746	0.60836	0.60841			6
2024.06.28	02:58:59.101		0.60840			4
2024.06.28	02:59:00.431	0.60835				2
2024.06.28	02:59:00.846		0.60839			4
2024.06.28	02:59:06.735		0.60840			4
2024.06.28	02:59:07.124		0.60841			4
2024.06.28	02:59:07.984		0.60840			4
2024.06.28	02:59:14.345		0.60841			4
2024.06.28	02:59:17.408		0.60840			4
2024.06.28	02:59:18.417		0.60841			4
2024.06.28	02:59:27.105	0.60836				2
2024.06.28	02:59:38.780	0.60835				2
2024.06.28	02:59:43.926		0.60842			4
2024.06.28	02:59:44.246		0.60841			4
2024.06.28	02:59:47.768	0.60836				2
2024.06.28	02:59:48.165	0.60835				2
2024.06.28	02:59:48.665	0.60836				2
2024.06.28	02:59:49.286	0.60837				2
2024.06.28	02:59:49.861	0.60836				2
2024.06.28	02:59:50.796	0.60837				2
2024.06.28	02:59:51.109	0.60836				2
2024.06.28	02:59:51.959	0.60837				2
2024.06.28	02:59:55.383	0.60836				2
2024.06.28	02:59:58.860	0.60835				2
2024.06.28	03:00:00.021	0.60835				2
2024.06.28	03:00:00.328	0.60838	0.60843			6
2024.06.28	03:00:00.644	0.60839	0.60844			6
2024.06.28	03:00:01.614		0.60843			4
2024.06.28	03:00:02.570		0.60844			4
2024.06.28	03:00:03.371	0.60838	0.60843			6
2024.06.28	03:00:04.061	0.60837				2
2024.06.28	03:00:04.383	0.60836	0.60841			6
2024.06.28	03:00:04.787		0.60840			4
2024.06.28	03:00:05.104		0.60841			4
2024.06.28	03:00:06.354	0.60838	0.60842			6
2024.06.28	03:00:07.466	0.60836	0.60839			6
2024.06.28	03:00:21.404	0.60835	0.60838			6
2024.06.28	03:00:21.903	0.60834	0.60839			6
2024.06.28	03:00:22.260	0.60835	0.60838			6
2024.06.28	03:00:22.605		0.60840			4
2024.06.28	03:00:25.462	0.60836	0.60841			6
2024.06.28	03:00:25.768		0.60840			4
2024.06.28	03:00:26.513	0.60837				2
2024.06.28	03:00:26.840	0.60836				2
2024.06.28	03:00:27.581		0.60841			4
2024.06.28	03:00:27.944	0.60837				2
2024.06.28	03:00:28.593	0.60836	0.60840			6
2024.06.28	03:00:29.234		0.60841			4
2024.06.28	03:00:30.865	0.60837	0.60842			6
2024.06.28	03:00:31.378	0.60838				2
2024.06.28	03:00:32.021	0.60839	0.60843			6
2024.06.28	03:00:33.507		0.60844			4
2024.06.28	03:00:34.844		0.60843			4
2024.06.28	03:00:35.710	0.60836	0.60842			6
2024.06.28	03:00:36.011	0.60837	0.60841			6
2024.06.28	03:00:36.435		0.60842			4
2024.06.28	03:00:37.461		0.60841			4
2024.06.28	03:00:38.410	0.60835	0.60840			6
2024.06.28	03:00:44.205	0.60836	0.60841			6
2024.06.28	03:00:44.971		0.60840			4
2024.06.28	03:00:45.348	0.60835				2
2024.06.28	03:00:46.845	0.60834	0.60839			6
2024.06.28	03:00:47.672		0.60840			4
2024.06.28	03:00:48.365	0.60835				2
2024.06.28	03:01:00.002	0.60835	0.60841			6
2024.06.28	03:01:01.490	0.60836				2
2024.06.28	03:01:02.233	0.60835				2
2024.06.28	03:01:02.836	0.60836				2
2024.06.28	03:01:04.296	0.60835				2
2024.06.28	03:01:06.609		0.60840			4
2024.06.28	03:01:06.992		0.60837			4
2024.06.28	03:01:07.303		0.60840			4
2024.06.28	03:01:08.942	0.60836	0.60841			6
2024.06.28	03:01:11.441	0.60835	0.60840			6
2024.06.28	03:01:12.120	0.60836				2
2024.06.28	03:01:12.527	0.60835				2
2024.06.28	03:01:13.539	0.60837	0.60841			6
2024.06.28	03:01:14.351	0.60836				2
2024.06.28	03:01:14.679	0.60835	0.60840			6
2024.06.28	03:01:18.126	0.60836				2
2024.06.28	03:01:18.711	0.60835				2
2024.06.28	03:01:20.151	0.60836	0.60841			6
2024.06.28	03:01:20.483	0.60837				2
2024.06.28	03:01:20.902	0.60836				2
2024.06.28	03:01:21.397	0.60837				2
2024.06.28	03:01:22.969		0.60842			4
2024.06.28	03:01:24.327	0.60836	0.60841			6
2024.06.28	03:01:25.420		0.60840			4
2024.06.28	03:01:25.807		0.60841			4
2024.06.28	03:01:27.742	0.60835	0.60839			6
2024.06.28	03:01:32.840		0.60840			4
2024.06.28	03:01:33.152	0.60837	0.60841			6
2024.06.28	03:01:43.438	0.60836				2
2024.06.28	03:01:45.000		0.60839			4
2024.06.28	03:01:45.304	0.60835				2
2024.06.28	03:01:46.653		0.60838			4
2024.06.28	03:01:50.357		0.60839			4
2024.06.28	03:02:00.250	0.60835				2
2024.06.28	03:02:04.711		0.60840			4
2024.06.28	03:02:05.271		0.60839			4
2024.06.28	03:02:05.926	0.60837	0.60841			6
2024.06.28	03:02:06.409	0.60836				2
2024.06.28	03:02:06.816	0.60837				2
2024.06.28	03:02:07.686	0.60836				2
2024.06.28	03:02:08.531	0.60837				2
2024.06.28	03:02:11.485	0.60840	0.60844			6
2024.06.28	03:02:13.116	0.60841				2
2024.06.28	03:02:14.292		0.60845			4
2024.06.28	03:02:14.658	0.60842				2
2024.06.28	03:02:17.491		0.60846			4
2024.06.28	03:02:18.615		0.60844			4
2024.06.28	03:02:18.922		0.60845			4
2024.06.28	03:02:20.770	0.60841				2
2024.06.28	03:02:21.083	0.60843	0.60846			6
2024.06.28	03:02:21.384	0.60845	0.60848			6
2024.06.28	03:02:21.744	0.60846				2
2024.06.28	03:02:27.690		0.60849			4
2024.06.28	03:02:28.733	0.60845				2
2024.06.28	03:02:29.097	0.60846				2
2024.06.28	03:02:29.418		0.60848			4
2024.06.28	03:02:29.891		0.60849			4
2024.06.28	03:02:32.727		0.60848			4
2024.06.28	03:02:33.518	0.60845	0.60849			6
2024.06.28	03:02:33.845	0.60846				2
2024.06.28	03:02:35.970		0.60850			4
2024.06.28	03:02:36.322	0.60847				2
2024.06.28	03:02:42.422	0.60849	0.60853			6
2024.06.28	03:02:42.742	0.60850				2
2024.06.28	03:02:46.000	0.60851	0.60855			6
2024.06.28	03:02:54.077		0.60853			4
2024.06.28	03:02:54.379	0.60850				2
2024.06.28	03:02:59.371	0.60851				2
2024.06.28	03:02:59.778		0.60855			4
2024.06.28	03:03:00.147	0.60851	0.60854			6
2024.06.28	03:03:00.481	0.60850				2
2024.06.28	03:03:01.356		0.60853			4
2024.06.28	03:03:06.859	0.60851				2
2024.06.28	03:03:07.566	0.60849				2
2024.06.28	03:03:18.131		0.60852			4
2024.06.28	03:03:37.886		0.60853			4
2024.06.28	03:03:38.233		0.60854			4
2024.06.28	03:03:38.629		0.60853			4
2024.06.28	03:03:42.202		0.60852			4
2024.06.28	03:03:43.959	0.60847				2
2024.06.28	03:03:44.261		0.60851			4
2024.06.28	03:03:45.772		0.60850			4
2024.06.28	03:03:46.585	0.60848	0.60852			6
2024.06.28	03:03:49.049	0.60849				2
2024.06.28	03:04:00.184	0.60849				2
2024.06.28	03:04:00.826	0.60850	0.60854			6
2024.06.28	03:04:02.450		0.60853			4
2024.06.28	03:04:02.776		0.60852			4
2024.06.28	03:04:04.948	0.60849				2
2024.06.28	03:04:22.705	0.60846	0.60848			6
2024.06.28	03:04:30.181	0.60845				2
2024.06.28	03:04:33.787	0.60846				2
2024.06.28	03:04:34.244	0.60845				2
2024.06.28	03:04:42.150	0.60843	0.60846			6
2024.06.28	03:04:57.022	0.60845	0.60848			6
2024.06.28	03:05:00.420	0.60845				2
2024.06.28	03:05:08.679	0.60844				2
2024.06.28	03:05:14.550	0.60845				2
2024.06.28	03:05:15.890	0.60844				2
2024.06.28	03:05:19.321		0.60847			4
2024.06.28	03:05:25.466		0.60848			4
2024.06.28	03:05:37.383	0.60845				2
2024.06.28	03:05:38.316	0.60844				2
2024.06.28	03:05:38.668	0.60845				2
2024.06.28	03:05:39.951	0.60844				2
2024.06.28	03:05:40.263	0.60845				2
2024.06.28	03:05:40.907	0.60844				2
2024.06.28	03:05:41.770	0.60845				2
2024.06.28	03:05:42.221	0.60844				2
2024.06.28	03:05:42.524	0.60845				2
2024.06.28	03:05:42.929	0.60844				2
2024.06.28	03:05:43.232	0.60846	0.60849			6
2024.06.28	03:05:43.563		0.60850			4
2024.06.28	03:05:49.476	0.60847				2
2024.06.28	03:05:49.777	0.60846	0.60849			6
2024.06.28	03:05:50.296		0.60850			4
2024.06.28	03:05:52.443		0.60849			4
2024.06.28	03:05:58.814	0.60847				2
2024.06.28	03:05:59.146	0.60846				2
2024.06.28	03:06:00.470	0.60846				2
2024.06.28	03:06:02.638	0.60847	0.60850			6
2024.06.28	03:06:03.321		0.60849			4
2024.06.28	03:06:04.070		0.60850			4
2024.06.28	03:06:04.395	0.60846				2
2024.06.28	03:06:05.144		0.60849			4
2024.06.28	03:06:09.066	0.60845	0.60848			6
2024.06.28	03:06:09.382		0.60849			4
2024.06.28	03:06:16.054	0.60846				2
2024.06.28	03:06:19.013	0.60848				2
2024.06.28	03:06:19.317		0.60850			4
2024.06.28	03:06:20.123	0.60846				2
2024.06.28	03:06:20.926	0.60845	0.60848			6
2024.06.28	03:06:24.376		0.60849			4
2024.06.28	03:06:25.121		0.60848			4
2024.06.28	03:06:28.663		0.60849			4
2024.06.28	03:06:29.806	0.60849	0.60851			6
2024.06.28	03:06:30.124	0.60850	0.60853			6
2024.06.28	03:06:34.154	0.60851				2
2024.06.28	03:06:37.221	0.60852	0.60854			6
2024.06.28	03:06:37.574	0.60850				2
2024.06.28	03:06:38.272	0.60851				2
2024.06.28	03:06:38.585	0.60848	0.60851			6
2024.06.28	03:06:39.241	0.60850	0.60853			6
2024.06.28	03:06:40.690	0.60849				2
2024.06.28	03:06:42.662	0.60850				2
2024.06.28	03:06:44.147	0.60848	0.60851			6
2024.06.28	03:06:44.463	0.60846	0.60850			6
2024.06.28	03:06:49.432		0.60849			4
2024.06.28	03:07:00.167	0.60846	0.60850			6
2024.06.28	03:07:08.363	0.60848	0.60851			6
2024.06.28	03:07:08.676	0.60847				2
2024.06.28	03:07:09.245	0.60849	0.60853			6
2024.06.28	03:07:09.553	0.60850				2
2024.06.28	03:07:10.688	0.60849				2
2024.06.28	03:07:11.851	0.60850				2
2024.06.28	03:07:15.230		0.60852			4
2024.06.28	03:07:15.548		0.60853			4
2024.06.28	03:07:15.908	0.60849				2
2024.06.28	03:07:18.907	0.60851	0.60854			6
2024.06.28	03:07:19.214		0.60855			4
2024.06.28	03:07:19.868	0.60854	0.60857			6
2024.06.28	03:07:20.173	0.60855				2
2024.06.28	03:07:24.023		0.60858			4
2024.06.28	03:07:25.526	0.60854				2
2024.06.28	03:07:30.111	0.60852	0.60855			6
2024.06.28	03:07:31.172	0.60853	0.60856			6
2024.06.28	03:07:31.858	0.60854	0.60857			6
2024.06.28	03:07:32.264	0.60853				2
2024.06.28	03:07:32.581	0.60851	0.60855			6
2024.06.28	03:07:38.805	0.60855	0.60858			6
2024.06.28	03:08:00.427	0.60855				2
2024.06.28	03:08:00.736		0.60859			4
2024.06.28	03:08:02.537		0.60858			4
2024.06.28	03:08:03.660	0.60856				2
2024.06.28	03:08:04.839	0.60855				2
2024.06.28	03:08:07.067	0.60856				2
2024.06.28	03:08:07.375	0.60855				2
2024.06.28	03:08:12.773	0.60856				2
2024.06.28	03:08:23.417	0.60858	0.60861			6
2024.06.28	03:08:23.737	0.60857				2
2024.06.28	03:08:27.073	0.60856	0.60860			6
2024.06.28	03:08:35.621	0.60860	0.60861			6
2024.06.28	03:08:35.923		0.60863			4
2024.06.28	03:08:43.305		0.60862			4
2024.06.28	03:08:43.626		0.60863			4
2024.06.28	03:08:45.608		0.60862			4
2024.06.28	03:08:49.887	0.60856	0.60860			6
2024.06.28	03:08:50.607	0.60857				2
2024.06.28	03:08:51.366	0.60856				2
2024.06.28	03:08:52.395	0.60855	0.60859			6
2024.06.28	03:08:56.739		0.60857			4
2024.06.28	03:08:58.369	0.60851	0.60854			6
2024.06.28	03:08:58.682	0.60850				2
2024.06.28	03:09:00.598	0.60850				2
2024.06.28	03:09:01.443		0.60853			4
2024.06.28	03:09:01.758	0.60851				2
2024.06.28	03:09:08.141	0.60852	0.60854			6
2024.06.28	03:09:12.096	0.60850	0.60853			6
2024.06.28	03:09:14.822		0.60852			4
2024.06.28	03:09:15.124	0.60848	0.60850			6
2024.06.28	03:09:16.782	0.60850	0.60853			6
2024.06.28	03:09:17.136	0.60851				2
2024.06.28	03:09:30.126	0.60850				2
2024.06.28	03:09:30.551	0.60849	0.60852			6
2024.06.28	03:09:30.864	0.60850				2
2024.06.28	03:09:35.048		0.60853			4
2024.06.28	03:09:35.693	0.60851				2
2024.06.28	03:09:38.463	0.60850				2
2024.06.28	03:09:44.626	0.60851				2
2024.06.28	03:09:45.274	0.60852				2
2024.06.28	03:09:46.943	0.60851				2
2024.06.28	03:09:47.502	0.60850				2
2024.06.28	03:09:52.694		0.60852			4
2024.06.28	03:10:00.101	0.60850				2
2024.06.28	03:10:05.515	0.60849				2
2024.06.28	03:10:06.231		0.60851			4
2024.06.28	03:10:08.266		0.60852			4
2024.06.28	03:10:08.596		0.60851			4
2024.06.28	03:10:09.068	0.60848				2
2024.06.28	03:10:09.484	0.60849	0.60852			6
2024.06.28	03:10:11.145	0.60851	0.60855			6
2024.06.28	03:10:11.492	0.60852	0.60854			6
2024.06.28	03:10:11.832		0.60855			4
2024.06.28	03:10:12.629	0.60851	0.60854			6
2024.06.28	03:10:14.995	0.60852	0.60855			6
2024.06.28	03:10:15.329		0.60856			4
2024.06.28	03:10:16.131		0.60857			4
2024.06.28	03:10:16.446		0.60856			4
2024.06.28	03:10:16.752		0.60855			4
2024.06.28	03:10:17.072		0.60856			4
2024.06.28	03:10:18.340		0.60855			4
2024.06.28	03:10:20.261		0.60856			4
2024.06.28	03:10:21.268		0.60855			4
2024.06.28	03:10:22.816		0.60856			4
2024.06.28	03:10:26.301		0.60857			4
2024.06.28	03:10:28.775		0.60856			4
2024.06.28	03:10:29.319		0.60855			4
2024.06.28	03:10:31.450		0.60856			4
2024.06.28	03:10:36.313	0.60851	0.60855			6
2024.06.28	03:10:38.538		0.60856			4
2024.06.28	03:10:43.490	0.60852	0.60857			6
2024.06.28	03:10:44.734		0.60856			4
2024.06.28	03:10:45.216		0.60857			4
2024.06.28	03:10:47.341		0.60856			4
2024.06.28	03:10:48.403		0.60857			4
2024.06.28	03:10:49.762	0.60853				2
2024.06.28	03:10:50.379	0.60852	0.60856			6
2024.06.28	03:10:56.945	0.60855	0.60859			6
2024.06.28	03:10:57.302	0.60856	0.60860			6
2024.06.28	03:10:58.159		0.60859			4
2024.06.28	03:10:58.483	0.60857				2
2024.06.28	03:10:58.787	0.60856	0.60860			6
2024.06.28	03:11:00.279	0.60854	0.60858			6
2024.06.28	03:11:00.583	0.60856	0.60859			6
2024.06.28	03:11:00.916	0.60855				2
2024.06.28	03:11:01.724	0.60856				2
2024.06.28	03:11:02.872		0.60860			4
2024.06.28	03:11:04.600		0.60859			4
2024.06.28	03:11:06.470	0.60855				2
2024.06.28	03:11:10.606	0.60856				2
2024.06.28	03:11:10.938	0.60855				2
2024.06.28	03:11:11.405	0.60856				2
2024.06.28	03:11:11.821	0.60855				2
2024.06.28	03:11:12.376	0.60856				2
2024.06.28	03:11:12.689	0.60855	0.60858			6
2024.06.28	03:11:13.067		0.60859			4
2024.06.28	03:11:13.416		0.60858			4
2024.06.28	03:11:14.947		0.60859			4
2024.06.28	03:11:15.616	0.60854	0.60857			6
2024.06.28	03:11:15.922	0.60853				2
2024.06.28	03:11:17.662		0.60858			4
2024.06.28	03:11:19.473	0.60856	0.60859			6
2024.06.28	03:11:19.823	0.60855				2
2024.06.28	03:11:20.143	0.60856				2
2024.06.28	03:11:20.816	0.60855				2
2024.06.28	03:11:26.664	0.60856	0.60860			6
2024.06.28	03:11:27.114	0.60855	0.60859			6
2024.06.28	03:11:27.459	0.60856				2
2024.06.28	03:11:27.926	0.60855				2
2024.06.28	03:11:28.279	0.60856				2
2024.06.28	03:11:28.583	0.60855				2
2024.06.28	03:11:30.802		0.60860			4
2024.06.28	03:11:31.102	0.60856				2
2024.06.28	03:11:31.430		0.60859			4
2024.06.28	03:11:32.234	0.60855				2
2024.06.28	03:11:32.581		0.60860			4
2024.06.28	03:11:33.057	0.60856	0.60859			6
2024.06.28	03:11:33.545	0.60855				2
2024.06.28	03:11:34.191	0.60856				2
2024.06.28	03:11:34.564	0.60855				2
2024.06.28	03:11:36.415	0.60856	0.60860			6
2024.06.28	03:11:37.235		0.60859			4
2024.06.28	03:11:37.577	0.60855				2
2024.06.28	03:11:38.041	0.60856				2
2024.06.28	03:11:38.342		0.60860			4
2024.06.28	03:11:38.802	0.60855	0.60859			6
2024.06.28	03:11:39.664	0.60856				2
2024.06.28	03:11:40.118	0.60855				2
2024.06.28	03:11:40.764	0.60856				2
2024.06.28	03:11:41.082		0.60860			4
2024.06.28	03:11:41.384	0.60855				2
2024.06.28	03:11:41.685	0.60856	0.60859			6
2024.06.28	03:11:42.045	0.60855	0.60860			6
2024.06.28	03:11:42.395	0.60856	0.60859			6
2024.06.28	03:11:43.543	0.60855	0.60860			6
2024.06.28	03:11:43.881	0.60856				2
2024.06.28	03:11:44.327		0.60859			4
2024.06.28	03:11:45.124		0.60860			4
2024.06.28	03:11:45.427		0.60859			4
2024.06.28	03:11:46.694		0.60860			4
2024.06.28	03:11:46.998		0.60859			4
2024.06.28	03:11:48.417		0.60860			4
2024.06.28	03:11:48.855	0.60855	0.60859			6
2024.06.28	03:11:49.346	0.60856	0.60860			6
2024.06.28	03:11:49.957	0.60855	0.60859			6
2024.06.28	03:11:52.076	0.60856	0.60860			6
2024.06.28	03:11:53.284	0.60855				2
2024.06.28	03:11:53.584	0.60856				2
2024.06.28	03:11:53.935		0.60859			4
2024.06.28	03:11:54.493		0.60860			4
2024.06.28	03:11:55.641	0.60855				2
2024.06.28	03:11:56.462		0.60859			4
2024.06.28	03:11:58.159		0.60860			4
2024.06.28	03:11:58.905		0.60859			4
2024.06.28	03:12:00.031	0.60855				2
2024.06.28	03:12:00.709	0.60856				2
2024.06.28	03:12:01.793		0.60860			4
2024.06.28	03:12:03.914	0.60857				2
2024.06.28	03:12:06.256	0.60856				2
2024.06.28	03:12:07.494	0.60855				2
2024.06.28	03:12:08.663		0.60858			4
2024.06.28	03:12:13.072		0.60859			4
2024.06.28	03:12:14.812		0.60860			4
2024.06.28	03:12:31.419	0.60856	0.60859			6
2024.06.28	03:12:34.621	0.60854				2
2024.06.28	03:12:49.864		0.60858			4
2024.06.28	03:12:50.508		0.60859			4
2024.06.28	03:12:52.435		0.60858			4
2024.06.28	03:12:52.787		0.60859			4
2024.06.28	03:12:59.723	0.60855	0.60860			6
2024.06.28	03:13:00.065	0.60855				2
2024.06.28	03:13:03.346	0.60849	0.60850			6
2024.06.28	03:13:03.661	0.60846				2
2024.06.28	03:13:06.317	0.60845	0.60849			6
2024.06.28	03:13:07.472		0.60850			4
2024.06.28	03:13:09.030		0.60849			4
2024.06.28	03:13:09.938		0.60850			4
2024.06.28	03:13:11.319	0.60844				2
2024.06.28	03:13:14.715		0.60849			4
2024.06.28	03:13:15.080		0.60850			4
2024.06.28	03:13:24.547		0.60849			4
2024.06.28	03:13:24.909		0.60850			4
2024.06.28	03:13:26.469	0.60845	0.60849			6
2024.06.28	03:13:27.562		0.60850			4
2024.06.28	03:13:34.693		0.60849			4
2024.06.28	03:13:37.217		0.60850			4
2024.06.28	03:13:37.838		0.60849			4
2024.06.28	03:13:38.915		0.60850			4
2024.06.28	03:13:54.910	0.60846	0.60849			6
2024.06.28	03:13:55.253	0.60844				2
2024.06.28	03:13:55.975	0.60845				2
2024.06.28	03:13:56.674		0.60850			4
2024.06.28	03:13:56.979		0.60849			4
2024.06.28	03:13:58.403	0.60844				2
2024.06.28	03:13:59.815	0.60845				2
2024.06.28	03:14:00.449	0.60845				2
2024.06.28	03:14:00.795	0.60844				2
2024.06.28	03:14:02.315	0.60845				2
2024.06.28	03:14:02.697	0.60844				2
2024.06.28	03:14:05.265	0.60841	0.60846			6
2024.06.28	03:14:05.583	0.60845	0.60850			6
2024.06.28	03:14:05.915		0.60849			4
2024.06.28	03:14:07.984	0.60844				2
2024.06.28	03:14:08.526		0.60848			4
2024.06.28	03:14:09.331		0.60849			4
2024.06.28	03:14:10.065		0.60848			4
2024.06.28	03:14:11.418		0.60849			4
2024.06.28	03:14:12.545		0.60848			4
2024.06.28	03:14:13.625		0.60849			4
2024.06.28	03:14:14.549		0.60847			4
2024.06.28	03:14:17.150		0.60848			4
2024.06.28	03:14:20.664		0.60847			4
2024.06.28	03:14:22.229		0.60848			4
2024.06.28	03:14:30.657	0.60846	0.60850			6
2024.06.28	03:14:32.481		0.60849			4
2024.06.28	03:14:34.094	0.60847	0.60851			6
2024.06.28	03:14:34.404	0.60846	0.60850			6
2024.06.28	03:14:34.988		0.60849			4
2024.06.28	03:14:38.467	0.60845				2
2024.06.28	03:14:42.012		0.60848			4
2024.06.28	03:14:42.561		0.60849			4
2024.06.28	03:14:44.002		0.60848			4
2024.06.28	03:14:44.832		0.60849			4
2024.06.28	03:14:54.220		0.60850			4
2024.06.28	03:14:54.621		0.60849			4
2024.06.28	03:14:58.330	0.60847	0.60851			6
2024.06.28	03:15:00.518	0.60847				2
2024.06.28	03:15:01.440		0.60852			4
2024.06.28	03:15:01.743	0.60848				2
2024.06.28	03:15:02.112		0.60851			4
2024.06.28	03:15:04.271	0.60849	0.60852			6
2024.06.28	03:15:05.481		0.60851			4
2024.06.28	03:15:09.389		0.60852			4
2024.06.28	03:15:11.115		0.60851			4
2024.06.28	03:15:15.914		0.60852			4
2024.06.28	03:15:18.461	0.60848				2
2024.06.28	03:15:23.756	0.60847	0.60851			6
2024.06.28	03:15:30.219		0.60849			4
2024.06.28	03:15:30.524	0.60844	0.60847			6
2024.06.28	03:15:30.866	0.60843				2
2024.06.28	03:15:31.541	0.60844	0.60848			6
2024.06.28	03:15:35.948	0.60843	0.60847			6
2024.06.28	03:15:37.943		0.60846			4
2024.06.28	03:15:38.243	0.60841	0.60844			6
2024.06.28	03:15:38.557		0.60845			4
2024.06.28	03:15:40.854		0.60844			4
2024.06.28	03:15:42.249		0.60845			4
2024.06.28	03:15:46.746		0.60844			4
2024.06.28	03:15:48.946		0.60845			4
2024.06.28	03:15:49.394	0.60842				2
2024.06.28	03:15:52.140	0.60841				2
2024.06.28	03:15:56.323	0.60842				2
2024.06.28	03:15:57.666		0.60844			4
2024.06.28	03:15:58.159		0.60845			4
2024.06.28	03:16:00.343	0.60842				2
2024.06.28	03:16:00.698	0.60841				2
2024.06.28	03:16:01.678	0.60842	0.60846			6
2024.06.28	03:16:01.982	0.60843				2
2024.06.28	03:16:07.397	0.60842	0.60847			6
2024.06.28	03:16:08.025		0.60846			4
2024.06.28	03:16:12.455	0.60843				2
2024.06.28	03:16:12.960	0.60842				2
2024.06.28	03:16:13.288	0.60841	0.60844			6
2024.06.28	03:16:17.855		0.60845			4
2024.06.28	03:16:18.498		0.60844			4
2024.06.28	03:16:19.943	0.60843	0.60847			6
2024.06.28	03:16:22.378	0.60844				2
2024.06.28	03:16:23.444	0.60846	0.60849			6
2024.06.28	03:16:23.774	0.60843	0.60847			6
2024.06.28	03:16:27.288	0.60844				2
2024.06.28	03:16:27.662	0.60843				2
2024.06.28	03:16:36.825	0.60842	0.60846			6
2024.06.28	03:16:40.425	0.60843	0.60847			6
2024.06.28	03:16:42.487	0.60845	0.60848			6
2024.06.28	03:16:42.798	0.60844				2
2024.06.28	03:16:45.727		0.60847			4
2024.06.28	03:16:46.090	0.60843	0.60845			6
2024.06.28	03:16:46.403		0.60846			4
2024.06.28	03:16:46.713		0.60847			4
2024.06.28	03:16:47.017		0.60848			4
2024.06.28	03:16:47.328		0.60847			4
2024.06.28	03:16:49.979	0.60844				2
2024.06.28	03:17:00.758	0.60844				2
2024.06.28	03:17:09.259		0.60848			4
2024.06.28	03:17:09.605		0.60847			4
2024.06.28	03:17:23.046	0.60843	0.60845			6
2024.06.28	03:17:28.868	0.60842	0.60843			6
2024.06.28	03:17:29.563	0.60839	0.60840			6
2024.06.28	03:17:30.340		0.60841			4
2024.06.28	03:17:37.867		0.60842			4
2024.06.28	03:17:40.664		0.60841			4
2024.06.28	03:17:41.339	0.60841	0.60842			6
2024.06.28	03:17:42.045	0.60839	0.60841			6
2024.06.28	03:17:42.354	0.60841	0.60842			6
2024.06.28	03:17:42.731	0.60839	0.60841			6
2024.06.28	03:17:50.783		0.60842			4
2024.06.28	03:17:54.908	0.60841				2
2024.06.28	03:17:55.628	0.60839				2
2024.06.28	03:17:58.280	0.60838	0.60841			6
2024.06.28	03:18:00.344	0.60838				2
2024.06.28	03:18:01.498	0.60840	0.60842			6
2024.06.28	03:18:02.963	0.60839				2
2024.06.28	03:18:16.032	0.60838				2
2024.06.28	03:18:16.415	0.60839	0.60841			6
2024.06.28	03:18:16.723		0.60842			4
2024.06.28	03:18:17.418	0.60838				2
2024.06.28	03:18:26.186		0.60841			4
2024.06.28	03:18:32.251		0.60842			4
2024.06.28	03:18:39.369	0.60839				2
2024.06.28	03:18:39.683	0.60838				2
2024.06.28	03:18:41.789		0.60839			4
2024.06.28	03:18:43.100	0.60837				2
2024.06.28	03:18:43.403	0.60836				2
2024.06.28	03:18:49.801	0.60837	0.60840			6
2024.06.28	03:18:55.329	0.60835	0.60838			6
2024.06.28	03:18:56.529	0.60837	0.60840			6
2024.06.28	03:19:00.250	0.60836				2
2024.06.28	03:19:00.614	0.60835	0.60837			6
2024.06.28	03:19:03.111	0.60837	0.60840			6
2024.06.28	03:19:07.702		0.60841			4
2024.06.28	03:19:15.666		0.60839			4
2024.06.28	03:19:16.114		0.60841			4
2024.06.28	03:19:16.454	0.60838	0.60842			6
2024.06.28	03:19:23.296		0.60841			4
2024.06.28	03:19:26.496		0.60842			4
2024.06.28	03:19:27.117		0.60840			4
2024.06.28	03:19:33.664	0.60837				2
2024.06.28	03:19:33.985	0.60836				2
2024.06.28	03:19:37.889	0.60835	0.60837			6
2024.06.28	03:19:40.905		0.60838			4
2024.06.28	03:19:41.602		0.60837			4
2024.06.28	03:19:46.465	0.60836				2
2024.06.28	03:19:49.201		0.60838			4
2024.06.28	03:19:50.719	0.60837	0.60840			6
2024.06.28	03:19:52.345	0.60835	0.60837			6
2024.06.28	03:19:52.761	0.60836				2
2024.06.28	03:19:53.221	0.60835				2
2024.06.28	03:19:53.526	0.60836				2
2024.06.28	03:19:54.415	0.60835				2
2024.06.28	03:19:55.033	0.60836				2
2024.06.28	03:19:55.366	0.60835				2
2024.06.28	03:19:57.802	0.60834				2
2024.06.28	03:19:58.791	0.60833	0.60836			6
2024.06.28	03:19:59.106	0.60832	0.60834			6
2024.06.28	03:19:59.426	0.60830	0.60832			6
2024.06.28	03:20:00.239	0.60830				2
2024.06.28	03:20:01.879	0.60829				2
2024.06.28	03:20:06.760		0.60831			4
2024.06.28	03:20:09.886		0.60832			4
2024.06.28	03:20:11.441		0.60831			4
2024.06.28	03:20:13.249		0.60832			4
2024.06.28	03:20:30.470	0.60831	0.60833			6
2024.06.28	03:20:30.783	0.60832	0.60835			6
2024.06.28	03:20:35.481		0.60834			4
2024.06.28	03:20:36.244	0.60831	0.60832			6
2024.06.28	03:20:40.760	0.60829				2
2024.06.28	03:20:41.107		0.60831			4
2024.06.28	03:20:41.458		0.60832			4
2024.06.28	03:20:50.917		0.60831			4
2024.06.28	03:20:54.360		0.60832			4
2024.06.28	03:20:55.373	0.60830				2
2024.06.28	03:21:00.371	0.60830				2
2024.06.28	03:21:12.691	0.60829				2
2024.06.28	03:21:14.046		0.60831			4
2024.06.28	03:21:14.398	0.60828				2
2024.06.28	03:21:14.870		0.60832			4
2024.06.28	03:21:15.396		0.60831			4
2024.06.28	03:21:16.809	0.60829				2
2024.06.28	03:21:18.549	0.60828				2
2024.06.28	03:21:19.069	0.60829				2
2024.06.28	03:21:19.383	0.60828				2
2024.06.28	03:21:19.744	0.60829				2
2024.06.28	03:21:20.068	0.60828				2
2024.06.28	03:21:20.760	0.60829	0.60832			6
2024.06.28	03:21:25.282		0.60831			4
2024.06.28	03:21:25.965	0.60828				2
2024.06.28	03:21:26.296	0.60829				2
2024.06.28	03:21:26.600	0.60828				2
2024.06.28	03:21:26.905	0.60829				2
2024.06.28	03:21:28.513	0.60828				2
2024.06.28	03:21:30.615	0.60829				2
2024.06.28	03:21:32.815	0.60828				2
2024.06.28	03:21:38.975	0.60826	0.60828			6
2024.06.28	03:21:40.912		0.60829			4
2024.06.28	03:21:43.585	0.60825	0.60828			6
2024.06.28	03:21:44.328		0.60827			4
2024.06.28	03:21:44.658		0.60828			4
2024.06.28	03:21:46.127	0.60828	0.60831			6
2024.06.28	03:21:51.039	0.60827	0.60830			6
2024.06.28	03:21:51.416	0.60828				2
2024.06.28	03:21:52.409	0.60827				2
2024.06.28	03:21:53.315	0.60828				2
2024.06.28	03:21:54.765	0.60827				2
2024.06.28	03:21:55.914	0.60828				2
2024.06.28	03:21:57.716	0.60827				2
2024.06.28	03:21:58.475	0.60826	0.60829			6
2024.06.28	03:21:59.290		0.60830			4
2024.06.28	03:21:59.655		0.60829			4
2024.06.28	03:22:00.106	0.60826				2
2024.06.28	03:22:00.490		0.60830			4
2024.06.28	03:22:01.435		0.60829			4
2024.06.28	03:22:02.446		0.60830			4
2024.06.28	03:22:03.215		0.60829			4
2024.06.28	03:22:04.488		0.60828			4
2024.06.28	03:22:06.470		0.60829			4
2024.06.28	03:22:06.827		0.60828			4
2024.06.28	03:22:11.068	0.60825				2
2024.06.28	03:22:11.586	0.60824				2
2024.06.28	03:22:12.277	0.60825				2
2024.06.28	03:22:12.582	0.60824				2
2024.06.28	03:22:13.992	0.60825				2
2024.06.28	03:22:15.102	0.60824				2
2024.06.28	03:22:17.984	0.60825				2
2024.06.28	03:22:18.420	0.60824	0.60827			6
2024.06.28	03:22:18.838		0.60826			4
2024.06.28	03:22:19.515		0.60827			4
2024.06.28	03:22:20.351		0.60828			4
2024.06.28	03:22:21.753		0.60827			4
2024.06.28	03:22:22.522	0.60826	0.60829			6
2024.06.28	03:22:23.158	0.60825	0.60827			6
2024.06.28	03:22:23.957	0.60830	0.60832			6
2024.06.28	03:22:24.685	0.60829				2
2024.06.28	03:22:28.209	0.60828	0.60831			6
2024.06.28	03:22:28.996	0.60827				2
2024.06.28	03:22:33.604		0.60830			4
2024.06.28	03:22:33.907		0.60831			4
2024.06.28	03:22:34.247		0.60830			4
2024.06.28	03:22:34.549		0.60829			4
2024.06.28	03:22:36.233		0.60828			4
2024.06.28	03:22:37.041		0.60829			4
2024.06.28	03:22:37.642	0.60826	0.60827			6
2024.06.28	03:22:38.357		0.60828			4
2024.06.28	03:22:38.683		0.60827			4
2024.06.28	03:22:40.347	0.60827	0.60830			6
2024.06.28	03:22:40.684	0.60826				2
2024.06.28	03:22:43.769		0.60829			4
2024.06.28	03:22:44.577		0.60830			4
2024.06.28	03:22:45.317		0.60829			4
2024.06.28	03:22:47.339		0.60830			4
2024.06.28	03:22:48.265		0.60829			4
2024.06.28	03:22:52.594		0.60830			4
2024.06.28	03:22:55.727	0.60825	0.60827			6
2024.06.28	03:22:56.044	0.60824				2
2024.06.28	03:22:59.339	0.60823	0.60826			6
2024.06.28	03:23:00.294	0.60823	0.60825			6
2024.06.28	03:23:01.120		0.60824			4
2024.06.28	03:23:01.423		0.60826			4
2024.06.28	03:23:01.745		0.60825			4
2024.06.28	03:23:02.132		0.60826			4
2024.06.28	03:23:02.937		0.60825			4
2024.06.28	03:23:03.577		0.60826			4
2024.06.28	03:23:03.881		0.60825			4
2024.06.28	03:23:04.298		0.60827			4
2024.06.28	03:23:06.632	0.60824				2
2024.06.28	03:23:06.965	0.60823				2
2024.06.28	03:23:07.330	0.60824				2
2024.06.28	03:23:08.798	0.60823				2
2024.06.28	03:23:09.293	0.60824				2
2024.06.28	03:23:10.530	0.60826				2
2024.06.28	03:23:10.844	0.60824				2
2024.06.28	03:23:17.070	0.60825				2
2024.06.28	03:23:17.375	0.60824				2
2024.06.28	03:23:18.122		0.60826			4
2024.06.28	03:23:21.867		0.60825			4
2024.06.28	03:23:22.232	0.60822				2
2024.06.28	03:23:22.578		0.60824			4
2024.06.28	03:23:23.419		0.60826			4
2024.06.28	03:23:24.367	0.60823				2
2024.06.28	03:23:25.698		0.60825			4
2024.06.28	03:23:26.065		0.60826			4
2024.06.28	03:23:28.395		0.60827			4
2024.06.28	03:23:28.710		0.60826			4
2024.06.28	03:23:29.516		0.60825			4
2024.06.28	03:23:31.781		0.60826			4
2024.06.28	03:23:33.272	0.60824	0.60827			6
2024.06.28	03:23:34.146	0.60823				2
2024.06.28	03:23:38.926	0.60821	0.60825			6
2024.06.28	03:23:48.397		0.60824			4
2024.06.28	03:23:51.560		0.60823			4
2024.06.28	03:23:51.911		0.60824			4
2024.06.28	03:23:53.617		0.60825			4
2024.06.28	03:23:58.069	0.60822	0.60826			6
2024.06.28	03:24:00.416	0.60822	0.60825			6
2024.06.28	03:24:07.357		0.60826			4
2024.06.28	03:24:08.938		0.60825			4
2024.06.28	03:24:15.714	0.60821				2
2024.06.28	03:24:17.744	0.60822				2
2024.06.28	03:24:19.137	0.60821				2
2024.06.28	03:24:21.939	0.60822	0.60826			6
2024.06.28	03:24:28.354	0.60823	0.60827			6
2024.06.28	03:24:28.663	0.60824	0.60828			6
2024.06.28	03:24:29.143	0.60823	0.60826			6
2024.06.28	03:24:29.446	0.60822				2
2024.06.28	03:24:33.544	0.60824	0.60828			6
2024.06.28	03:24:57.965		0.60829			4
2024.06.28	03:24:58.433		0.60828			4
2024.06.28	03:25:00.403	0.60824	0.60827			6
2024.06.28	03:25:01.560		0.60828			4
2024.06.28	03:25:06.321	0.60823	0.60827			6
2024.06.28	03:25:07.311		0.60826			4
2024.06.28	03:25:11.103	0.60824				2
2024.06.28	03:25:12.100		0.60827			4
2024.06.28	03:25:12.412		0.60826			4
2024.06.28	03:25:12.910		0.60827			4
2024.06.28	03:25:13.319		0.60826			4
2024.06.28	03:25:14.509	0.60823	0.60825			6
2024.06.28	03:25:19.390		0.60826			4
2024.06.28	03:25:19.826	0.60822	0.60825			6
2024.06.28	03:25:20.191	0.60821	0.60824			6
2024.06.28	03:25:20.903	0.60820	0.60823			6
2024.06.28	03:25:23.246	0.60819				2
2024.06.28	03:25:23.860	0.60818	0.60822			6
2024.06.28	03:25:33.792		0.60821			4
2024.06.28	03:25:35.618	0.60817				2
2024.06.28	03:25:36.125	0.60818	0.60822			6
2024.06.28	03:25:40.740	0.60819				2
2024.06.28	03:25:41.586		0.60823			4
2024.06.28	03:25:42.708	0.60820				2
2024.06.28	03:25:48.390	0.60822	0.60826			6
2024.06.28	03:25:48.723	0.60823				2
2024.06.28	03:25:52.790		0.60825			4
2024.06.28	03:25:53.505		0.60826			4
2024.06.28	03:25:53.980	0.60822	0.60825			6
2024.06.28	03:25:56.298	0.60825	0.60829			6
2024.06.28	03:25:57.536		0.60827			4
2024.06.28	03:25:57.881	0.60824				2
2024.06.28	03:25:58.647	0.60825				2
2024.06.28	03:25:59.459		0.60828			4
2024.06.28	03:26:00.455	0.60825	0.60829			6
2024.06.28	03:26:00.789	0.60826				2
2024.06.28	03:26:01.544	0.60825	0.60828			6
2024.06.28	03:26:01.951	0.60824				2
2024.06.28	03:26:02.541		0.60827			4
2024.06.28	03:26:05.861	0.60825				2
2024.06.28	03:26:07.668	0.60824				2
2024.06.28	03:26:11.529	0.60825	0.60828			6
2024.06.28	03:26:13.641	0.60824				2
2024.06.28	03:26:13.941	0.60825	0.60827			6
2024.06.28	03:26:14.914		0.60828			4
2024.06.28	03:26:17.761		0.60827			4
2024.06.28	03:26:19.178	0.60824				2
2024.06.28	03:26:19.532	0.60825	0.60828			6
2024.06.28	03:26:20.008	0.60824				2
2024.06.28	03:26:20.347	0.60825				2
2024.06.28	03:26:23.962	0.60826				2
2024.06.28	03:26:24.267	0.60825	0.60829			6
2024.06.28	03:26:24.691	0.60826	0.60828			6
2024.06.28	03:26:25.198	0.60825	0.60827			6
2024.06.28	03:26:25.561	0.60824				2
2024.06.28	03:26:26.049	0.60825	0.60828			6
2024.06.28	03:26:26.754	0.60826				2
2024.06.28	03:26:27.066	0.60825				2
2024.06.28	03:26:33.056	0.60826				2
2024.06.28	03:26:34.281	0.60825				2
2024.06.28	03:26:35.720	0.60826				2
2024.06.28	03:26:36.101	0.60825				2
2024.06.28	03:26:36.404	0.60826				2
2024.06.28	03:26:38.682	0.60825				2
2024.06.28	03:26:39.400		0.60827			4
2024.06.28	03:26:39.898		0.60828			4
2024.06.28	03:26:41.976	0.60824	0.60827			6
2024.06.28	03:26:42.415	0.60825	0.60828			6
2024.06.28	03:26:44.071		0.60827			4
2024.06.28	03:26:46.213	0.60824				2
2024.06.28	03:26:46.616	0.60825				2
2024.06.28	03:26:48.938		0.60828			4
2024.06.28	03:26:49.260	0.60826				2
2024.06.28	03:26:49.642	0.60825	0.60827			6
2024.06.28	03:26:51.123		0.60828			4
2024.06.28	03:26:53.487		0.60827			4
2024.06.28	03:26:54.502		0.60828			4
2024.06.28	03:26:56.601	0.60824				2
2024.06.28	03:26:56.904	0.60823	0.60826			6
2024.06.28	03:26:58.268	0.60822	0.60825			6
2024.06.28	03:27:00.689	0.60822				2
2024.06.28	03:27:11.263	0.60823				2
2024.06.28	03:27:18.164	0.60825	0.60828			6
2024.06.28	03:27:19.122		0.60829			4
2024.06.28	03:27:19.426		0.60828			4
2024.06.28	03:27:20.194	0.60826	0.60829			6
2024.06.28	03:27:22.712	0.60827				2
2024.06.28	03:27:26.062		0.60830			4
2024.06.28	03:27:26.448		0.60829			4
2024.06.28	03:27:28.348		0.60830			4
2024.06.28	03:27:28.786		0.60829			4
2024.06.28	03:27:34.146		0.60830			4
2024.06.28	03:27:34.833	0.60826	0.60829			6
2024.06.28	03:27:38.016	0.60827	0.60830			6
2024.06.28	03:27:38.324	0.60829	0.60832			6
2024.06.28	03:27:39.113	0.60831				2
2024.06.28	03:27:40.074	0.60830				2
2024.06.28	03:27:40.886	0.60831				2
2024.06.28	03:27:42.542		0.60833			4
2024.06.28	03:27:43.554	0.60830				2
2024.06.28	03:27:45.337	0.60831	0.60834			6
2024.06.28	03:27:45.701	0.60832	0.60835			6
2024.06.28	03:27:46.423		0.60834			4
2024.06.28	03:27:48.472	0.60831	0.60833			6
2024.06.28	03:27:49.690		0.60834			4
2024.06.28	03:27:54.280		0.60833			4
2024.06.28	03:27:55.581		0.60834			4
2024.06.28	03:27:55.907		0.60833			4
2024.06.28	03:28:03.806	0.60831	0.60834			6
2024.06.28	03:28:04.726		0.60833			4
2024.06.28	03:28:11.762	0.60830				2
2024.06.28	03:28:12.121	0.60831				2
2024.06.28	03:28:13.591	0.60830				2
2024.06.28	03:28:15.342	0.60831				2
2024.06.28	03:28:17.004	0.60830				2
2024.06.28	03:28:19.018	0.60831				2
2024.06.28	03:28:21.543	0.60830				2
2024.06.28	03:28:22.296	0.60831				2
2024.06.28	03:28:22.758	0.60830				2
2024.06.28	03:28:23.421	0.60831				2
2024.06.28	03:28:25.146	0.60830				2
2024.06.28	03:28:26.612	0.60831				2
2024.06.28	03:28:34.793	0.60830				2
2024.06.28	03:28:35.116	0.60831				2
2024.06.28	03:28:35.421		0.60835			4
2024.06.28	03:28:35.882		0.60834			4
2024.06.28	03:28:40.316	0.60830	0.60833			6
2024.06.28	03:28:45.721	0.60831				2
2024.06.28	03:28:46.089	0.60830				2
2024.06.28	03:28:52.603	0.60831				2
2024.06.28	03:28:52.962	0.60830				2
2024.06.28	03:28:55.462		0.60832			4
2024.06.28	03:28:55.765		0.60833			4
2024.06.28	03:28:57.347	0.60831				2
2024.06.28	03:28:58.003	0.60830	0.60832			6
2024.06.28	03:28:58.325	0.60828	0.60831			6
2024.06.28	03:28:58.749		0.60832			4
2024.06.28	03:29:00.051	0.60829				2
2024.06.28	03:29:02.311		0.60833			4
2024.06.28	03:29:02.638	0.60830	0.60832			6
2024.06.28	03:29:02.962		0.60833			4
