<DATE>	<TIME>	<BID>	<ASK>	<LAST>	<VOLUME>	<FLAGS>
2024.11.29	00:00:00.430	0.58832	0.58946			6
2024.11.29	00:00:01.057	0.58788	0.58988			6
2024.11.29	00:01:00.037	0.58788				2
2024.11.29	00:01:01.250		0.58988			4
2024.11.29	00:01:10.339	0.58796	0.58996			6
2024.11.29	00:02:00.101	0.58796				2
2024.11.29	00:02:00.403	0.58795	0.58995			6
2024.11.29	00:02:10.710	0.58844				2
2024.11.29	00:02:11.012		0.58993			4
2024.11.29	00:02:37.077	0.58855	0.58919			6
2024.11.29	00:02:46.523	0.58869	0.58935			6
2024.11.29	00:03:00.212	0.58869				2
2024.11.29	00:03:46.579		0.58935			4
2024.11.29	00:04:00.220	0.58869				2
2024.11.29	00:04:32.346		0.58926			4
2024.11.29	00:04:35.623	0.58855	0.58933			6
2024.11.29	00:04:44.420	0.58873				2
2024.11.29	00:04:44.724		0.58931			4
2024.11.29	00:04:54.627		0.58940			4
2024.11.29	00:05:00.080	0.58873				2
2024.11.29	00:05:24.631		0.58937			4
2024.11.29	00:05:55.474	0.58879	0.58933			6
2024.11.29	00:06:00.303	0.58879				2
2024.11.29	00:06:58.227		0.58933			4
2024.11.29	00:06:59.502		0.58924			4
2024.11.29	00:07:00.316	0.58879	0.58933			6
2024.11.29	00:07:22.047	0.58877				2
2024.11.29	00:07:23.170	0.58876				2
2024.11.29	00:07:37.059	0.58878				2
2024.11.29	00:07:39.351	0.58874				2
2024.11.29	00:08:01.899	0.58874	0.58933			6
2024.11.29	00:08:58.786	0.58873	0.58920			6
2024.11.29	00:09:00.062	0.58873				2
2024.11.29	00:09:00.372	0.58867	0.58908			6
2024.11.29	00:09:02.267	0.58864				2
2024.11.29	00:09:02.677		0.58909			4
2024.11.29	00:09:03.371	0.58862				2
2024.11.29	00:09:03.843	0.58864				2
2024.11.29	00:09:04.393	0.58862				2
2024.11.29	00:09:09.798	0.58859				2
2024.11.29	00:09:43.224	0.58855	0.58905			6
2024.11.29	00:09:45.850	0.58854				2
2024.11.29	00:09:51.957		0.58907			4
2024.11.29	00:10:00.310	0.58854				2
2024.11.29	00:10:07.609	0.58853				2
2024.11.29	00:10:09.858		0.58916			4
2024.11.29	00:10:10.341	0.58858	0.58917			6
2024.11.29	00:10:16.504		0.58920			4
2024.11.29	00:10:29.812	0.58864				2
2024.11.29	00:10:42.524	0.58857				2
2024.11.29	00:10:44.305	0.58866				2
2024.11.29	00:10:45.522	0.58861				2
2024.11.29	00:10:45.822		0.58924			4
2024.11.29	00:10:47.340	0.58864				2
2024.11.29	00:10:48.370		0.58927			4
2024.11.29	00:11:00.476	0.58864				2
2024.11.29	00:11:01.528		0.58921			4
2024.11.29	00:11:05.397		0.58927			4
2024.11.29	00:11:06.438		0.58921			4
2024.11.29	00:11:10.360		0.58927			4
2024.11.29	00:11:11.410		0.58921			4
2024.11.29	00:11:12.216		0.58920			4
2024.11.29	00:11:13.839	0.58861				2
2024.11.29	00:12:00.286	0.58861				2
2024.11.29	00:12:07.253		0.58919			4
2024.11.29	00:12:09.680		0.58916			4
2024.11.29	00:12:27.253	0.58858				2
2024.11.29	00:12:36.349		0.58920			4
2024.11.29	00:12:40.589		0.58919			4
2024.11.29	00:12:46.045	0.58859	0.58927			6
2024.11.29	00:12:46.651		0.58928			4
2024.11.29	00:12:47.866		0.58937			4
2024.11.29	00:12:48.748	0.58860	0.58935			6
2024.11.29	00:12:50.590	0.58861				2
2024.11.29	00:12:51.848	0.58862				2
2024.11.29	00:12:53.794	0.58863	0.58934			6
2024.11.29	00:12:55.901	0.58864	0.58933			6
2024.11.29	00:12:59.596		0.58932			4
2024.11.29	00:13:00.125	0.58864				2
2024.11.29	00:13:06.137		0.58931			4
2024.11.29	00:13:08.791	0.58869	0.58935			6
2024.11.29	00:13:09.847	0.58865				2
2024.11.29	00:13:10.931	0.58866				2
2024.11.29	00:13:27.347		0.58931			4
2024.11.29	00:13:31.305	0.58867	0.58930			6
2024.11.29	00:13:33.424		0.58931			4
2024.11.29	00:13:41.309	0.58868	0.58930			6
2024.11.29	00:13:51.611	0.58866				2
2024.11.29	00:13:53.429	0.58870	0.58932			6
2024.11.29	00:14:00.099	0.58870				2
2024.11.29	00:14:01.613		0.58931			4
2024.11.29	00:14:01.917		0.58932			4
2024.11.29	00:14:22.224	0.58869				2
2024.11.29	00:14:42.375		0.58933			4
2024.11.29	00:14:42.680	0.58870				2
2024.11.29	00:14:46.519		0.58932			4
2024.11.29	00:15:00.211	0.58870				2
2024.11.29	00:15:00.514		0.58933			4
2024.11.29	00:15:01.524		0.58932			4
2024.11.29	00:15:21.453		0.58933			4
2024.11.29	00:15:23.371		0.58932			4
2024.11.29	00:15:24.664		0.58933			4
2024.11.29	00:15:24.974		0.58932			4
2024.11.29	00:15:30.935		0.58933			4
2024.11.29	00:15:33.383	0.58869				2
2024.11.29	00:15:33.859		0.58932			4
2024.11.29	00:15:37.800		0.58933			4
2024.11.29	00:15:38.491		0.58932			4
2024.11.29	00:15:40.627	0.58867				2
2024.11.29	00:15:41.239	0.58868				2
2024.11.29	00:15:41.551		0.58933			4
2024.11.29	00:15:41.858	0.58869	0.58932			6
2024.11.29	00:15:43.671		0.58933			4
2024.11.29	00:15:44.995		0.58932			4
2024.11.29	00:15:52.945		0.58933			4
2024.11.29	00:15:53.420		0.58932			4
2024.11.29	00:15:53.753		0.58933			4
2024.11.29	00:15:56.120		0.58932			4
2024.11.29	00:15:57.026		0.58933			4
2024.11.29	00:15:57.683		0.58932			4
2024.11.29	00:15:58.289		0.58933			4
2024.11.29	00:16:00.138	0.58869				2
2024.11.29	00:16:07.976	0.58871	0.58931			6
2024.11.29	00:16:14.259		0.58934			4
2024.11.29	00:16:16.083	0.58870				2
2024.11.29	00:16:24.250		0.58933			4
2024.11.29	00:16:40.952		0.58932			4
2024.11.29	00:16:44.811		0.58931			4
2024.11.29	00:16:47.664		0.58932			4
2024.11.29	00:16:49.760		0.58931			4
2024.11.29	00:16:55.005		0.58932			4
2024.11.29	00:17:03.509	0.58870				2
2024.11.29	00:17:05.186		0.58930			4
2024.11.29	00:17:05.495		0.58932			4
2024.11.29	00:17:15.425		0.58931			4
2024.11.29	00:17:20.684		0.58932			4
2024.11.29	00:17:25.540		0.58930			4
2024.11.29	00:17:35.543		0.58931			4
2024.11.29	00:17:35.864		0.58932			4
2024.11.29	00:17:56.108	0.58868				2
2024.11.29	00:18:00.302	0.58868				2
2024.11.29	00:18:06.289	0.58869				2
2024.11.29	00:18:25.578		0.58933			4
2024.11.29	00:18:26.657		0.58932			4
2024.11.29	00:18:32.177	0.58867	0.58930			6
2024.11.29	00:18:36.911		0.58932			4
2024.11.29	00:18:41.791		0.58931			4
2024.11.29	00:18:47.149		0.58930			4
2024.11.29	00:18:50.661		0.58929			4
2024.11.29	00:18:53.494	0.58865				2
2024.11.29	00:18:54.036		0.58931			4
2024.11.29	00:18:56.083		0.58928			4
2024.11.29	00:18:57.231		0.58929			4
2024.11.29	00:19:01.771	0.58865				2
2024.11.29	00:19:07.420		0.58931			4
2024.11.29	00:19:09.755	0.58866	0.58932			6
2024.11.29	00:19:17.621	0.58865	0.58930			6
2024.11.29	00:19:20.512		0.58927			4
2024.11.29	00:19:27.881		0.58928			4
2024.11.29	00:19:33.965	0.58859	0.58910			6
2024.11.29	00:19:36.777	0.58856				2
2024.11.29	00:19:42.771	0.58855	0.58912			6
2024.11.29	00:19:48.132	0.58854	0.58910			6
2024.11.29	00:19:48.486	0.58855	0.58895			6
2024.11.29	00:19:54.128		0.58923			4
2024.11.29	00:20:00.192	0.58855				2
2024.11.29	00:20:08.499		0.58924			4
2024.11.29	00:20:13.480	0.58857				2
2024.11.29	00:20:16.729	0.58859	0.58926			6
2024.11.29	00:20:18.669		0.58924			4
2024.11.29	00:20:20.383	0.58858				2
2024.11.29	00:20:21.761	0.58859				2
2024.11.29	00:20:28.801	0.58858	0.58923			6
2024.11.29	00:20:32.440		0.58920			4
2024.11.29	00:20:33.952		0.58921			4
2024.11.29	00:20:39.696	0.58854	0.58923			6
2024.11.29	00:20:41.768	0.58855				2
2024.11.29	00:20:42.426	0.58850				2
2024.11.29	00:20:44.104	0.58851				2
2024.11.29	00:20:52.103	0.58853				2
2024.11.29	00:20:52.798	0.58852	0.58919			6
2024.11.29	00:20:54.009	0.58857				2
2024.11.29	00:20:54.328	0.58852				2
2024.11.29	00:20:59.197	0.58853				2
2024.11.29	00:20:59.501	0.58852				2
2024.11.29	00:20:59.802	0.58845				2
2024.11.29	00:21:00.111	0.58846				2
2024.11.29	00:21:04.083	0.58850				2
2024.11.29	00:21:14.434	0.58853				2
2024.11.29	00:21:44.140		0.58923			4
2024.11.29	00:21:47.057	0.58856				2
2024.11.29	00:21:52.428	0.58855				2
2024.11.29	00:21:54.797	0.58856				2
2024.11.29	00:21:59.051	0.58854				2
2024.11.29	00:22:00.217	0.58855	0.58921			6
2024.11.29	00:22:02.031	0.58856	0.58922			6
2024.11.29	00:22:05.056	0.58858				2
2024.11.29	00:22:05.962	0.58857	0.58919			6
2024.11.29	00:22:06.262		0.58923			4
2024.11.29	00:22:12.915		0.58919			4
2024.11.29	00:22:14.124	0.58856				2
2024.11.29	00:22:14.427	0.58857				2
2024.11.29	00:22:16.543	0.58853				2
2024.11.29	00:22:16.844	0.58857				2
2024.11.29	00:22:21.078	0.58856				2
2024.11.29	00:22:21.683	0.58857	0.58923			6
2024.11.29	00:22:27.426	0.58858				2
2024.11.29	00:22:30.449		0.58924			4
2024.11.29	00:22:31.033	0.58857	0.58920			6
2024.11.29	00:22:44.087	0.58858				2
2024.11.29	00:22:44.406	0.58857				2
2024.11.29	00:22:49.242	0.58854				2
2024.11.29	00:22:51.361	0.58856				2
2024.11.29	00:22:55.813	0.58858				2
2024.11.29	00:23:00.304	0.58858				2
2024.11.29	00:23:01.376	0.58854				2
2024.11.29	00:23:01.693	0.58852				2
2024.11.29	00:23:08.947	0.58853				2
2024.11.29	00:23:09.553	0.58855				2
2024.11.29	00:23:09.864	0.58852				2
2024.11.29	00:23:11.719	0.58853				2
2024.11.29	00:23:14.691	0.58854				2
2024.11.29	00:23:19.225	0.58855				2
2024.11.29	00:23:21.961	0.58852	0.58925			6
2024.11.29	00:23:22.298	0.58855	0.58921			6
2024.11.29	00:23:25.626	0.58853				2
2024.11.29	00:23:31.975	0.58854				2
2024.11.29	00:23:39.529	0.58855				2
2024.11.29	00:23:41.755	0.58856				2
2024.11.29	00:23:42.061	0.58854				2
2024.11.29	00:23:46.079	0.58855				2
2024.11.29	00:23:49.800	0.58857	0.58917			6
2024.11.29	00:23:51.957	0.58856	0.58921			6
2024.11.29	00:23:52.259	0.58854				2
2024.11.29	00:23:52.578	0.58855				2
2024.11.29	00:23:54.875	0.58850	0.58922			6
2024.11.29	00:23:55.182	0.58848				2
2024.11.29	00:23:56.262	0.58852				2
2024.11.29	00:23:56.567	0.58853				2
2024.11.29	00:23:58.024	0.58856				2
2024.11.29	00:24:01.026	0.58856				2
2024.11.29	00:24:06.358	0.58853				2
2024.11.29	00:24:16.259	0.58855	0.58921			6
2024.11.29	00:24:16.561	0.58857				2
2024.11.29	00:24:31.676		0.58920			4
2024.11.29	00:24:32.615	0.58852	0.58921			6
2024.11.29	00:24:33.730		0.58922			4
2024.11.29	00:24:35.221	0.58854				2
2024.11.29	00:24:35.563		0.58918			4
2024.11.29	00:24:37.121		0.58916			4
2024.11.29	00:24:39.840		0.58915			4
2024.11.29	00:25:00.306	0.58854				2
2024.11.29	00:25:03.751	0.58850				2
2024.11.29	00:25:13.947	0.58846				2
2024.11.29	00:25:30.946		0.58918			4
2024.11.29	00:25:37.259		0.58914			4
2024.11.29	00:25:39.849		0.58913			4
2024.11.29	00:26:02.527	0.58846				2
2024.11.29	00:26:03.761	0.58840	0.58914			6
2024.11.29	00:26:04.074	0.58843				2
2024.11.29	00:26:04.895	0.58842	0.58915			6
2024.11.29	00:26:05.707	0.58840				2
2024.11.29	00:26:06.015	0.58842				2
2024.11.29	00:26:06.340	0.58840				2
2024.11.29	00:26:09.795	0.58842				2
2024.11.29	00:26:10.160	0.58838				2
2024.11.29	00:26:19.247	0.58841				2
2024.11.29	00:26:23.378		0.58914			4
2024.11.29	00:26:31.543	0.58843	0.58913			6
2024.11.29	00:26:31.847	0.58849	0.58915			6
2024.11.29	00:26:36.385	0.58847	0.58913			6
2024.11.29	00:26:39.713	0.58846	0.58912			6
2024.11.29	00:26:56.046	0.58847	0.58913			6
2024.11.29	00:26:58.767	0.58848	0.58914			6
2024.11.29	00:26:59.068	0.58849	0.58915			6
2024.11.29	00:27:00.279	0.58849				2
2024.11.29	00:27:00.882	0.58847	0.58913			6
2024.11.29	00:27:06.024	0.58846	0.58912			6
2024.11.29	00:27:08.144	0.58847	0.58913			6
2024.11.29	00:27:20.544	0.58848				2
2024.11.29	00:27:49.274	0.58847	0.58914			6
2024.11.29	00:27:56.835	0.58841	0.58912			6
2024.11.29	00:27:59.003	0.58846	0.58914			6
2024.11.29	00:27:59.306	0.58841	0.58913			6
2024.11.29	00:27:59.608	0.58848				2
2024.11.29	00:27:59.910		0.58914			4
2024.11.29	00:28:00.213	0.58847				2
2024.11.29	00:28:00.514	0.58845	0.58913			6
2024.11.29	00:28:00.816	0.58849	0.58914			6
2024.11.29	00:28:01.423	0.58840				2
2024.11.29	00:28:01.725	0.58844	0.58913			6
2024.11.29	00:28:02.633	0.58841	0.58914			6
2024.11.29	00:28:04.750	0.58845				2
2024.11.29	00:28:05.067	0.58841				2
2024.11.29	00:28:05.376	0.58848				2
2024.11.29	00:28:05.681		0.58913			4
2024.11.29	00:28:10.850	0.58840				2
2024.11.29	00:28:11.241	0.58841				2
2024.11.29	00:28:22.195	0.58842				2
2024.11.29	00:28:23.093	0.58841				2
2024.11.29	00:28:24.692	0.58842				2
2024.11.29	00:28:24.999	0.58841				2
2024.11.29	00:28:46.272		0.58914			4
2024.11.29	00:29:00.437	0.58841				2
2024.11.29	00:29:03.928		0.58913			4
2024.11.29	00:29:06.952		0.58914			4
2024.11.29	00:29:15.321		0.58913			4
2024.11.29	00:29:55.249	0.58848	0.58914			6
2024.11.29	00:29:56.155	0.58847	0.58913			6
2024.11.29	00:30:00.086	0.58847				2
2024.11.29	00:30:00.392	0.58850				2
2024.11.29	00:30:00.694		0.58915			4
2024.11.29	00:30:05.229		0.58914			4
2024.11.29	00:30:06.135		0.58915			4
2024.11.29	00:30:08.253	0.58851				2
2024.11.29	00:30:17.377	0.58852				2
2024.11.29	00:30:23.426		0.58917			4
2024.11.29	00:30:25.543	0.58851				2
2024.11.29	00:30:29.472	0.58852				2
2024.11.29	00:30:33.709	0.58853				2
2024.11.29	00:30:57.046		0.58914			4
2024.11.29	00:31:00.072	0.58853				2
2024.11.29	00:31:01.281	0.58852				2
2024.11.29	00:31:14.589	0.58853				2
2024.11.29	00:31:17.311		0.58917			4
2024.11.29	00:31:20.637		0.58915			4
2024.11.29	00:31:22.751		0.58917			4
2024.11.29	00:31:23.661	0.58852				2
2024.11.29	00:31:24.870		0.58915			4
2024.11.29	00:31:35.846	0.58857				2
2024.11.29	00:32:00.002	0.58858	0.58917			6
2024.11.29	00:32:14.668	0.58859				2
2024.11.29	00:32:18.258		0.58918			4
2024.11.29	00:32:18.601	0.58857	0.58916			6
2024.11.29	00:32:18.905	0.58861	0.58918			6
2024.11.29	00:32:19.333	0.58860	0.58917			6
2024.11.29	00:32:24.865	0.58861				2
2024.11.29	00:32:49.525	0.58857	0.58915			6
2024.11.29	00:33:00.871	0.58857				2
2024.11.29	00:33:10.117	0.58859				2
2024.11.29	00:33:14.758		0.58914			4
2024.11.29	00:33:16.919	0.58860				2
2024.11.29	00:33:29.250		0.58915			4
2024.11.29	00:33:36.357		0.58912			4
2024.11.29	00:33:36.662	0.58865	0.58915			6
2024.11.29	00:33:38.226	0.58860	0.58912			6
2024.11.29	00:33:38.547	0.58865	0.58915			6
2024.11.29	00:33:39.484	0.58860	0.58912			6
2024.11.29	00:33:39.813	0.58865	0.58915			6
2024.11.29	00:33:40.249	0.58860				2
2024.11.29	00:33:46.918		0.58917			4
2024.11.29	00:34:00.739	0.58860				2
2024.11.29	00:34:01.174		0.58916			4
2024.11.29	00:34:02.184	0.58857				2
2024.11.29	00:34:02.980	0.58861				2
2024.11.29	00:34:46.410	0.58859				2
2024.11.29	00:34:50.907	0.58860				2
2024.11.29	00:35:00.315	0.58860				2
2024.11.29	00:35:00.883	0.58861				2
2024.11.29	00:35:01.193		0.58917			4
2024.11.29	00:35:01.571	0.58862				2
2024.11.29	00:35:02.256		0.58920			4
2024.11.29	00:35:20.251	0.58863				2
2024.11.29	00:35:36.005	0.58865				2
2024.11.29	00:35:52.465	0.58866	0.58919			6
2024.11.29	00:35:53.068	0.58865				2
2024.11.29	00:35:55.171	0.58866				2
2024.11.29	00:35:58.949	0.58865				2
2024.11.29	00:36:01.818	0.58866				2
2024.11.29	00:36:04.363	0.58865				2
2024.11.29	00:36:07.939	0.58866				2
2024.11.29	00:36:11.337	0.58864				2
2024.11.29	00:36:26.509		0.58918			4
2024.11.29	00:36:41.506		0.58919			4
2024.11.29	00:36:54.431	0.58865				2
2024.11.29	00:36:58.628	0.58864				2
2024.11.29	00:37:00.389	0.58864				2
2024.11.29	00:37:02.018	0.58865	0.58920			6
2024.11.29	00:37:04.194	0.58866	0.58919			6
2024.11.29	00:37:07.343	0.58865				2
2024.11.29	00:37:14.306	0.58864				2
2024.11.29	00:37:14.894	0.58865				2
2024.11.29	00:37:28.534	0.58867	0.58920			6
2024.11.29	00:37:30.565	0.58865	0.58919			6
2024.11.29	00:37:33.997	0.58864	0.58918			6
2024.11.29	00:37:35.350	0.58866	0.58920			6
2024.11.29	00:37:38.535	0.58865	0.58918			6
2024.11.29	00:37:48.277	0.58867	0.58919			6
2024.11.29	00:37:48.581		0.58920			4
2024.11.29	00:37:49.482		0.58918			4
2024.11.29	00:37:53.061		0.58919			4
2024.11.29	00:37:59.973		0.58918			4
2024.11.29	00:38:08.417	0.58867	0.58921			6
2024.11.29	00:38:08.735	0.58873	0.58919			6
2024.11.29	00:38:09.796		0.58920			4
2024.11.29	00:38:10.666		0.58919			4
2024.11.29	00:38:22.672	0.58867				2
2024.11.29	00:38:28.144		0.58921			4
2024.11.29	00:38:28.471		0.58919			4
2024.11.29	00:38:33.869		0.58918			4
2024.11.29	00:38:36.877		0.58919			4
2024.11.29	00:38:39.062		0.58918			4
2024.11.29	00:38:41.698		0.58917			4
2024.11.29	00:38:42.054		0.58918			4
2024.11.29	00:38:43.084		0.58917			4
2024.11.29	00:38:44.442	0.58864				2
2024.11.29	00:38:44.763	0.58862	0.58916			6
2024.11.29	00:38:45.065	0.58865	0.58918			6
2024.11.29	00:38:51.429	0.58866				2
2024.11.29	00:38:55.318	0.58863	0.58917			6
2024.11.29	00:39:01.765	0.58864				2
2024.11.29	00:39:05.362	0.58863				2
2024.11.29	00:39:08.516		0.58918			4
2024.11.29	00:39:08.825		0.58916			4
2024.11.29	00:39:25.204	0.58859	0.58909			6
2024.11.29	00:39:26.968	0.58858				2
2024.11.29	00:39:28.009	0.58857				2
2024.11.29	00:40:00.557	0.58857				2
2024.11.29	00:40:04.765	0.58856				2
2024.11.29	00:40:25.208		0.58909			4
2024.11.29	00:41:00.304	0.58856				2
2024.11.29	00:41:00.736	0.58857				2
2024.11.29	00:41:01.269	0.58856				2
2024.11.29	00:41:25.096	0.58857				2
2024.11.29	00:41:28.816		0.58909			4
2024.11.29	00:41:41.773	0.58856				2
2024.11.29	00:41:45.584	0.58855				2
2024.11.29	00:42:01.082	0.58856				2
2024.11.29	00:42:05.799	0.58857				2
2024.11.29	00:42:08.066	0.58856				2
2024.11.29	00:42:11.719	0.58858				2
2024.11.29	00:42:12.251	0.58857				2
2024.11.29	00:42:15.914	0.58856				2
2024.11.29	00:42:17.807	0.58857				2
2024.11.29	00:42:20.160	0.58858				2
2024.11.29	00:42:23.068	0.58857				2
2024.11.29	00:42:25.172	0.58858				2
2024.11.29	00:42:29.944		0.58909			4
2024.11.29	00:42:37.124	0.58857				2
2024.11.29	00:42:49.756	0.58858				2
2024.11.29	00:42:50.402	0.58857				2
2024.11.29	00:42:51.079	0.58858				2
2024.11.29	00:42:54.531	0.58859				2
2024.11.29	00:42:58.775	0.58860				2
2024.11.29	00:43:00.197	0.58859				2
2024.11.29	00:43:03.464	0.58861				2
2024.11.29	00:43:04.013	0.58859				2
2024.11.29	00:43:04.668	0.58860				2
2024.11.29	00:43:08.785	0.58863	0.58913			6
2024.11.29	00:43:11.028	0.58864	0.58914			6
2024.11.29	00:43:11.990	0.58865				2
2024.11.29	00:43:15.535	0.58864				2
2024.11.29	00:43:16.307	0.58865				2
2024.11.29	00:43:17.819	0.58864				2
2024.11.29	00:43:18.262	0.58865				2
2024.11.29	00:43:25.184		0.58915			4
2024.11.29	00:43:25.929	0.58866				2
2024.11.29	00:43:26.232	0.58864	0.58917			6
2024.11.29	00:43:32.423	0.58865				2
2024.11.29	00:43:45.724	0.58864				2
2024.11.29	00:43:50.813	0.58865				2
2024.11.29	00:43:52.190	0.58864				2
2024.11.29	00:44:02.538	0.58864				2
2024.11.29	00:44:08.904		0.58915			4
2024.11.29	00:44:12.391	0.58865				2
2024.11.29	00:44:18.429	0.58864				2
2024.11.29	00:44:24.427	0.58865				2
2024.11.29	00:44:25.175		0.58914			4
2024.11.29	00:44:27.418		0.58916			4
2024.11.29	00:44:27.725	0.58864				2
2024.11.29	00:44:28.045	0.58865				2
2024.11.29	00:44:29.962	0.58866				2
2024.11.29	00:44:30.433	0.58865				2
2024.11.29	00:44:41.517		0.58917			4
2024.11.29	00:44:43.187	0.58866				2
2024.11.29	00:44:45.204	0.58865	0.58918			6
2024.11.29	00:44:45.831	0.58866				2
2024.11.29	00:44:47.304	0.58865				2
2024.11.29	00:45:00.430	0.58865				2
2024.11.29	00:45:02.128	0.58863				2
2024.11.29	00:45:04.048	0.58865				2
2024.11.29	00:45:05.185	0.58866	0.58920			6
2024.11.29	00:45:07.941	0.58880	0.58906			6
2024.11.29	00:45:08.786	0.58878	0.58905			6
2024.11.29	00:45:09.103	0.58879	0.58906			6
2024.11.29	00:45:09.428	0.58878	0.58905			6
2024.11.29	00:45:10.777	0.58879	0.58906			6
2024.11.29	00:45:16.206	0.58880				2
2024.11.29	00:45:16.855	0.58881	0.58908			6
2024.11.29	00:45:21.282	0.58880	0.58907			6
2024.11.29	00:45:32.468	0.58881	0.58908			6
2024.11.29	00:45:51.341	0.58882	0.58909			6
2024.11.29	00:45:51.643	0.58881	0.58908			6
2024.11.29	00:45:52.560	0.58883				2
2024.11.29	00:45:52.901	0.58881	0.58906			6
2024.11.29	00:45:53.216	0.58882				2
2024.11.29	00:45:53.529	0.58881				2
2024.11.29	00:45:54.394	0.58879				2
2024.11.29	00:45:54.714		0.58907			4
2024.11.29	00:45:55.016	0.58881	0.58908			6
2024.11.29	00:45:55.325	0.58880				2
2024.11.29	00:45:55.667	0.58878	0.58906			6
2024.11.29	00:45:55.970	0.58882				2
2024.11.29	00:45:56.276	0.58879				2
2024.11.29	00:45:56.684	0.58880				2
2024.11.29	00:46:01.797	0.58880	0.58908			6
2024.11.29	00:46:06.428	0.58881	0.58909			6
2024.11.29	00:46:08.476	0.58886	0.58912			6
2024.11.29	00:46:08.783	0.58881	0.58909			6
2024.11.29	00:46:10.194	0.58882	0.58910			6
2024.11.29	00:46:11.248	0.58883				2
2024.11.29	00:46:14.534	0.58882				2
2024.11.29	00:46:17.428	0.58883				2
2024.11.29	00:46:18.039	0.58884	0.58911			6
2024.11.29	00:46:20.306	0.58883				2
2024.11.29	00:46:20.634	0.58882	0.58910			6
2024.11.29	00:46:24.120	0.58885	0.58913			6
2024.11.29	00:46:24.424	0.58883	0.58910			6
2024.11.29	00:46:27.674	0.58886	0.58913			6
2024.11.29	00:46:27.983	0.58882	0.58910			6
2024.11.29	00:46:33.428		0.58909			4
2024.11.29	00:46:34.458	0.58883	0.58910			6
2024.11.29	00:46:37.339	0.58882	0.58909			6
2024.11.29	00:46:39.861	0.58883				2
2024.11.29	00:46:40.506	0.58884	0.58911			6
2024.11.29	00:46:41.824	0.58885	0.58912			6
2024.11.29	00:46:44.182	0.58884	0.58911			6
2024.11.29	00:46:45.060	0.58885				2
2024.11.29	00:46:45.428	0.58884				2
2024.11.29	00:46:45.748		0.58910			4
2024.11.29	00:46:46.459	0.58885	0.58911			6
2024.11.29	00:46:50.428	0.58886				2
2024.11.29	00:46:52.529		0.58910			4
2024.11.29	00:46:54.800		0.58911			4
2024.11.29	00:46:57.461		0.58910			4
2024.11.29	00:46:59.018	0.58887	0.58912			6
2024.11.29	00:47:01.315	0.58888				2
2024.11.29	00:47:02.105	0.58879	0.58916			6
2024.11.29	00:47:03.926	0.58889	0.58912			6
2024.11.29	00:47:20.481	0.58890	0.58913			6
2024.11.29	00:47:29.677	0.58889				2
2024.11.29	00:47:30.909	0.58891				2
2024.11.29	00:47:39.855	0.58890				2
2024.11.29	00:47:40.165		0.58912			4
2024.11.29	00:47:40.736	0.58891				2
2024.11.29	00:47:41.042		0.58913			4
2024.11.29	00:47:42.683		0.58914			4
2024.11.29	00:47:43.489		0.58915			4
2024.11.29	00:47:47.232	0.58892	0.58914			6
2024.11.29	00:47:50.053	0.58893	0.58915			6
2024.11.29	00:47:54.341		0.58916			4
2024.11.29	00:47:55.563		0.58914			4
2024.11.29	00:47:55.936	0.58892				2
2024.11.29	00:48:00.532	0.58892				2
2024.11.29	00:48:01.612	0.58893	0.58915			6
2024.11.29	00:48:02.637	0.58892	0.58914			6
2024.11.29	00:48:03.411		0.58913			4
2024.11.29	00:48:05.528		0.58914			4
2024.11.29	00:48:07.746	0.58893				2
2024.11.29	00:48:08.660	0.58892				2
2024.11.29	00:48:15.061		0.58913			4
2024.11.29	00:48:26.300	0.58893	0.58914			6
2024.11.29	00:48:26.992	0.58892				2
2024.11.29	00:48:29.673		0.58913			4
2024.11.29	00:48:38.227	0.58891	0.58912			6
2024.11.29	00:48:42.427	0.58892				2
2024.11.29	00:48:51.201		0.58913			4
2024.11.29	00:48:51.805	0.58893				2
2024.11.29	00:48:52.123	0.58892	0.58912			6
2024.11.29	00:48:52.424	0.58893				2
2024.11.29	00:48:52.726	0.58892				2
2024.11.29	00:48:53.044	0.58893	0.58913			6
2024.11.29	00:48:53.361	0.58892	0.58912			6
2024.11.29	00:48:53.667	0.58893	0.58913			6
2024.11.29	00:48:54.124	0.58892	0.58912			6
2024.11.29	00:48:58.652	0.58894	0.58914			6
2024.11.29	00:48:58.985		0.58913			4
2024.11.29	00:49:00.051	0.58894				2
2024.11.29	00:49:02.160	0.58896	0.58917			6
2024.11.29	00:49:13.323	0.58897				2
2024.11.29	00:49:13.697		0.58918			4
2024.11.29	00:49:14.871	0.58896	0.58917			6
2024.11.29	00:49:20.654	0.58887	0.58900			6
2024.11.29	00:49:21.022	0.58886				2
2024.11.29	00:49:21.662	0.58887				2
2024.11.29	00:49:22.353	0.58888				2
2024.11.29	00:49:23.656	0.58887				2
2024.11.29	00:49:24.130	0.58897	0.58918			6
2024.11.29	00:49:24.445		0.58919			4
2024.11.29	00:49:25.161	0.58896	0.58917			6
2024.11.29	00:49:25.467	0.58897	0.58919			6
2024.11.29	00:49:27.928	0.58898				2
2024.11.29	00:49:28.395	0.58899	0.58920			6
2024.11.29	00:49:33.201	0.58898				2
2024.11.29	00:49:42.086	0.58896	0.58918			6
2024.11.29	00:49:42.543	0.58899	0.58921			6
2024.11.29	00:49:44.828		0.58920			4
2024.11.29	00:49:46.769	0.58898	0.58919			6
2024.11.29	00:49:47.136		0.58920			4
2024.11.29	00:49:49.550	0.58910	0.58936			6
2024.11.29	00:49:49.893	0.58908	0.58935			6
2024.11.29	00:49:50.363	0.58909	0.58934			6
2024.11.29	00:49:53.982	0.58910	0.58936			6
2024.11.29	00:49:55.147		0.58937			4
2024.11.29	00:49:59.562		0.58935			4
2024.11.29	00:49:59.880		0.58936			4
2024.11.29	00:50:00.370	0.58910				2
2024.11.29	00:50:02.702	0.58917	0.58940			6
2024.11.29	00:50:03.052	0.58916	0.58945			6
2024.11.29	00:50:03.403		0.58944			4
2024.11.29	00:50:20.799	0.58915	0.58945			6
2024.11.29	00:50:23.320	0.58914	0.58943			6
2024.11.29	00:50:29.092	0.58915	0.58942			6
2024.11.29	00:50:38.363	0.58914	0.58941			6
2024.11.29	00:50:44.820	0.58913				2
2024.11.29	00:50:50.361	0.58914	0.58942			6
2024.11.29	00:50:51.881		0.58944			4
2024.11.29	00:50:52.625	0.58915	0.58946			6
2024.11.29	00:50:52.925		0.58945			4
2024.11.29	00:50:58.227	0.58914	0.58944			6
2024.11.29	00:50:59.217	0.58918	0.58948			6
2024.11.29	00:50:59.526	0.58923	0.58949			6
2024.11.29	00:51:00.083	0.58923				2
2024.11.29	00:51:07.075		0.58948			4
2024.11.29	00:51:09.665		0.58949			4
2024.11.29	00:51:11.612	0.58920	0.58947			6
2024.11.29	00:51:11.922		0.58948			4
2024.11.29	00:51:26.913	0.58919				2
2024.11.29	00:51:36.454		0.58947			4
2024.11.29	00:51:42.429	0.58920	0.58948			6
2024.11.29	00:51:43.433	0.58908	0.58923			6
2024.11.29	00:51:43.741	0.58896				2
2024.11.29	00:51:44.082		0.58922			4
2024.11.29	00:51:47.312	0.58888	0.58929			6
2024.11.29	00:51:47.613	0.58890	0.58927			6
2024.11.29	00:51:48.824		0.58930			4
2024.11.29	00:51:49.126	0.58889	0.58928			6
2024.11.29	00:51:49.731		0.58926			4
2024.11.29	00:51:50.032	0.58892	0.58927			6
2024.11.29	00:51:50.336	0.58893	0.58929			6
2024.11.29	00:51:51.244	0.58894	0.58928			6
2024.11.29	00:51:53.662	0.58892	0.58927			6
2024.11.29	00:51:54.283	0.58891				2
2024.11.29	00:51:54.592	0.58894	0.58928			6
2024.11.29	00:51:56.737		0.58927			4
2024.11.29	00:51:57.947	0.58893	0.58929			6
2024.11.29	00:51:58.316		0.58928			4
2024.11.29	00:51:59.257	0.58891	0.58926			6
2024.11.29	00:51:59.672	0.58892	0.58927			6
2024.11.29	00:52:00.012	0.58892				2
2024.11.29	00:52:00.316		0.58925			4
2024.11.29	00:52:00.619	0.58894	0.58927			6
2024.11.29	00:52:00.921		0.58926			4
2024.11.29	00:52:01.230		0.58928			4
2024.11.29	00:52:02.183		0.58927			4
2024.11.29	00:52:02.484	0.58895	0.58926			6
2024.11.29	00:52:03.527	0.58893				2
2024.11.29	00:52:03.842	0.58892	0.58925			6
2024.11.29	00:52:04.147	0.58890	0.58923			6
2024.11.29	00:52:06.566		0.58922			4
2024.11.29	00:52:06.868	0.58891	0.58924			6
2024.11.29	00:52:08.985	0.58892	0.58925			6
2024.11.29	00:52:11.706	0.58893				2
2024.11.29	00:52:12.008	0.58891	0.58924			6
2024.11.29	00:52:13.825	0.58890	0.58921			6
2024.11.29	00:52:14.749		0.58922			4
2024.11.29	00:52:15.253	0.58888	0.58919			6
2024.11.29	00:52:17.101	0.58886	0.58918			6
2024.11.29	00:52:26.648	0.58885	0.58916			6
2024.11.29	00:52:27.891	0.58883	0.58915			6
2024.11.29	00:52:30.394	0.58882	0.58914			6
2024.11.29	00:52:30.707		0.58916			4
2024.11.29	00:52:31.204	0.58890	0.58915			6
2024.11.29	00:52:36.593		0.58918			4
2024.11.29	00:52:39.105		0.58919			4
2024.11.29	00:53:02.246	0.58890				2
2024.11.29	00:53:06.430		0.58918			4
2024.11.29	00:53:25.513		0.58905			4
2024.11.29	00:53:51.118		0.58904			4
2024.11.29	00:53:51.442		0.58905			4
2024.11.29	00:54:00.322	0.58890				2
2024.11.29	00:54:32.236	0.58884				2
2024.11.29	00:54:39.125		0.58904			4
2024.11.29	00:54:40.056		0.58903			4
2024.11.29	00:54:48.431	0.58885				2
2024.11.29	00:54:53.621	0.58884				2
2024.11.29	00:54:57.747	0.58883				2
2024.11.29	00:54:58.158	0.58884				2
2024.11.29	00:54:58.804	0.58883				2
2024.11.29	00:54:59.471	0.58885				2
2024.11.29	00:55:00.305	0.58885				2
2024.11.29	00:55:00.937	0.58883				2
2024.11.29	00:55:25.527	0.58879				2
2024.11.29	00:55:40.080		0.58904			4
2024.11.29	00:55:55.624		0.58903			4
2024.11.29	00:56:00.427	0.58879	0.58904			6
2024.11.29	00:56:01.435		0.58903			4
2024.11.29	00:56:03.606		0.58902			4
2024.11.29	00:56:12.555		0.58901			4
2024.11.29	00:56:15.191	0.58887	0.58897			6
2024.11.29	00:56:16.019		0.58896			4
2024.11.29	00:56:16.688		0.58897			4
2024.11.29	00:56:18.039		0.58895			4
2024.11.29	00:56:19.612		0.58896			4
2024.11.29	00:56:23.246		0.58895			4
2024.11.29	00:56:25.625		0.58898			4
2024.11.29	00:56:26.806		0.58895			4
2024.11.29	00:56:35.043		0.58896			4
2024.11.29	00:56:37.730		0.58895			4
2024.11.29	00:56:43.119		0.58897			4
2024.11.29	00:56:43.723		0.58895			4
2024.11.29	00:56:48.720		0.58896			4
2024.11.29	00:56:50.564		0.58895			4
2024.11.29	00:56:57.595	0.58886				2
2024.11.29	00:57:01.147	0.58886				2
2024.11.29	00:57:04.029		0.58896			4
2024.11.29	00:57:14.429		0.58898			4
2024.11.29	00:57:17.688		0.58896			4
2024.11.29	00:57:25.621		0.58897			4
2024.11.29	00:57:25.952		0.58896			4
2024.11.29	00:57:26.325		0.58898			4
2024.11.29	00:57:30.168		0.58899			4
2024.11.29	00:57:30.650		0.58898			4
2024.11.29	00:57:31.643	0.58881	0.58890			6
2024.11.29	00:58:00.790	0.58881				2
2024.11.29	00:58:08.942	0.58866	0.58877			6
2024.11.29	00:58:09.242	0.58864	0.58878			6
2024.11.29	00:58:20.002		0.58879			4
2024.11.29	00:58:25.221	0.58860	0.58874			6
2024.11.29	00:58:28.632		0.58875			4
2024.11.29	00:58:29.123		0.58874			4
2024.11.29	00:58:35.926	0.58868	0.58879			6
2024.11.29	00:58:48.030		0.58878			4
2024.11.29	00:58:50.876	0.58870	0.58883			6
2024.11.29	00:59:01.748	0.58870				2
2024.11.29	00:59:02.374		0.58885			4
2024.11.29	00:59:04.333	0.58858	0.58870			6
2024.11.29	00:59:04.646	0.58871	0.58885			6
2024.11.29	00:59:06.649	0.58869	0.58880			6
2024.11.29	00:59:16.519	0.58864	0.58875			6
2024.11.29	00:59:16.828		0.58877			4
2024.11.29	00:59:17.142		0.58876			4
2024.11.29	00:59:17.454		0.58877			4
2024.11.29	00:59:18.388		0.58878			4
2024.11.29	00:59:19.991		0.58879			4
2024.11.29	00:59:20.706		0.58877			4
2024.11.29	00:59:25.305		0.58878			4
2024.11.29	00:59:25.652		0.58877			4
2024.11.29	00:59:27.023		0.58880			4
2024.11.29	00:59:27.338		0.58878			4
2024.11.29	00:59:27.822		0.58880			4
2024.11.29	00:59:28.146		0.58877			4
2024.11.29	00:59:29.003		0.58880			4
2024.11.29	00:59:29.323		0.58878			4
2024.11.29	00:59:29.648		0.58880			4
2024.11.29	00:59:30.284		0.58877			4
2024.11.29	00:59:35.548	0.58869	0.58880			6
2024.11.29	01:00:00.319	0.58875				2
2024.11.29	01:00:01.929	0.58877	0.58885			6
2024.11.29	01:00:02.236	0.58875				2
2024.11.29	01:00:02.884	0.58876	0.58886			6
2024.11.29	01:00:04.094	0.58878	0.58888			6
2024.11.29	01:00:04.400		0.58885			4
2024.11.29	01:00:08.384	0.58879				2
2024.11.29	01:00:09.040	0.58890	0.58895			6
2024.11.29	01:00:10.319		0.58897			4
2024.11.29	01:00:11.448	0.58893	0.58900			6
2024.11.29	01:00:11.754	0.58889	0.58899			6
2024.11.29	01:00:13.280	0.58890	0.58900			6
2024.11.29	01:00:15.398		0.58899			4
2024.11.29	01:00:16.613		0.58898			4
2024.11.29	01:00:16.913	0.58889				2
2024.11.29	01:00:19.339	0.58890				2
2024.11.29	01:00:23.279		0.58897			4
2024.11.29	01:00:26.609	0.58891	0.58898			6
2024.11.29	01:00:26.913	0.58890	0.58897			6
2024.11.29	01:00:31.454	0.58889	0.58896			6
2024.11.29	01:00:33.874	0.58890	0.58897			6
2024.11.29	01:00:40.237	0.58892	0.58895			6
2024.11.29	01:00:52.351		0.58896			4
2024.11.29	01:01:00.216	0.58892				2
2024.11.29	01:01:02.632	0.58886	0.58889			6
2024.11.29	01:01:03.237		0.58890			4
2024.11.29	01:01:04.145	0.58885				2
2024.11.29	01:01:04.450	0.58879	0.58883			6
2024.11.29	01:01:04.817	0.58882				2
2024.11.29	01:01:05.454	0.58879				2
2024.11.29	01:01:06.361	0.58880	0.58884			6
2024.11.29	01:01:06.665	0.58879				2
2024.11.29	01:01:07.270	0.58880				2
2024.11.29	01:01:07.875	0.58877	0.58882			6
2024.11.29	01:01:18.509	0.58879				2
2024.11.29	01:01:19.166		0.58884			4
2024.11.29	01:01:25.867	0.58880	0.58885			6
2024.11.29	01:01:26.171	0.58881				2
2024.11.29	01:01:34.337		0.58884			4
2024.11.29	01:02:00.096	0.58881				2
2024.11.29	01:02:13.401		0.58885			4
2024.11.29	01:03:00.134	0.58881				2
2024.11.29	01:03:05.272	0.58880				2
2024.11.29	01:03:13.439		0.58885			4
2024.11.29	01:03:46.810		0.58884			4
2024.11.29	01:03:48.022		0.58885			4
2024.11.29	01:04:00.119	0.58880				2
2024.11.29	01:04:34.698		0.58884			4
2024.11.29	01:04:35.001	0.58879				2
2024.11.29	01:04:56.174	0.58880	0.58885			6
2024.11.29	01:04:57.081	0.58879	0.58884			6
2024.11.29	01:04:57.384		0.58885			4
2024.11.29	01:04:57.989	0.58880				2
2024.11.29	01:05:00.394	0.58869	0.58874			6
2024.11.29	01:05:01.013		0.58875			4
2024.11.29	01:05:01.411		0.58873			4
2024.11.29	01:05:07.897		0.58874			4
2024.11.29	01:05:09.797		0.58873			4
2024.11.29	01:05:12.297	0.58868	0.58874			6
2024.11.29	01:05:13.517	0.58870	0.58876			6
2024.11.29	01:05:13.819	0.58868	0.58874			6
2024.11.29	01:05:14.121		0.58873			4
2024.11.29	01:05:23.296	0.58869				2
2024.11.29	01:05:27.830	0.58871	0.58874			6
2024.11.29	01:05:28.132	0.58870				2
2024.11.29	01:05:28.737		0.58873			4
2024.11.29	01:05:29.039		0.58874			4
2024.11.29	01:05:33.275	0.58871				2
2024.11.29	01:06:00.194	0.58871				2
2024.11.29	01:06:03.221		0.58873			4
2024.11.29	01:06:16.224	0.58867	0.58870			6
2024.11.29	01:06:16.535	0.58866	0.58869			6
2024.11.29	01:06:18.391	0.58865	0.58870			6
2024.11.29	01:06:20.512	0.58868	0.58872			6
2024.11.29	01:06:34.168	0.58869				2
2024.11.29	01:07:00.240	0.58869				2
2024.11.29	01:07:00.847	0.58870	0.58873			6
2024.11.29	01:07:10.221	0.58869	0.58872			6
2024.11.29	01:07:11.130		0.58873			4
2024.11.29	01:07:15.367		0.58872			4
2024.11.29	01:07:49.239		0.58873			4
2024.11.29	01:07:50.147	0.58868				2
2024.11.29	01:07:54.384	0.58869				2
2024.11.29	01:08:00.129	0.58869				2
2024.11.29	01:08:19.186	0.58873	0.58875			6
2024.11.29	01:08:19.488	0.58872				2
2024.11.29	01:08:20.396	0.58871				2
2024.11.29	01:08:24.324	0.58872				2
2024.11.29	01:08:24.934	0.58875	0.58879			6
2024.11.29	01:08:25.285	0.58874				2
2024.11.29	01:08:25.587	0.58873				2
2024.11.29	01:08:25.889		0.58878			4
2024.11.29	01:08:26.192	0.58877	0.58882			6
2024.11.29	01:08:27.400		0.58883			4
2024.11.29	01:08:35.264		0.58882			4
2024.11.29	01:08:43.132	0.58878				2
2024.11.29	01:08:47.367		0.58881			4
2024.11.29	01:08:50.087	0.58879	0.58882			6
2024.11.29	01:08:51.297	0.58878	0.58883			6
2024.11.29	01:08:53.414	0.58879				2
2024.11.29	01:08:53.716	0.58880	0.58884			6
2024.11.29	01:09:00.065	0.58880				2
2024.11.29	01:09:02.187		0.58883			4
2024.11.29	01:09:06.421	0.58881	0.58884			6
2024.11.29	01:09:07.329		0.58885			4
2024.11.29	01:09:08.234		0.58884			4
2024.11.29	01:09:09.141		0.58885			4
2024.11.29	01:09:12.164		0.58884			4
2024.11.29	01:09:12.771	0.58883	0.58886			6
2024.11.29	01:09:13.375	0.58882	0.58887			6
2024.11.29	01:09:13.677	0.58886	0.58890			6
2024.11.29	01:09:13.979	0.58885				2
2024.11.29	01:09:27.288	0.58886				2
2024.11.29	01:09:29.106	0.58885	0.58889			6
2024.11.29	01:09:30.315	0.58884				2
2024.11.29	01:09:33.339	0.58885				2
2024.11.29	01:09:36.366		0.58888			4
2024.11.29	01:09:39.093	0.58886	0.58889			6
2024.11.29	01:09:40.348	0.58885	0.58890			6
2024.11.29	01:09:41.256	0.58886				2
2024.11.29	01:09:43.372		0.58889			4
2024.11.29	01:09:46.700	0.58885	0.58888			6
2024.11.29	01:09:50.327	0.58886				2
2024.11.29	01:09:53.402	0.58885				2
2024.11.29	01:09:55.217	0.58886				2
2024.11.29	01:09:56.731	0.58889	0.58890			6
2024.11.29	01:09:57.336	0.58887				2
2024.11.29	01:10:00.109	0.58887				2
2024.11.29	01:10:01.620	0.58886				2
2024.11.29	01:10:07.065	0.58887				2
2024.11.29	01:10:11.299	0.58888				2
2024.11.29	01:10:15.228	0.58889				2
2024.11.29	01:10:21.584	0.58888				2
2024.11.29	01:10:28.845	0.58890	0.58892			6
2024.11.29	01:10:29.150	0.58888	0.58894			6
2024.11.29	01:10:31.770		0.58893			4
2024.11.29	01:10:35.398	0.58886	0.58892			6
2024.11.29	01:10:35.704	0.58887	0.58893			6
2024.11.29	01:10:38.425		0.58892			4
2024.11.29	01:10:41.145	0.58888				2
2024.11.29	01:10:42.355		0.58891			4
2024.11.29	01:10:44.171	0.58889				2
2024.11.29	01:10:51.830	0.58891	0.58893			6
2024.11.29	01:10:52.134	0.58889	0.58895			6
2024.11.29	01:10:56.721	0.58890				2
2024.11.29	01:10:57.627	0.58892				2
2024.11.29	01:10:57.930	0.58891				2
2024.11.29	01:11:00.048	0.58891				2
2024.11.29	01:11:00.349	0.58890				2
2024.11.29	01:11:05.239	0.58891				2
2024.11.29	01:11:06.147		0.58894			4
2024.11.29	01:11:07.357	0.58892				2
2024.11.29	01:11:09.473	0.58894	0.58896			6
2024.11.29	01:11:10.380	0.58892	0.58897			6
2024.11.29	01:11:11.288	0.58891				2
2024.11.29	01:11:12.197	0.58892				2
2024.11.29	01:11:17.338	0.58893				2
2024.11.29	01:11:17.640	0.58892	0.58896			6
2024.11.29	01:11:19.152		0.58895			4
2024.11.29	01:11:19.848	0.58893	0.58896			6
2024.11.29	01:11:21.372	0.58894				2
2024.11.29	01:11:41.636	0.58897	0.58899			6
2024.11.29	01:11:41.938	0.58898	0.58900			6
2024.11.29	01:11:42.240	0.58896	0.58901			6
2024.11.29	01:11:45.564	0.58897				2
2024.11.29	01:11:45.865	0.58899	0.58904			6
2024.11.29	01:11:47.126	0.58901	0.58906			6
2024.11.29	01:11:51.968	0.58902	0.58907			6
2024.11.29	01:11:57.414	0.58903				2
2024.11.29	01:11:57.717	0.58905	0.58910			6
2024.11.29	01:12:00.136	0.58905				2
2024.11.29	01:12:01.648	0.58906	0.58911			6
2024.11.29	01:12:01.951	0.58905				2
2024.11.29	01:12:04.825		0.58910			4
2024.11.29	01:12:07.246		0.58909			4
2024.11.29	01:12:11.224		0.58908			4
2024.11.29	01:12:11.527	0.58899	0.58902			6
2024.11.29	01:12:13.341	0.58898	0.58903			6
2024.11.29	01:12:13.644		0.58904			4
2024.11.29	01:12:16.115		0.58903			4
2024.11.29	01:12:16.419	0.58901	0.58907			6
2024.11.29	01:12:17.928		0.58906			4
2024.11.29	01:12:19.140		0.58907			4
2024.11.29	01:12:25.387		0.58906			4
2024.11.29	01:12:25.993	0.58902	0.58907			6
2024.11.29	01:12:28.413		0.58906			4
2024.11.29	01:12:32.142		0.58905			4
2024.11.29	01:12:33.050	0.58899	0.58902			6
2024.11.29	01:12:34.260	0.58898	0.58903			6
2024.11.29	01:12:38.493	0.58897	0.58902			6
2024.11.29	01:12:42.121	0.58898				2
2024.11.29	01:12:45.150		0.58901			4
2024.11.29	01:12:46.662	0.58897	0.58900			6
2024.11.29	01:12:46.964	0.58894	0.58897			6
2024.11.29	01:12:48.174	0.58893	0.58898			6
2024.11.29	01:12:56.237		0.58897			4
2024.11.29	01:12:56.540	0.58891	0.58896			6
2024.11.29	01:12:56.844	0.58892	0.58897			6
2024.11.29	01:12:59.313	0.58893				2
2024.11.29	01:13:00.221	0.58893				2
2024.11.29	01:13:01.128		0.58896			4
2024.11.29	01:13:06.267	0.58894				2
2024.11.29	01:13:11.410	0.58896	0.58898			6
2024.11.29	01:13:12.317	0.58895	0.58899			6
2024.11.29	01:13:12.920	0.58894	0.58898			6
2024.11.29	01:13:13.223		0.58896			4
2024.11.29	01:13:14.133	0.58893				2
2024.11.29	01:13:15.392	0.58894				2
2024.11.29	01:13:21.141	0.58895				2
2024.11.29	01:13:28.701	0.58896	0.58897			6
2024.11.29	01:13:29.605		0.58898			4
2024.11.29	01:13:30.211	0.58895				2
2024.11.29	01:13:33.540	0.58898	0.58901			6
2024.11.29	01:13:34.144	0.58897	0.58903			6
2024.11.29	01:13:35.052	0.58898	0.58904			6
2024.11.29	01:13:36.310		0.58903			4
2024.11.29	01:13:38.428	0.58897	0.58902			6
2024.11.29	01:13:39.334		0.58903			4
2024.11.29	01:13:40.243		0.58902			4
2024.11.29	01:13:43.266	0.58898				2
2024.11.29	01:13:45.382		0.58901			4
2024.11.29	01:13:49.314	0.58899				2
2024.11.29	01:14:00.002	0.58899				2
2024.11.29	01:14:03.027	0.58900	0.58902			6
2024.11.29	01:14:04.287	0.58899	0.58903			6
2024.11.29	01:14:05.799	0.58898				2
2024.11.29	01:14:09.174	0.58899				2
2024.11.29	01:14:12.202		0.58902			4
2024.11.29	01:14:22.228	0.58900				2
2024.11.29	01:14:23.137	0.58899				2
2024.11.29	01:14:27.067	0.58900	0.58903			6
2024.11.29	01:14:28.277		0.58904			4
2024.11.29	01:14:29.185		0.58903			4
2024.11.29	01:14:35.536	0.58901	0.58904			6
2024.11.29	01:14:36.144	0.58900	0.58905			6
2024.11.29	01:14:40.377	0.58901				2
2024.11.29	01:14:40.982	0.58900	0.58904			6
2024.11.29	01:14:42.190	0.58899				2
2024.11.29	01:14:44.307	0.58900				2
2024.11.29	01:14:49.447	0.58898	0.58902			6
2024.11.29	01:14:49.749	0.58899	0.58903			6
2024.11.29	01:14:50.356	0.58898	0.58904			6
2024.11.29	01:14:55.195		0.58903			4
2024.11.29	01:14:56.100	0.58901	0.58905			6
2024.11.29	01:14:56.405		0.58906			4
2024.11.29	01:14:57.309	0.58902	0.58908			6
2024.11.29	01:15:00.034	0.58902				2
2024.11.29	01:15:03.157	0.58903	0.58909			6
2024.11.29	01:15:04.064		0.58908			4
2024.11.29	01:15:05.275	0.58901	0.58907			6
2024.11.29	01:15:12.232		0.58906			4
2024.11.29	01:15:15.257	0.58902				2
2024.11.29	01:15:18.282		0.58905			4
2024.11.29	01:15:22.215	0.58900	0.58903			6
2024.11.29	01:15:22.517	0.58901	0.58904			6
2024.11.29	01:15:23.172	0.58900	0.58905			6
2024.11.29	01:15:23.475	0.58901	0.58906			6
2024.11.29	01:15:27.405	0.58902				2
2024.11.29	01:15:30.130		0.58905			4
2024.11.29	01:15:30.434	0.58905	0.58908			6
2024.11.29	01:15:30.741	0.58906	0.58909			6
2024.11.29	01:15:31.359	0.58904	0.58910			6
2024.11.29	01:15:36.531	0.58905	0.58911			6
2024.11.29	01:15:37.740	0.58906				2
2024.11.29	01:15:40.159		0.58912			4
2024.11.29	01:15:40.464	0.58907				2
2024.11.29	01:15:41.369	0.58908	0.58914			6
2024.11.29	01:15:42.883	0.58907	0.58913			6
2024.11.29	01:15:43.186	0.58908	0.58914			6
2024.11.29	01:15:44.698	0.58907	0.58913			6
2024.11.29	01:15:45.000	0.58908	0.58914			6
2024.11.29	01:15:45.302	0.58907	0.58912			6
2024.11.29	01:15:45.907	0.58908	0.58913			6
2024.11.29	01:15:49.284	0.58909				2
2024.11.29	01:15:50.190	0.58908	0.58912			6
2024.11.29	01:15:50.494	0.58909	0.58913			6
2024.11.29	01:15:51.147		0.58912			4
2024.11.29	01:15:52.357	0.58908	0.58911			6
2024.11.29	01:15:52.964	0.58909	0.58912			6
2024.11.29	01:15:53.920	0.58908	0.58911			6
2024.11.29	01:15:54.221	0.58909	0.58912			6
2024.11.29	01:15:55.433	0.58910	0.58913			6
2024.11.29	01:15:56.341	0.58909	0.58915			6
2024.11.29	01:15:57.851	0.58910				2
2024.11.29	01:16:00.272	0.58910				2
2024.11.29	01:16:00.576	0.58912	0.58917			6
2024.11.29	01:16:00.879	0.58913	0.58918			6
2024.11.29	01:16:01.180		0.58919			4
2024.11.29	01:16:02.692	0.58912	0.58918			6
2024.11.29	01:16:09.394	0.58911	0.58917			6
2024.11.29	01:16:10.303	0.58909	0.58915			6
2024.11.29	01:16:11.513	0.58910	0.58916			6
2024.11.29	01:16:11.816	0.58911	0.58917			6
2024.11.29	01:16:13.328	0.58909	0.58915			6
2024.11.29	01:16:14.232	0.58908	0.58914			6
2024.11.29	01:16:19.174		0.58913			4
2024.11.29	01:16:20.990	0.58907	0.58912			6
2024.11.29	01:16:21.341	0.58908				2
2024.11.29	01:16:22.249	0.58912	0.58916			6
2024.11.29	01:16:23.155	0.58911	0.58917			6
2024.11.29	01:16:25.878	0.58912	0.58918			6
2024.11.29	01:16:26.181	0.58913				2
2024.11.29	01:16:28.298	0.58912				2
2024.11.29	01:16:30.418	0.58911	0.58917			6
2024.11.29	01:16:33.189		0.58916			4
2024.11.29	01:16:35.309	0.58912				2
2024.11.29	01:16:37.171		0.58915			4
2024.11.29	01:16:38.079	0.58911	0.58914			6
2024.11.29	01:16:40.198	0.58907	0.58913			6
2024.11.29	01:16:40.501	0.58906	0.58912			6
2024.11.29	01:16:40.805	0.58907	0.58913			6
2024.11.29	01:16:46.298		0.58912			4
2024.11.29	01:16:48.414	0.58908				2
2024.11.29	01:16:50.227		0.58911			4
2024.11.29	01:16:54.162	0.58909				2
2024.11.29	01:16:56.885	0.58910	0.58912			6
2024.11.29	01:16:57.237	0.58909	0.58911			6
2024.11.29	01:17:00.264	0.58907	0.58910			6
2024.11.29	01:17:01.217	0.58908	0.58911			6
2024.11.29	01:17:04.346	0.58909				2
2024.11.29	01:17:10.444	0.58908	0.58910			6
2024.11.29	01:17:13.317	0.58907	0.58909			6
2024.11.29	01:17:13.923	0.58903	0.58905			6
2024.11.29	01:17:14.227	0.58904	0.58906			6
2024.11.29	01:17:15.185	0.58902	0.58908			6
2024.11.29	01:17:17.300	0.58904	0.58910			6
2024.11.29	01:17:24.558	0.58906	0.58912			6
2024.11.29	01:17:25.771	0.58907	0.58913			6
2024.11.29	01:17:31.215		0.58912			4
2024.11.29	01:17:33.331	0.58908				2
2024.11.29	01:17:34.239		0.58911			4
2024.11.29	01:17:36.353	0.58909				2
2024.11.29	01:17:56.370	0.58913	0.58915			6
2024.11.29	01:17:57.321	0.58911	0.58917			6
2024.11.29	01:17:58.533	0.58910	0.58916			6
2024.11.29	01:18:00.045	0.58910				2
2024.11.29	01:18:03.372	0.58909	0.58915			6
2024.11.29	01:18:03.680	0.58908	0.58914			6
2024.11.29	01:18:09.170		0.58913			4
2024.11.29	01:18:10.380	0.58909				2
2024.11.29	01:18:11.287		0.58912			4
2024.11.29	01:18:11.588	0.58910	0.58913			6
2024.11.29	01:18:11.893	0.58909	0.58912			6
2024.11.29	01:18:13.406	0.58910				2
2024.11.29	01:18:21.578	0.58909	0.58911			6
2024.11.29	01:18:22.836	0.58910	0.58912			6
2024.11.29	01:18:24.047	0.58909	0.58911			6
2024.11.29	01:18:25.304	0.58908	0.58912			6
2024.11.29	01:18:25.609	0.58907	0.58911			6
2024.11.29	01:18:26.211		0.58910			4
2024.11.29	01:18:27.423		0.58911			4
2024.11.29	01:18:28.330		0.58910			4
2024.11.29	01:18:30.145	0.58908				2
2024.11.29	01:18:41.341	0.58909	0.58911			6
2024.11.29	01:18:42.296	0.58908				2
2024.11.29	01:18:43.808	0.58909	0.58912			6
2024.11.29	01:18:46.230	0.58910				2
2024.11.29	01:18:49.557	0.58909	0.58911			6
2024.11.29	01:18:50.161	0.58908				2
2024.11.29	01:18:50.767	0.58912	0.58915			6
2024.11.29	01:18:52.279	0.58911	0.58917			6
2024.11.29	01:18:56.513	0.58913	0.58919			6
2024.11.29	01:18:56.816	0.58912	0.58918			6
2024.11.29	01:18:58.376	0.58915	0.58921			6
2024.11.29	01:19:00.242	0.58915				2
2024.11.29	01:19:02.964		0.58920			4
2024.11.29	01:19:03.571	0.58913	0.58919			6
2024.11.29	01:19:03.873	0.58914	0.58920			6
2024.11.29	01:19:04.174	0.58913	0.58919			6
2024.11.29	01:19:06.396	0.58911	0.58917			6
2024.11.29	01:19:07.606	0.58912				2
2024.11.29	01:19:08.815	0.58911				2
2024.11.29	01:19:09.927	0.58912				2
2024.11.29	01:19:11.488		0.58918			4
2024.11.29	01:19:13.303		0.58917			4
2024.11.29	01:19:15.122	0.58913				2
2024.11.29	01:19:16.347		0.58916			4
2024.11.29	01:19:18.191	0.58914				2
2024.11.29	01:19:20.611	0.58913	0.58915			6
2024.11.29	01:19:21.820	0.58914	0.58916			6
2024.11.29	01:19:23.031	0.58913	0.58915			6
2024.11.29	01:19:23.635	0.58914	0.58916			6
2024.11.29	01:19:24.896	0.58913	0.58915			6
2024.11.29	01:19:25.802	0.58914	0.58916			6
2024.11.29	01:19:26.104	0.58917	0.58919			6
2024.11.29	01:19:27.363	0.58915	0.58921			6
2024.11.29	01:19:28.272		0.58920			4
2024.11.29	01:19:37.399	0.58916				2
2024.11.29	01:19:38.305		0.58919			4
2024.11.29	01:19:38.607	0.58918	0.58921			6
2024.11.29	01:19:39.213	0.58916				2
2024.11.29	01:19:39.515	0.58915	0.58920			6
2024.11.29	01:19:39.866	0.58916				2
2024.11.29	01:19:40.777	0.58915				2
2024.11.29	01:19:43.194	0.58916				2
2024.11.29	01:19:43.801	0.58917	0.58921			6
2024.11.29	01:19:44.102	0.58916	0.58920			6
2024.11.29	01:19:44.407		0.58919			4
2024.11.29	01:19:45.011	0.58917	0.58920			6
2024.11.29	01:19:45.313		0.58919			4
2024.11.29	01:19:54.186	0.58915	0.58917			6
2024.11.29	01:19:55.395	0.58913	0.58919			6
2024.11.29	01:19:56.115	0.58912	0.58918			6
2024.11.29	01:19:59.377		0.58917			4
2024.11.29	01:20:00.283	0.58913	0.58918			6
2024.11.29	01:20:02.400	0.58914				2
2024.11.29	01:20:03.358		0.58917			4
2024.11.29	01:20:04.269	0.58915				2
2024.11.29	01:20:06.383	0.58914	0.58916			6
2024.11.29	01:20:09.105	0.58915	0.58917			6
2024.11.29	01:20:10.620	0.58914	0.58916			6
2024.11.29	01:20:11.527	0.58916	0.58918			6
2024.11.29	01:20:12.130	0.58914				2
2024.11.29	01:20:13.342	0.58913				2
2024.11.29	01:20:14.598	0.58912	0.58917			6
2024.11.29	01:20:17.019	0.58915	0.58920			6
2024.11.29	01:20:17.324		0.58919			4
2024.11.29	01:20:17.626	0.58914	0.58918			6
2024.11.29	01:20:18.231	0.58913				2
2024.11.29	01:20:19.138	0.58914				2
2024.11.29	01:20:19.441	0.58915	0.58919			6
2024.11.29	01:20:21.257		0.58918			4
2024.11.29	01:20:22.165	0.58916				2
2024.11.29	01:20:23.374	0.58917	0.58919			6
2024.11.29	01:20:24.282	0.58915	0.58920			6
2024.11.29	01:20:26.805	0.58916	0.58921			6
2024.11.29	01:20:27.126	0.58920	0.58924			6
2024.11.29	01:20:28.364	0.58919	0.58925			6
2024.11.29	01:20:33.809	0.58918	0.58924			6
2024.11.29	01:20:35.321	0.58919				2
2024.11.29	01:20:35.625	0.58923	0.58929			6
2024.11.29	01:20:35.933	0.58915	0.58921			6
2024.11.29	01:20:36.238	0.58918	0.58923			6
2024.11.29	01:20:36.560		0.58924			4
2024.11.29	01:20:40.377		0.58923			4
2024.11.29	01:20:41.324	0.58919				2
2024.11.29	01:20:41.928	0.58920	0.58924			6
2024.11.29	01:20:42.230	0.58919	0.58922			6
2024.11.29	01:20:42.533	0.58915	0.58918			6
2024.11.29	01:20:43.136	0.58914				2
2024.11.29	01:20:45.657	0.58916	0.58922			6
2024.11.29	01:20:51.259		0.58921			4
2024.11.29	01:20:53.167	0.58917				2
2024.11.29	01:20:54.380		0.58920			4
2024.11.29	01:20:55.302	0.58918				2
2024.11.29	01:21:00.176	0.58918				2
2024.11.29	01:21:11.971	0.58917	0.58919			6
2024.11.29	01:21:34.199	0.58920	0.58922			6
2024.11.29	01:21:34.505	0.58921	0.58923			6
2024.11.29	01:21:35.155	0.58919	0.58924			6
2024.11.29	01:21:47.253	0.58920				2
2024.11.29	01:21:47.556	0.58921	0.58925			6
2024.11.29	01:21:48.160	0.58920				2
2024.11.29	01:21:49.370	0.58921				2
2024.11.29	01:21:49.673	0.58920	0.58924			6
2024.11.29	01:21:49.976	0.58921	0.58925			6
2024.11.29	01:21:50.327		0.58924			4
2024.11.29	01:21:50.632	0.58922	0.58925			6
2024.11.29	01:21:51.237		0.58926			4
2024.11.29	01:21:52.144		0.58925			4
2024.11.29	01:21:52.445	0.58921	0.58924			6
2024.11.29	01:21:55.167	0.58922				2
2024.11.29	01:22:00.056	0.58922				2
2024.11.29	01:22:27.932	0.58921	0.58923			6
2024.11.29	01:22:28.236	0.58919	0.58924			6
2024.11.29	01:22:28.897	0.58920	0.58925			6
2024.11.29	01:22:44.421	0.58921				2
2024.11.29	01:22:48.350		0.58924			4
2024.11.29	01:22:49.258		0.58925			4
2024.11.29	01:22:51.377		0.58924			4
2024.11.29	01:22:53.192		0.58925			4
2024.11.29	01:22:54.403		0.58924			4
2024.11.29	01:22:55.308		0.58925			4
2024.11.29	01:22:58.333		0.58924			4
2024.11.29	01:23:00.149	0.58921				2
2024.11.29	01:23:08.311	0.58922				2
2024.11.29	01:23:15.317	0.58923	0.58925			6
2024.11.29	01:23:16.276	0.58922	0.58926			6
2024.11.29	01:23:17.593		0.58925			4
2024.11.29	01:23:17.936	0.58921				2
2024.11.29	01:23:19.153	0.58920				2
2024.11.29	01:23:20.361	0.58921				2
2024.11.29	01:23:22.174	0.58920				2
2024.11.29	01:23:23.082		0.58924			4
2024.11.29	01:23:23.386	0.58919				2
2024.11.29	01:23:26.678	0.58920				2
2024.11.29	01:23:37.656	0.58917	0.58921			6
2024.11.29	01:23:38.261	0.58916				2
2024.11.29	01:23:39.169		0.58922			4
2024.11.29	01:23:49.150		0.58921			4
2024.11.29	01:23:53.384	0.58917				2
2024.11.29	01:23:54.898	0.58918	0.58922			6
2024.11.29	01:23:56.410	0.58917	0.58923			6
2024.11.29	01:23:58.222		0.58922			4
2024.11.29	01:24:00.087	0.58917				2
2024.11.29	01:24:00.391		0.58923			4
2024.11.29	01:24:01.348		0.58922			4
2024.11.29	01:24:01.652	0.58916	0.58921			6
2024.11.29	01:24:06.189	0.58917				2
2024.11.29	01:24:07.097	0.58919	0.58923			6
2024.11.29	01:24:07.400	0.58918	0.58922			6
2024.11.29	01:24:08.358	0.58917	0.58923			6
2024.11.29	01:24:08.706	0.58919	0.58924			6
2024.11.29	01:24:10.826	0.58918				2
2024.11.29	01:24:11.431	0.58919	0.58925			6
2024.11.29	01:24:11.736	0.58920				2
2024.11.29	01:24:17.833	0.58919	0.58924			6
2024.11.29	01:24:18.423	0.58920				2
2024.11.29	01:24:19.345	0.58919				2
2024.11.29	01:24:19.671	0.58920				2
2024.11.29	01:24:22.772	0.58919				2
2024.11.29	01:24:23.076	0.58920				2
2024.11.29	01:24:24.891		0.58925			4
2024.11.29	01:24:25.195	0.58921				2
2024.11.29	01:24:27.310		0.58924			4
2024.11.29	01:24:28.824	0.58920	0.58923			6
2024.11.29	01:24:29.126	0.58921	0.58924			6
2024.11.29	01:24:32.151	0.58922				2
2024.11.29	01:24:39.411	0.58921				2
2024.11.29	01:24:40.320	0.58920	0.58925			6
2024.11.29	01:24:41.373	0.58921				2
2024.11.29	01:24:43.192	0.58920				2
2024.11.29	01:24:44.402	0.58921				2
2024.11.29	01:24:44.703	0.58920	0.58924			6
2024.11.29	01:24:45.005	0.58921	0.58925			6
2024.11.29	01:24:45.310	0.58920				2
2024.11.29	01:24:48.576		0.58924			4
2024.11.29	01:24:49.190		0.58925			4
2024.11.29	01:24:50.134		0.58924			4
2024.11.29	01:24:51.359		0.58925			4
2024.11.29	01:24:55.281	0.58921				2
2024.11.29	01:24:55.896	0.58920	0.58924			6
2024.11.29	01:24:57.104	0.58919	0.58923			6
2024.11.29	01:24:57.408	0.58918				2
2024.11.29	01:24:58.314	0.58917	0.58921			6
2024.11.29	01:24:58.617	0.58916				2
2024.11.29	01:25:00.130	0.58916				2
2024.11.29	01:25:00.431		0.58922			4
2024.11.29	01:25:01.037	0.58917				2
2024.11.29	01:25:08.647	0.58916	0.58921			6
2024.11.29	01:25:11.369	0.58917				2
2024.11.29	01:25:12.576	0.58916	0.58920			6
2024.11.29	01:25:13.234	0.58915				2
2024.11.29	01:25:17.165	0.58916				2
2024.11.29	01:25:18.072		0.58919			4
2024.11.29	01:25:19.335	0.58915				2
2024.11.29	01:25:20.848	0.58918	0.58922			6
2024.11.29	01:25:21.150	0.58917				2
2024.11.29	01:25:24.525	0.58915	0.58919			6
2024.11.29	01:25:35.413	0.58916				2
2024.11.29	01:25:39.040	0.58915	0.58918			6
2024.11.29	01:25:39.344	0.58916				2
2024.11.29	01:25:39.647	0.58917	0.58919			6
2024.11.29	01:25:46.958	0.58914	0.58916			6
2024.11.29	01:25:47.309	0.58915	0.58917			6
2024.11.29	01:25:47.912	0.58914	0.58916			6
2024.11.29	01:25:48.215	0.58912	0.58917			6
2024.11.29	01:25:50.498	0.58913	0.58918			6
2024.11.29	01:25:51.799	0.58915	0.58920			6
2024.11.29	01:25:53.361	0.58916				2
2024.11.29	01:25:54.268	0.58915				2
2024.11.29	01:25:54.570	0.58916				2
2024.11.29	01:25:55.479		0.58921			4
2024.11.29	01:25:58.803		0.58920			4
2024.11.29	01:25:59.410	0.58915				2
2024.11.29	01:26:00.015	0.58915				2
2024.11.29	01:26:00.317	0.58916				2
2024.11.29	01:26:01.224	0.58915				2
2024.11.29	01:26:04.249	0.58916				2
2024.11.29	01:26:06.365		0.58919			4
2024.11.29	01:26:07.274	0.58917				2
2024.11.29	01:26:12.163	0.58916				2
2024.11.29	01:26:13.371	0.58917				2
2024.11.29	01:26:15.188	0.58916				2
2024.11.29	01:26:17.304		0.58920			4
2024.11.29	01:26:18.210	0.58915				2
2024.11.29	01:26:19.421	0.58916				2
2024.11.29	01:26:20.329		0.58919			4
2024.11.29	01:26:20.933	0.58915	0.58918			6
2024.11.29	01:26:21.234	0.58916				2
2024.11.29	01:26:21.538	0.58917	0.58919			6
2024.11.29	01:26:21.842	0.58916	0.58918			6
2024.11.29	01:26:22.143	0.58914	0.58920			6
2024.11.29	01:26:22.446		0.58919			4
2024.11.29	01:26:22.748	0.58915				2
2024.11.29	01:26:25.771	0.58914				2
2024.11.29	01:26:27.384	0.58915				2
2024.11.29	01:26:28.293		0.58918			4
2024.11.29	01:26:28.897	0.58916	0.58919			6
2024.11.29	01:26:29.501	0.58915				2
2024.11.29	01:26:29.804	0.58916				2
2024.11.29	01:26:31.920	0.58915	0.58918			6
2024.11.29	01:26:32.224	0.58916	0.58919			6
2024.11.29	01:26:36.154	0.58917				2
2024.11.29	01:26:37.062	0.58913	0.58915			6
2024.11.29	01:26:37.364	0.58912	0.58914			6
2024.11.29	01:26:38.272	0.58910				2
2024.11.29	01:26:45.228	0.58911				2
2024.11.29	01:26:45.531	0.58910				2
2024.11.29	01:26:46.438	0.58909				2
2024.11.29	01:26:47.044	0.58910				2
2024.11.29	01:26:47.346		0.58915			4
2024.11.29	01:26:51.879	0.58909	0.58914			6
2024.11.29	01:26:52.182	0.58910	0.58915			6
2024.11.29	01:26:53.393	0.58911				2
2024.11.29	01:26:55.210	0.58910	0.58914			6
2024.11.29	01:26:55.512	0.58911	0.58915			6
2024.11.29	01:26:56.421	0.58910	0.58914			6
2024.11.29	01:26:56.724	0.58911	0.58915			6
2024.11.29	01:26:57.329		0.58914			4
2024.11.29	01:26:58.843	0.58910	0.58913			6
2024.11.29	01:27:00.052	0.58910				2
2024.11.29	01:27:03.380	0.58912	0.58914			6
2024.11.29	01:27:04.307	0.58911				2
2024.11.29	01:27:05.546	0.58910	0.58913			6
2024.11.29	01:27:09.174	0.58911				2
2024.11.29	01:27:11.313	0.58910				2
2024.11.29	01:27:12.250	0.58911				2
2024.11.29	01:27:14.419	0.58910				2
2024.11.29	01:27:16.235	0.58911				2
2024.11.29	01:27:54.041	0.58910	0.58912			6
2024.11.29	01:27:54.346	0.58908	0.58913			6
2024.11.29	01:27:59.587	0.58909	0.58914			6
2024.11.29	01:28:00.791	0.58909				2
2024.11.29	01:28:14.539	0.58908	0.58913			6
2024.11.29	01:28:19.254	0.58905	0.58911			6
2024.11.29	01:28:19.560	0.58906				2
2024.11.29	01:28:19.972	0.58905	0.58910			6
2024.11.29	01:28:20.610		0.58911			4
2024.11.29	01:28:30.287		0.58910			4
2024.11.29	01:28:32.406	0.58906				2
2024.11.29	01:28:34.221		0.58909			4
2024.11.29	01:28:37.245	0.58907				2
2024.11.29	01:28:45.763	0.58905	0.58907			6
2024.11.29	01:28:46.671	0.58906	0.58908			6
2024.11.29	01:28:47.274	0.58904	0.58910			6
2024.11.29	01:28:47.879	0.58905				2
2024.11.29	01:28:49.999	0.58904				2
2024.11.29	01:28:50.350	0.58905				2
2024.11.29	01:28:51.259		0.58911			4
2024.11.29	01:28:53.375	0.58904	0.58910			6
2024.11.29	01:28:53.677	0.58905	0.58911			6
2024.11.29	01:28:57.961	0.58909	0.58914			6
2024.11.29	01:28:59.173		0.58913			4
2024.11.29	01:28:59.778		0.58914			4
2024.11.29	01:29:00.079	0.58909				2
2024.11.29	01:29:12.134		0.58913			4
2024.11.29	01:29:14.600	0.58910	0.58914			6
2024.11.29	01:29:15.204		0.58913			4
2024.11.29	01:29:16.416	0.58909	0.58914			6
2024.11.29	01:29:17.321	0.58910				2
2024.11.29	01:29:19.136		0.58913			4
2024.11.29	01:29:20.365	0.58911	0.58914			6
2024.11.29	01:29:20.674	0.58908	0.58911			6
2024.11.29	01:29:21.307	0.58907	0.58912			6
2024.11.29	01:29:22.213		0.58913			4
2024.11.29	01:29:22.817	0.58905	0.58911			6
2024.11.29	01:29:23.121	0.58906				2
2024.11.29	01:29:23.425	0.58905				2
2024.11.29	01:29:23.750	0.58904	0.58910			6
2024.11.29	01:29:32.296	0.58903	0.58909			6
2024.11.29	01:29:33.503	0.58904	0.58910			6
2024.11.29	01:29:33.807	0.58903	0.58909			6
2024.11.29	01:29:34.414	0.58904	0.58910			6
2024.11.29	01:29:37.136		0.58909			4
2024.11.29	01:29:39.252	0.58905				2
2024.11.29	01:29:41.065	0.58906				2
2024.11.29	01:29:41.368	0.58905				2
2024.11.29	01:29:42.275		0.58908			4
2024.11.29	01:29:45.351	0.58906				2
2024.11.29	01:29:46.259	0.58905				2
2024.11.29	01:29:46.561	0.58906	0.58909			6
2024.11.29	01:29:47.166		0.58910			4
2024.11.29	01:29:48.677	0.58905	0.58909			6
2024.11.29	01:29:49.283		0.58908			4
2024.11.29	01:29:50.189		0.58909			4
2024.11.29	01:29:51.400		0.58908			4
2024.11.29	01:29:54.426	0.58906				2
2024.11.29	01:29:57.147	0.58905				2
2024.11.29	01:30:00.170	0.58905				2
2024.11.29	01:30:01.736	0.58906	0.58909			6
2024.11.29	01:30:02.389	0.58905	0.58910			6
2024.11.29	01:30:04.204	0.58907				2
2024.11.29	01:30:05.111	0.58906				2
2024.11.29	01:30:05.715	0.58905	0.58909			6
2024.11.29	01:30:06.019	0.58906	0.58910			6
2024.11.29	01:30:06.321	0.58905				2
2024.11.29	01:30:06.931	0.58906	0.58911			6
2024.11.29	01:30:07.280	0.58905				2
2024.11.29	01:30:09.530		0.58910			4
2024.11.29	01:30:11.058		0.58911			4
2024.11.29	01:30:14.385	0.58906				2
2024.11.29	01:30:15.293		0.58910			4
2024.11.29	01:30:16.801	0.58909	0.58913			6
2024.11.29	01:30:17.106		0.58914			4
2024.11.29	01:30:17.409	0.58910				2
2024.11.29	01:30:18.314	0.58909	0.58915			6
2024.11.29	01:30:27.390		0.58914			4
2024.11.29	01:30:28.299	0.58910				2
2024.11.29	01:30:30.415		0.58913			4
2024.11.29	01:30:32.229	0.58911				2
2024.11.29	01:30:37.975	0.58912	0.58914			6
2024.11.29	01:30:46.443	0.58910	0.58912			6
2024.11.29	01:30:47.348	0.58909	0.58914			6
2024.11.29	01:30:48.257		0.58913			4
2024.11.29	01:30:49.465		0.58914			4
2024.11.29	01:30:51.384	0.58910				2
2024.11.29	01:30:52.290		0.58913			4
2024.11.29	01:30:52.893	0.58909	0.58912			6
2024.11.29	01:30:54.406	0.58908	0.58913			6
2024.11.29	01:30:55.310	0.58909				2
2024.11.29	01:30:56.220	0.58908				2
2024.11.29	01:30:57.128	0.58909				2
2024.11.29	01:30:58.338		0.58912			4
2024.11.29	01:30:59.244	0.58910	0.58913			6
2024.11.29	01:31:00.202	0.58909	0.58914			6
2024.11.29	01:31:01.412		0.58912			4
2024.11.29	01:31:01.721	0.58908	0.58911			6
2024.11.29	01:31:02.706		0.58912			4
2024.11.29	01:31:06.506	0.58907	0.58910			6
2024.11.29	01:31:06.831		0.58911			4
2024.11.29	01:31:07.750	0.58908	0.58913			6
2024.11.29	01:31:12.842		0.58914			4
2024.11.29	01:31:13.266	0.58909				2
2024.11.29	01:31:16.940	0.58910				2
2024.11.29	01:31:17.240		0.58915			4
2024.11.29	01:31:18.147	0.58911				2
2024.11.29	01:31:19.356		0.58914			4
2024.11.29	01:31:21.172	0.58912				2
2024.11.29	01:31:31.452	0.58916	0.58918			6
2024.11.29	01:31:32.360	0.58914	0.58919			6
2024.11.29	01:31:34.838	0.58913				2
2024.11.29	01:31:35.970	0.58914				2
2024.11.29	01:31:39.195	0.58913				2
2024.11.29	01:31:39.517	0.58914				2
2024.11.29	01:31:41.722	0.58913				2
2024.11.29	01:31:42.367		0.58918			4
2024.11.29	01:31:42.692	0.58914	0.58917			6
2024.11.29	01:31:42.996		0.58918			4
2024.11.29	01:31:43.299		0.58917			4
2024.11.29	01:31:43.902		0.58918			4
2024.11.29	01:31:46.322		0.58917			4
2024.11.29	01:31:48.187	0.58915				2
2024.11.29	01:31:55.140	0.58914	0.58916			6
2024.11.29	01:32:00.280	0.58914				2
2024.11.29	01:32:00.886	0.58916	0.58918			6
2024.11.29	01:32:01.186	0.58915	0.58920			6
2024.11.29	01:32:01.538		0.58921			4
2024.11.29	01:32:02.505		0.58920			4
2024.11.29	01:32:08.174	0.58919	0.58924			6
2024.11.29	01:32:17.870		0.58923			4
2024.11.29	01:32:19.383		0.58922			4
2024.11.29	01:32:19.987	0.58920	0.58923			6
2024.11.29	01:32:21.201	0.58921				2
2024.11.29	01:32:27.251	0.58923	0.58925			6
2024.11.29	01:32:28.158	0.58921	0.58926			6
2024.11.29	01:32:29.367	0.58923	0.58928			6
2024.11.29	01:32:29.669		0.58929			4
2024.11.29	01:32:30.136	0.58924				2
2024.11.29	01:32:30.478	0.58923				2
2024.11.29	01:32:31.186		0.58928			4
2024.11.29	01:32:35.178	0.58922				2
2024.11.29	01:32:36.318	0.58923				2
2024.11.29	01:32:36.621	0.58922	0.58927			6
2024.11.29	01:32:38.024	0.58923				2
2024.11.29	01:32:40.175	0.58924	0.58929			6
2024.11.29	01:32:43.228	0.58925				2
2024.11.29	01:32:44.138		0.58928			4
2024.11.29	01:32:46.255	0.58926				2
2024.11.29	01:32:50.236	0.58927	0.58929			6
2024.11.29	01:32:51.194	0.58926	0.58930			6
2024.11.29	01:32:52.402		0.58929			4
2024.11.29	01:32:55.125	0.58927				2
2024.11.29	01:33:00.013	0.58927				2
2024.11.29	01:33:03.947	0.58928	0.58930			6
2024.11.29	01:33:08.836	0.58927	0.58929			6
2024.11.29	01:33:09.140	0.58925	0.58928			6
2024.11.29	01:33:11.255	0.58926				2
2024.11.29	01:33:16.096	0.58930	0.58932			6
2024.11.29	01:33:16.402	0.58927	0.58933			6
2024.11.29	01:33:16.715	0.58926	0.58932			6
2024.11.29	01:33:17.357	0.58928	0.58933			6
2024.11.29	01:33:18.767	0.58930	0.58935			6
2024.11.29	01:33:20.280	0.58931				2
2024.11.29	01:33:20.584	0.58930				2
2024.11.29	01:33:29.204		0.58934			4
2024.11.29	01:33:30.414		0.58933			4
2024.11.29	01:33:33.134	0.58931				2
2024.11.29	01:33:37.369	0.58932	0.58934			6
2024.11.29	01:33:38.931	0.58934	0.58936			6
2024.11.29	01:33:39.233	0.58935	0.58937			6
2024.11.29	01:33:40.141		0.58940			4
2024.11.29	01:33:40.445	0.58934				2
2024.11.29	01:33:44.423	0.58933	0.58934			6
2024.11.29	01:33:44.728	0.58929				2
2024.11.29	01:33:45.030	0.58931	0.58937			6
2024.11.29	01:33:45.346		0.58936			4
2024.11.29	01:33:54.559	0.58932	0.58937			6
2024.11.29	01:33:55.162	0.58933				2
2024.11.29	01:33:58.186		0.58936			4
2024.11.29	01:33:59.397	0.58934				2
2024.11.29	01:34:00.001	0.58934				2
2024.11.29	01:34:02.118	0.58933	0.58935			6
2024.11.29	01:34:03.329	0.58932	0.58936			6
2024.11.29	01:34:04.234		0.58935			4
2024.11.29	01:34:06.357	0.58933				2
2024.11.29	01:34:32.976	0.58932	0.58934			6
2024.11.29	01:34:38.825	0.58933	0.58935			6
2024.11.29	01:34:39.137	0.58937	0.58939			6
2024.11.29	01:34:40.087	0.58936	0.58938			6
2024.11.29	01:34:40.391	0.58934	0.58939			6
2024.11.29	01:34:42.127		0.58940			4
2024.11.29	01:34:43.619	0.58935	0.58941			6
2024.11.29	01:34:47.606	0.58936				2
2024.11.29	01:34:47.952	0.58935				2
2024.11.29	01:34:51.378		0.58940			4
2024.11.29	01:34:52.285	0.58936	0.58939			6
2024.11.29	01:34:52.587	0.58935				2
2024.11.29	01:34:53.191	0.58934				2
2024.11.29	01:34:53.536	0.58932	0.58937			6
2024.11.29	01:34:54.149	0.58933	0.58938			6
2024.11.29	01:34:55.963	0.58932	0.58937			6
2024.11.29	01:34:56.650	0.58933				2
2024.11.29	01:35:00.213	0.58933	0.58936			6
2024.11.29	01:35:02.388	0.58934				2
2024.11.29	01:35:06.352	0.58935	0.58937			6
2024.11.29	01:35:07.563	0.58934	0.58936			6
2024.11.29	01:35:09.982	0.58932	0.58934			6
2024.11.29	01:35:11.242	0.58930				2
2024.11.29	01:35:12.452	0.58929				2
2024.11.29	01:35:15.181	0.58928	0.58932			6
2024.11.29	01:35:16.182		0.58933			4
2024.11.29	01:35:18.189	0.58930	0.58934			6
2024.11.29	01:35:21.406	0.58928	0.58933			6
2024.11.29	01:35:24.398	0.58929				2
2024.11.29	01:35:25.307		0.58932			4
2024.11.29	01:35:25.911	0.58928	0.58931			6
2024.11.29	01:35:27.423	0.58929				2
2024.11.29	01:35:31.356	0.58926	0.58928			6
2024.11.29	01:35:31.672	0.58925	0.58927			6
2024.11.29	01:35:32.313	0.58922				2
2024.11.29	01:35:33.933	0.58920	0.58926			6
2024.11.29	01:35:34.243		0.58925			4
2024.11.29	01:35:34.609	0.58921				2
2024.11.29	01:35:39.167	0.58920				2
2024.11.29	01:35:40.502		0.58924			4
2024.11.29	01:35:41.441	0.58919				2
2024.11.29	01:35:42.394		0.58923			4
2024.11.29	01:35:45.418		0.58922			4
2024.11.29	01:35:46.343	0.58920				2
2024.11.29	01:35:46.948	0.58919	0.58921			6
2024.11.29	01:35:47.259	0.58920	0.58922			6
2024.11.29	01:35:49.097	0.58919	0.58921			6
2024.11.29	01:35:52.723	0.58920	0.58922			6
2024.11.29	01:35:54.238	0.58919	0.58923			6
2024.11.29	01:35:56.404	0.58920				2
2024.11.29	01:35:57.311		0.58924			4
2024.11.29	01:35:58.217		0.58923			4
2024.11.29	01:35:59.129	0.58921				2
2024.11.29	01:36:00.036	0.58921				2
2024.11.29	01:36:18.790	0.58922	0.58924			6
2024.11.29	01:36:19.446	0.58926	0.58928			6
2024.11.29	01:36:20.352	0.58924				2
2024.11.29	01:36:25.925	0.58923				2
2024.11.29	01:36:27.687	0.58925	0.58930			6
2024.11.29	01:36:35.321	0.58926				2
2024.11.29	01:36:36.229		0.58929			4
2024.11.29	01:36:36.534	0.58925	0.58928			6
2024.11.29	01:36:36.855	0.58926	0.58929			6
2024.11.29	01:36:38.365	0.58927				2
2024.11.29	01:36:41.393	0.58926	0.58928			6
2024.11.29	01:36:51.099	0.58927	0.58929			6
2024.11.29	01:36:53.217	0.58926	0.58928			6
2024.11.29	01:36:53.519	0.58925	0.58927			6
2024.11.29	01:36:54.123	0.58923	0.58928			6
2024.11.29	01:36:56.542	0.58922	0.58927			6
2024.11.29	01:36:57.102		0.58926			4
2024.11.29	01:36:58.357	0.58921	0.58925			6
2024.11.29	01:37:00.172	0.58921	0.58924			6
2024.11.29	01:37:02.290	0.58922				2
2024.11.29	01:37:19.077	0.58924	0.58926			6
2024.11.29	01:37:19.380	0.58922	0.58927			6
2024.11.29	01:37:20.133	0.58921	0.58926			6
2024.11.29	01:37:22.353	0.58920	0.58925			6
2024.11.29	01:37:22.659	0.58918	0.58922			6
2024.11.29	01:37:23.921	0.58920	0.58924			6
2024.11.29	01:37:27.105	0.58919	0.58925			6
2024.11.29	01:37:28.909	0.58920	0.58924			6
2024.11.29	01:37:30.873	0.58921	0.58925			6
2024.11.29	01:37:31.174	0.58920				2
2024.11.29	01:37:36.145	0.58921				2
2024.11.29	01:37:39.111		0.58924			4
2024.11.29	01:37:41.229	0.58922				2
2024.11.29	01:37:44.585	0.58923	0.58925			6
2024.11.29	01:37:44.889	0.58922	0.58924			6
2024.11.29	01:37:51.239	0.58921	0.58923			6
2024.11.29	01:37:52.148	0.58922	0.58924			6
2024.11.29	01:38:00.010	0.58922				2
2024.11.29	01:38:07.323	0.58923	0.58925			6
2024.11.29	01:38:08.271	0.58922				2
2024.11.29	01:38:09.186	0.58923				2
2024.11.29	01:38:12.565	0.58924	0.58926			6
2024.11.29	01:38:13.169	0.58923				2
2024.11.29	01:38:15.889	0.58926	0.58929			6
2024.11.29	01:38:16.193	0.58925	0.58930			6
2024.11.29	01:38:18.772	0.58924				2
2024.11.29	01:38:19.419	0.58925				2
2024.11.29	01:38:19.722	0.58924				2
2024.11.29	01:38:20.190	0.58925				2
2024.11.29	01:38:20.529	0.58924				2
2024.11.29	01:38:23.401		0.58929			4
2024.11.29	01:38:24.309	0.58925				2
2024.11.29	01:38:25.215		0.58928			4
2024.11.29	01:38:27.334	0.58926				2
2024.11.29	01:38:29.149	0.58927	0.58929			6
2024.11.29	01:38:30.358	0.58926	0.58928			6
2024.11.29	01:38:31.317	0.58925				2
2024.11.29	01:38:32.222	0.58926				2
2024.11.29	01:38:32.527	0.58927	0.58929			6
2024.11.29	01:38:33.131	0.58926				2
2024.11.29	01:38:34.339	0.58927				2
2024.11.29	01:38:36.458	0.58928	0.58930			6
2024.11.29	01:38:37.367	0.58927	0.58931			6
2024.11.29	01:38:39.182		0.58930			4
2024.11.29	01:38:42.208	0.58928				2
2024.11.29	01:38:46.792	0.58930	0.58932			6
2024.11.29	01:38:47.398	0.58928	0.58933			6
2024.11.29	01:38:48.755	0.58925	0.58930			6
2024.11.29	01:38:50.147	0.58924				2
2024.11.29	01:38:50.675	0.58925				2
2024.11.29	01:38:57.402	0.58926				2
2024.11.29	01:38:57.802		0.58931			4
2024.11.29	01:39:00.052	0.58926				2
2024.11.29	01:39:01.410		0.58930			4
2024.11.29	01:39:02.620	0.58927				2
2024.11.29	01:39:02.922	0.58926				2
2024.11.29	01:39:04.132		0.58929			4
2024.11.29	01:39:04.735	0.58927	0.58930			6
2024.11.29	01:39:05.341		0.58929			4
2024.11.29	01:39:06.267	0.58926				2
2024.11.29	01:39:07.205	0.58927				2
2024.11.29	01:39:29.288	0.58926				2
2024.11.29	01:39:30.197	0.58927				2
2024.11.29	01:39:43.923	0.58926	0.58928			6
2024.11.29	01:39:45.171		0.58929			4
2024.11.29	01:39:48.195		0.58930			4
2024.11.29	01:39:54.396	0.58927				2
2024.11.29	01:40:00.141	0.58927				2
2024.11.29	01:40:04.378	0.58928				2
2024.11.29	01:40:04.985	0.58937	0.58939			6
2024.11.29	01:40:05.295	0.58936	0.58938			6
2024.11.29	01:40:06.215	0.58938	0.58943			6
2024.11.29	01:40:09.965	0.58940	0.58945			6
2024.11.29	01:40:20.313		0.58944			4
2024.11.29	01:40:22.370	0.58943	0.58947			6
2024.11.29	01:40:22.807	0.58941	0.58946			6
2024.11.29	01:40:23.813	0.58942				2
2024.11.29	01:40:24.152	0.58941				2
2024.11.29	01:40:25.280	0.58943	0.58947			6
2024.11.29	01:40:27.447	0.58942	0.58946			6
2024.11.29	01:40:32.669	0.58944	0.58947			6
2024.11.29	01:40:32.969	0.58943	0.58948			6
2024.11.29	01:40:33.419	0.58944				2
2024.11.29	01:40:33.721	0.58943	0.58947			6
2024.11.29	01:40:36.746	0.58944				2
2024.11.29	01:40:37.048	0.58946	0.58950			6
2024.11.29	01:40:38.259	0.58945	0.58951			6
2024.11.29	01:40:38.595	0.58946				2
2024.11.29	01:40:40.754		0.58952			4
2024.11.29	01:40:41.067	0.58947				2
2024.11.29	01:40:41.387		0.58951			4
2024.11.29	01:40:41.688		0.58952			4
2024.11.29	01:40:43.751	0.58949	0.58954			6
2024.11.29	01:40:44.058		0.58953			4
2024.11.29	01:40:45.560	0.58948				2
2024.11.29	01:40:47.385	0.58949				2
2024.11.29	01:40:47.991	0.58948	0.58952			6
2024.11.29	01:40:49.200	0.58947				2
2024.11.29	01:40:50.411	0.58948				2
2024.11.29	01:40:50.714	0.58947	0.58951			6
2024.11.29	01:40:51.368	0.58946				2
2024.11.29	01:40:52.276	0.58947				2
2024.11.29	01:40:52.880	0.58948	0.58952			6
2024.11.29	01:40:54.392	0.58947				2
2024.11.29	01:40:55.300	0.58948				2
2024.11.29	01:40:55.904	0.58951	0.58955			6
2024.11.29	01:40:57.108	0.58954	0.58958			6
2024.11.29	01:40:57.418	0.58952	0.58956			6
2024.11.29	01:40:57.722	0.58947	0.58952			6
2024.11.29	01:40:58.527	0.58948				2
2024.11.29	01:41:00.028	0.58948				2
2024.11.29	01:41:00.801	0.58947				2
2024.11.29	01:41:01.427	0.58945	0.58950			6
2024.11.29	01:41:01.922	0.58946				2
2024.11.29	01:41:02.410	0.58945				2
2024.11.29	01:41:07.141	0.58943	0.58947			6
2024.11.29	01:41:09.958	0.58944				2
2024.11.29	01:41:11.617	0.58942	0.58946			6
2024.11.29	01:41:15.413	0.58943				2
2024.11.29	01:41:18.439	0.58942	0.58945			6
2024.11.29	01:41:24.187	0.58943				2
2024.11.29	01:41:26.608	0.58942	0.58944			6
2024.11.29	01:41:27.213	0.58941				2
2024.11.29	01:41:31.193	0.58942				2
2024.11.29	01:41:36.339	0.58941				2
2024.11.29	01:41:38.154	0.58942				2
2024.11.29	01:41:48.181	0.58941				2
2024.11.29	01:41:51.208	0.58942				2
2024.11.29	01:41:57.307	0.58941				2
2024.11.29	01:41:59.429	0.58940	0.58943			6
2024.11.29	01:42:00.082	0.58940				2
2024.11.29	01:42:04.920	0.58941	0.58944			6
2024.11.29	01:42:10.415		0.58945			4
2024.11.29	01:42:11.020	0.58940	0.58943			6
2024.11.29	01:42:12.230	0.58939				2
2024.11.29	01:42:14.123	0.58941	0.58944			6
2024.11.29	01:42:15.354	0.58940				2
2024.11.29	01:42:19.389	0.58941				2
2024.11.29	01:42:19.994	0.58940	0.58943			6
2024.11.29	01:42:22.426	0.58935	0.58938			6
2024.11.29	01:42:26.714		0.58939			4
2024.11.29	01:42:29.672	0.58936				2
2024.11.29	01:42:33.873	0.58935				2
2024.11.29	01:42:37.134	0.58936				2
2024.11.29	01:42:38.646		0.58940			4
2024.11.29	01:42:39.253		0.58939			4
2024.11.29	01:42:41.372	0.58938	0.58940			6
2024.11.29	01:42:42.024	0.58937				2
2024.11.29	01:42:42.327	0.58936	0.58941			6
2024.11.29	01:42:48.300	0.58937				2
2024.11.29	01:42:49.232	0.58936	0.58939			6
2024.11.29	01:42:49.534	0.58935				2
2024.11.29	01:42:56.389		0.58938			4
2024.11.29	01:42:56.994	0.58934	0.58937			6
2024.11.29	01:42:58.202		0.58938			4
2024.11.29	01:42:59.109		0.58937			4
2024.11.29	01:42:59.411	0.58933				2
2024.11.29	01:43:00.358	0.58933	0.58936			6
2024.11.29	01:43:05.260	0.58934				2
2024.11.29	01:43:23.761	0.58937	0.58939			6
2024.11.29	01:43:24.367	0.58936	0.58940			6
2024.11.29	01:43:26.516	0.58937				2
2024.11.29	01:43:26.838	0.58936				2
2024.11.29	01:43:29.037	0.58937	0.58941			6
2024.11.29	01:43:31.772	0.58938				2
2024.11.29	01:43:32.129	0.58940	0.58944			6
2024.11.29	01:43:42.176	0.58941				2
2024.11.29	01:43:44.987	0.58940	0.58943			6
2024.11.29	01:43:45.289	0.58938				2
2024.11.29	01:43:46.354	0.58939				2
2024.11.29	01:43:46.700	0.58937	0.58941			6
2024.11.29	01:43:47.306	0.58936				2
2024.11.29	01:43:51.054	0.58939	0.58943			6
2024.11.29	01:43:55.124	0.58941	0.58945			6
2024.11.29	01:43:57.135	0.58940				2
2024.11.29	01:44:00.431	0.58940				2
2024.11.29	01:44:01.420	0.58941				2
2024.11.29	01:44:03.234		0.58944			4
2024.11.29	01:44:05.350	0.58942				2
2024.11.29	01:44:05.956	0.58943	0.58945			6
2024.11.29	01:44:06.259	0.58940	0.58944			6
2024.11.29	01:44:06.861	0.58941	0.58945			6
2024.11.29	01:44:07.769		0.58944			4
2024.11.29	01:44:08.074	0.58939	0.58943			6
2024.11.29	01:44:08.376		0.58944			4
2024.11.29	01:44:11.127		0.58943			4
2024.11.29	01:44:13.264		0.58942			4
2024.11.29	01:44:14.171	0.58940				2
2024.11.29	01:44:31.510	0.58939	0.58941			6
2024.11.29	01:44:33.325	0.58938				2
2024.11.29	01:44:36.350	0.58939				2
2024.11.29	01:44:38.164	0.58941	0.58943			6
2024.11.29	01:44:39.372	0.58940	0.58944			6
2024.11.29	01:44:46.413	0.58941				2
2024.11.29	01:44:47.388		0.58945			4
2024.11.29	01:44:47.693	0.58944	0.58947			6
2024.11.29	01:44:47.994	0.58943				2
2024.11.29	01:44:48.350		0.58946			4
2024.11.29	01:44:48.972	0.58944	0.58947			6
2024.11.29	01:44:52.336	0.58946	0.58948			6
2024.11.29	01:44:52.645		0.58949			4
2024.11.29	01:44:52.958	0.58945	0.58950			6
2024.11.29	01:44:54.296	0.58946				2
2024.11.29	01:44:56.045		0.58949			4
2024.11.29	01:44:56.349	0.58945				2
2024.11.29	01:44:56.815	0.58946				2
2024.11.29	01:44:58.976	0.58948				2
2024.11.29	01:44:59.316	0.58947				2
2024.11.29	01:45:00.381	0.58947				2
2024.11.29	01:45:01.190	0.58946				2
2024.11.29	01:45:12.358	0.58947				2
2024.11.29	01:45:22.121	0.58946	0.58948			6
2024.11.29	01:45:23.331	0.58945	0.58949			6
2024.11.29	01:45:23.929	0.58944	0.58947			6
2024.11.29	01:45:24.390	0.58945				2
2024.11.29	01:45:29.054	0.58944				2
2024.11.29	01:45:29.383	0.58945				2
2024.11.29	01:45:30.290	0.58946				2
2024.11.29	01:45:31.196	0.58945				2
2024.11.29	01:45:35.049		0.58948			4
2024.11.29	01:45:37.397	0.58946				2
2024.11.29	01:45:43.144	0.58947				2
2024.11.29	01:46:00.187	0.58947				2
2024.11.29	01:46:08.402	0.58946				2
2024.11.29	01:46:09.310	0.58945				2
2024.11.29	01:46:10.520	0.58944	0.58947			6
2024.11.29	01:46:11.127		0.58948			4
2024.11.29	01:46:20.676	0.58943	0.58946			6
2024.11.29	01:46:20.992	0.58942				2
2024.11.29	01:46:21.691	0.58944				2
2024.11.29	01:46:23.968	0.58943	0.58945			6
2024.11.29	01:46:26.113	0.58941				2
2024.11.29	01:46:34.411	0.58942				2
2024.11.29	01:46:35.620	0.58941				2
2024.11.29	01:46:37.656		0.58943			4
2024.11.29	01:47:00.304	0.58941				2
2024.11.29	01:47:01.528	0.58943	0.58946			6
2024.11.29	01:47:18.211	0.58944				2
2024.11.29	01:47:20.632	0.58943	0.58945			6
2024.11.29	01:47:21.234	0.58941				2
2024.11.29	01:47:25.418	0.58942				2
2024.11.29	01:47:26.022	0.58938	0.58942			6
2024.11.29	01:47:26.326	0.58939				2
2024.11.29	01:47:27.284	0.58938				2
2024.11.29	01:47:29.228	0.58941	0.58944			6
2024.11.29	01:47:30.782	0.58943	0.58946			6
2024.11.29	01:47:37.080	0.58941	0.58945			6
2024.11.29	01:47:46.390		0.58944			4
2024.11.29	01:47:49.113	0.58942	0.58945			6
2024.11.29	01:47:49.428	0.58943				2
2024.11.29	01:47:50.347	0.58942				2
2024.11.29	01:47:52.189	0.58943				2
2024.11.29	01:48:00.052	0.58943				2
2024.11.29	01:48:00.353	0.58942	0.58943			6
2024.11.29	01:48:01.259	0.58941				2
2024.11.29	01:48:01.562		0.58944			4
2024.11.29	01:48:05.495	0.58940	0.58943			6
2024.11.29	01:48:06.402	0.58939	0.58944			6
2024.11.29	01:48:06.905		0.58943			4
2024.11.29	01:48:07.511	0.58937	0.58942			6
2024.11.29	01:48:10.951	0.58933	0.58937			6
2024.11.29	01:48:11.896	0.58932				2
2024.11.29	01:48:13.227	0.58935	0.58938			6
2024.11.29	01:48:15.765		0.58939			4
2024.11.29	01:48:16.984	0.58936				2
2024.11.29	01:48:20.125	0.58938	0.58941			6
2024.11.29	01:48:21.847	0.58939				2
2024.11.29	01:48:22.633		0.58942			4
2024.11.29	01:48:23.838	0.58940				2
2024.11.29	01:48:26.865	0.58939				2
2024.11.29	01:48:28.426	0.58940				2
2024.11.29	01:48:30.544	0.58938	0.58941			6
2024.11.29	01:48:30.849	0.58937				2
2024.11.29	01:48:31.641	0.58939	0.58940			6
2024.11.29	01:48:34.745		0.58941			4
2024.11.29	01:48:40.336		0.58942			4
2024.11.29	01:48:44.861		0.58941			4
2024.11.29	01:48:45.169	0.58945	0.58948			6
2024.11.29	01:48:47.485		0.58949			4
2024.11.29	01:49:00.314	0.58945				2
2024.11.29	01:49:03.139	0.58944	0.58948			6
2024.11.29	01:49:04.377	0.58945	0.58949			6
2024.11.29	01:49:05.284	0.58944				2
2024.11.29	01:49:06.681	0.58945				2
2024.11.29	01:49:08.410	0.58946				2
2024.11.29	01:49:18.389	0.58947				2
2024.11.29	01:49:48.080	0.58944	0.58946			6
2024.11.29	01:49:49.287	0.58943	0.58948			6
2024.11.29	01:49:54.493	0.58942				2
2024.11.29	01:49:55.324		0.58947			4
2024.11.29	01:49:55.625	0.58939	0.58944			6
2024.11.29	01:50:00.279	0.58939				2
2024.11.29	01:50:01.282	0.58937	0.58942			6
2024.11.29	01:50:03.321	0.58934	0.58939			6
2024.11.29	01:50:07.668	0.58939	0.58943			6
2024.11.29	01:50:21.398	0.58940				2
2024.11.29	01:50:23.214	0.58939	0.58942			6
2024.11.29	01:50:24.425	0.58938	0.58941			6
2024.11.29	01:50:29.316	0.58939				2
2024.11.29	01:51:00.213	0.58939				2
2024.11.29	01:51:21.689	0.58938	0.58940			6
2024.11.29	01:51:22.947	0.58939	0.58941			6
2024.11.29	01:51:23.248	0.58938				2
2024.11.29	01:51:24.157		0.58942			4
2024.11.29	01:51:27.281	0.58937				2
2024.11.29	01:51:29.400	0.58938				2
2024.11.29	01:51:35.145		0.58941			4
2024.11.29	01:51:44.217	0.58937	0.58940			6
2024.11.29	01:51:45.123		0.58941			4
2024.11.29	01:51:49.711	0.58941	0.58945			6
2024.11.29	01:51:50.021	0.58942				2
2024.11.29	01:51:50.325	0.58941				2
2024.11.29	01:51:50.670	0.58940				2
2024.11.29	01:51:56.261	0.58941				2
2024.11.29	01:51:56.564	0.58940				2
2024.11.29	01:51:58.349		0.58944			4
2024.11.29	01:51:58.663	0.58939	0.58943			6
2024.11.29	01:51:59.201	0.58940				2
2024.11.29	01:52:00.342	0.58939				2
2024.11.29	01:52:01.132	0.58940	0.58944			6
2024.11.29	01:52:06.179	0.58941	0.58945			6
2024.11.29	01:52:08.288	0.58940				2
2024.11.29	01:52:08.643	0.58941				2
2024.11.29	01:52:16.378		0.58944			4
2024.11.29	01:52:19.703	0.58940	0.58943			6
2024.11.29	01:52:20.006	0.58941	0.58944			6
2024.11.29	01:52:20.309		0.58945			4
2024.11.29	01:52:22.727		0.58944			4
2024.11.29	01:52:30.381		0.58945			4
2024.11.29	01:52:31.202	0.58943	0.58947			6
2024.11.29	01:52:32.588	0.58944				2
2024.11.29	01:52:36.874	0.58943				2
2024.11.29	01:52:38.359		0.58946			4
2024.11.29	01:52:44.143	0.58938	0.58942			6
2024.11.29	01:52:50.191	0.58940	0.58943			6
2024.11.29	01:53:00.791	0.58940				2
2024.11.29	01:53:07.346	0.58941				2
2024.11.29	01:53:38.650		0.58942			4
2024.11.29	01:53:38.951	0.58940				2
2024.11.29	01:53:39.255	0.58939				2
2024.11.29	01:53:40.715		0.58943			4
2024.11.29	01:53:41.720		0.58942			4
2024.11.29	01:53:43.665	0.58938				2
2024.11.29	01:53:44.011	0.58939				2
2024.11.29	01:53:48.267		0.58941			4
2024.11.29	01:53:49.188	0.58938				2
2024.11.29	01:53:49.793	0.58939				2
2024.11.29	01:53:51.003	0.58938				2
2024.11.29	01:53:52.213	0.58939				2
2024.11.29	01:53:54.030		0.58942			4
2024.11.29	01:54:00.042	0.58939				2
2024.11.29	01:54:01.489	0.58941	0.58943			6
2024.11.29	01:54:01.791	0.58940				2
2024.11.29	01:54:02.141	0.58939				2
2024.11.29	01:54:04.411	0.58940				2
2024.11.29	01:54:05.016	0.58941	0.58944			6
2024.11.29	01:54:05.322	0.58940				2
2024.11.29	01:54:09.404	0.58941				2
2024.11.29	01:54:10.917	0.58939	0.58943			6
2024.11.29	01:54:17.857	0.58940				2
2024.11.29	01:54:22.281	0.58939				2
2024.11.29	01:54:28.065		0.58942			4
2024.11.29	01:54:36.932	0.58940	0.58943			6
2024.11.29	01:54:37.235	0.58939				2
2024.11.29	01:54:40.356	0.58940				2
2024.11.29	01:54:42.779	0.58939	0.58942			6
2024.11.29	01:54:43.083	0.58940	0.58943			6
2024.11.29	01:54:46.406	0.58941				2
2024.11.29	01:54:46.709	0.58940	0.58942			6
2024.11.29	01:54:47.011	0.58939	0.58941			6
2024.11.29	01:54:47.315	0.58938	0.58942			6
2024.11.29	01:54:50.943	0.58939				2
2024.11.29	01:54:57.469	0.58940	0.58943			6
2024.11.29	01:54:58.257	0.58941				2
2024.11.29	01:55:00.594	0.58941				2
2024.11.29	01:55:02.929	0.58940				2
2024.11.29	01:55:04.625	0.58941				2
2024.11.29	01:55:14.149	0.58944	0.58947			6
2024.11.29	01:55:15.395	0.58943				2
2024.11.29	01:55:29.160	0.58944				2
2024.11.29	01:55:33.742	0.58943	0.58946			6
2024.11.29	01:55:34.045	0.58944	0.58947			6
2024.11.29	01:55:35.253	0.58945				2
2024.11.29	01:55:35.857	0.58947	0.58949			6
2024.11.29	01:55:37.422	0.58945				2
2024.11.29	01:55:39.229	0.58946				2
2024.11.29	01:55:39.581	0.58945				2
2024.11.29	01:55:41.482	0.58946				2
2024.11.29	01:55:41.788	0.58949	0.58952			6
2024.11.29	01:55:43.698		0.58953			4
2024.11.29	01:55:49.568		0.58952			4
2024.11.29	01:55:57.040		0.58953			4
2024.11.29	01:55:57.350	0.58951				2
2024.11.29	01:55:57.665		0.58954			4
2024.11.29	01:56:00.244	0.58951				2
2024.11.29	01:56:02.837	0.58949	0.58953			6
2024.11.29	01:56:04.388	0.58950				2
2024.11.29	01:56:07.716	0.58951				2
2024.11.29	01:56:08.922		0.58954			4
2024.11.29	01:56:09.244		0.58953			4
2024.11.29	01:56:10.487	0.58952				2
2024.11.29	01:56:15.327		0.58954			4
2024.11.29	01:56:15.681		0.58953			4
2024.11.29	01:56:19.601	0.58955	0.58957			6
2024.11.29	01:56:20.507	0.58951	0.58954			6
2024.11.29	01:56:25.630		0.58955			4
2024.11.29	01:56:30.399	0.58952	0.58956			6
2024.11.29	01:56:30.705		0.58955			4
2024.11.29	01:56:31.512		0.58956			4
2024.11.29	01:56:32.419		0.58955			4
2024.11.29	01:56:33.347	0.58953				2
2024.11.29	01:56:34.858	0.58951	0.58953			6
2024.11.29	01:56:35.766	0.58952				2
2024.11.29	01:56:36.067	0.58951				2
2024.11.29	01:56:36.371	0.58950	0.58954			6
2024.11.29	01:56:39.408	0.58951				2
2024.11.29	01:56:40.645	0.58950				2
2024.11.29	01:56:41.392	0.58951				2
2024.11.29	01:56:42.601	0.58950	0.58953			6
2024.11.29	01:56:42.903	0.58951	0.58954			6
2024.11.29	01:56:45.327	0.58952				2
2024.11.29	01:56:57.175	0.58953	0.58955			6
2024.11.29	01:56:58.185	0.58952	0.58956			6
2024.11.29	01:56:59.690	0.58953				2
2024.11.29	01:57:00.120	0.58953				2
2024.11.29	01:57:00.593	0.58951	0.58955			6
2024.11.29	01:57:00.904		0.58956			4
2024.11.29	01:57:03.376	0.58952				2
2024.11.29	01:57:03.980		0.58955			4
2024.11.29	01:57:05.190	0.58953				2
2024.11.29	01:57:06.721	0.58952	0.58954			6
2024.11.29	01:57:08.241	0.58950	0.58955			6
2024.11.29	01:57:12.397	0.58951				2
2024.11.29	01:57:13.331		0.58954			4
2024.11.29	01:57:14.264	0.58954	0.58956			6
2024.11.29	01:57:15.170	0.58953				2
2024.11.29	01:57:23.176	0.58952	0.58955			6
2024.11.29	01:57:23.815	0.58951	0.58956			6
2024.11.29	01:57:26.413	0.58952	0.58955			6
2024.11.29	01:57:27.321	0.58953				2
2024.11.29	01:57:27.624		0.58954			4
2024.11.29	01:57:27.925		0.58955			4
2024.11.29	01:57:29.442	0.58954	0.58956			6
2024.11.29	01:57:29.761	0.58953	0.58955			6
2024.11.29	01:57:33.118	0.58954	0.58956			6
2024.11.29	01:57:33.421	0.58953	0.58955			6
2024.11.29	01:57:34.329		0.58954			4
2024.11.29	01:57:34.633		0.58955			4
2024.11.29	01:57:35.539		0.58954			4
2024.11.29	01:57:35.840		0.58955			4
2024.11.29	01:57:37.052	0.58954	0.58956			6
2024.11.29	01:57:37.355	0.58955	0.58957			6
2024.11.29	01:57:38.261	0.58954	0.58958			6
2024.11.29	01:57:40.462	0.58956	0.58959			6
2024.11.29	01:57:47.383	0.58957				2
2024.11.29	01:57:47.687	0.58956				2
2024.11.29	01:57:53.142	0.58957				2
2024.11.29	01:58:00.139	0.58957				2
2024.11.29	01:58:04.676	0.58961	0.58963			6
2024.11.29	01:58:05.332	0.58960	0.58964			6
2024.11.29	01:58:07.817	0.58963	0.58967			6
2024.11.29	01:58:08.149	0.58964	0.58968			6
2024.11.29	01:58:10.355	0.58963	0.58966			6
2024.11.29	01:58:10.663	0.58962	0.58965			6
2024.11.29	01:58:11.420		0.58966			4
2024.11.29	01:58:11.938		0.58965			4
2024.11.29	01:58:16.561		0.58966			4
2024.11.29	01:58:17.572		0.58965			4
2024.11.29	01:58:18.928		0.58966			4
2024.11.29	01:58:19.378		0.58965			4
2024.11.29	01:58:37.818	0.58960	0.58963			6
2024.11.29	01:58:38.262	0.58959	0.58962			6
2024.11.29	01:58:39.520	0.58954	0.58959			6
2024.11.29	01:58:40.668		0.58958			4
2024.11.29	01:58:44.375	0.58957	0.58961			6
2024.11.29	01:58:44.699	0.58956				2
2024.11.29	01:58:52.413		0.58960			4
2024.11.29	01:58:57.355		0.58959			4
2024.11.29	01:58:58.866	0.58957	0.58960			6
2024.11.29	01:58:59.170		0.58961			4
2024.11.29	01:59:00.181	0.58957	0.58960			6
2024.11.29	01:59:00.486	0.58959	0.58962			6
2024.11.29	01:59:02.078	0.58957	0.58960			6
2024.11.29	01:59:04.538		0.58961			4
2024.11.29	01:59:07.331	0.58958				2
2024.11.29	01:59:08.842		0.58959			4
2024.11.29	01:59:09.144		0.58961			4
2024.11.29	01:59:10.050	0.58956	0.58959			6
2024.11.29	01:59:10.352		0.58960			4
2024.11.29	01:59:10.957		0.58959			4
2024.11.29	01:59:11.330		0.58961			4
2024.11.29	01:59:12.353		0.58960			4
2024.11.29	01:59:13.272		0.58959			4
2024.11.29	01:59:13.593		0.58960			4
2024.11.29	01:59:15.137		0.58959			4
2024.11.29	01:59:19.417	0.58957				2
2024.11.29	01:59:20.324	0.58958	0.58960			6
2024.11.29	01:59:21.231	0.58957	0.58959			6
2024.11.29	01:59:22.188	0.58956				2
2024.11.29	01:59:23.397	0.58957				2
2024.11.29	01:59:23.697	0.58958	0.58960			6
2024.11.29	01:59:24.304	0.58960	0.58962			6
2024.11.29	01:59:24.633	0.58959				2
2024.11.29	01:59:25.380	0.58960	0.58963			6
2024.11.29	01:59:37.399	0.58961				2
2024.11.29	01:59:39.212	0.58962				2
2024.11.29	01:59:40.120	0.58958	0.58960			6
2024.11.29	01:59:41.328	0.58957	0.58961			6
2024.11.29	01:59:42.150	0.58959	0.58962			6
2024.11.29	01:59:42.842	0.58960	0.58963			6
2024.11.29	01:59:43.688	0.58959	0.58961			6
2024.11.29	01:59:44.170	0.58960	0.58963			6
2024.11.29	01:59:44.489	0.58959	0.58962			6
2024.11.29	01:59:47.162	0.58957	0.58960			6
2024.11.29	01:59:47.931	0.58956	0.58961			6
2024.11.29	01:59:48.621		0.58960			4
2024.11.29	01:59:49.071		0.58961			4
2024.11.29	01:59:54.425	0.58957				2
2024.11.29	01:59:55.032		0.58960			4
2024.11.29	01:59:55.355		0.58961			4
2024.11.29	01:59:56.288		0.58960			4
2024.11.29	01:59:58.403	0.58958				2
2024.11.29	02:00:00.217	0.58958				2
2024.11.29	02:00:00.522		0.58959			4
2024.11.29	02:00:00.827		0.58960			4
2024.11.29	02:00:03.093		0.58959			4
2024.11.29	02:00:03.404		0.58960			4
2024.11.29	02:00:05.256		0.58959			4
2024.11.29	02:00:05.560		0.58960			4
2024.11.29	02:00:06.514	0.58960	0.58962			6
2024.11.29	02:00:06.819	0.58961	0.58963			6
2024.11.29	02:00:07.172	0.58960				2
2024.11.29	02:00:09.507	0.58958	0.58961			6
2024.11.29	02:00:09.826	0.58956				2
2024.11.29	02:00:14.312	0.58957	0.58962			6
2024.11.29	02:00:14.927	0.58959	0.58963			6
2024.11.29	02:00:18.996	0.58960				2
2024.11.29	02:00:19.816	0.58959	0.58962			6
2024.11.29	02:00:20.449	0.58958	0.58963			6
2024.11.29	02:00:20.770	0.58959	0.58962			6
2024.11.29	02:00:21.971	0.58958				2
2024.11.29	02:00:22.434	0.58960	0.58964			6
2024.11.29	02:00:23.415		0.58963			4
2024.11.29	02:00:23.980	0.58959	0.58962			6
2024.11.29	02:00:29.346	0.58960				2
2024.11.29	02:00:29.649	0.58959				2
2024.11.29	02:00:31.468	0.58960				2
2024.11.29	02:00:32.261	0.58951	0.58954			6
2024.11.29	02:00:35.897	0.58954	0.58956			6
2024.11.29	02:00:36.250		0.58957			4
2024.11.29	02:00:36.777	0.58951	0.58954			6
2024.11.29	02:00:39.125	0.58952	0.58955			6
2024.11.29	02:00:39.429	0.58951	0.58954			6
2024.11.29	02:00:46.163	0.58953	0.58955			6
2024.11.29	02:00:46.465	0.58954	0.58956			6
2024.11.29	02:00:47.185	0.58955				2
2024.11.29	02:00:47.488		0.58958			4
2024.11.29	02:00:48.909	0.58946	0.58950			6
2024.11.29	02:00:49.219		0.58949			4
2024.11.29	02:01:00.438	0.58945	0.58948			6
2024.11.29	02:01:00.821	0.58944	0.58946			6
2024.11.29	02:01:01.135		0.58947			4
2024.11.29	02:01:02.473	0.58943	0.58946			6
2024.11.29	02:01:03.575	0.58941	0.58944			6
2024.11.29	02:01:09.820	0.58940	0.58942			6
2024.11.29	02:01:11.644	0.58939	0.58941			6
2024.11.29	02:01:12.356		0.58942			4
2024.11.29	02:01:13.327	0.58935	0.58938			6
2024.11.29	02:01:14.247	0.58934	0.58939			6
2024.11.29	02:01:14.551	0.58935				2
2024.11.29	02:01:15.157	0.58933	0.58934			6
2024.11.29	02:01:15.460	0.58928	0.58932			6
2024.11.29	02:01:15.764	0.58929				2
2024.11.29	02:01:16.818	0.58931	0.58934			6
2024.11.29	02:01:17.145		0.58933			4
2024.11.29	02:01:17.609		0.58932			4
2024.11.29	02:01:18.438		0.58933			4
2024.11.29	02:01:18.743		0.58932			4
2024.11.29	02:01:19.442		0.58933			4
2024.11.29	02:01:21.600		0.58934			4
2024.11.29	02:01:21.965	0.58932				2
2024.11.29	02:01:22.908	0.58931				2
2024.11.29	02:01:24.802	0.58934	0.58939			6
2024.11.29	02:01:25.144		0.58938			4
2024.11.29	02:01:25.749	0.58935	0.58939			6
2024.11.29	02:01:26.383	0.58934				2
2024.11.29	02:01:26.735	0.58935				2
2024.11.29	02:01:27.995		0.58938			4
2024.11.29	02:01:28.295	0.58934	0.58937			6
2024.11.29	02:01:30.360	0.58933	0.58936			6
2024.11.29	02:01:31.574	0.58936	0.58937			6
2024.11.29	02:01:31.894	0.58940	0.58943			6
2024.11.29	02:01:32.196		0.58944			4
2024.11.29	02:01:33.132	0.58941	0.58943			6
2024.11.29	02:01:33.451		0.58944			4
2024.11.29	02:01:45.674		0.58943			4
2024.11.29	02:01:46.022		0.58944			4
2024.11.29	02:01:46.349		0.58943			4
2024.11.29	02:01:46.677		0.58942			4
2024.11.29	02:01:46.980		0.58943			4
2024.11.29	02:01:48.240		0.58942			4
2024.11.29	02:01:49.749		0.58943			4
2024.11.29	02:01:50.052		0.58942			4
2024.11.29	02:01:50.354		0.58943			4
2024.11.29	02:01:51.260		0.58942			4
2024.11.29	02:01:51.561		0.58943			4
2024.11.29	02:01:52.468	0.58940	0.58942			6
2024.11.29	02:01:53.132	0.58939	0.58941			6
2024.11.29	02:01:53.748	0.58940	0.58942			6
2024.11.29	02:01:54.354	0.58939				2
2024.11.29	02:01:55.700		0.58941			4
2024.11.29	02:01:56.347		0.58942			4
2024.11.29	02:01:56.746	0.58940				2
2024.11.29	02:01:57.920		0.58943			4
2024.11.29	02:02:00.405	0.58940				2
2024.11.29	02:02:01.372	0.58945	0.58947			6
2024.11.29	02:02:01.989	0.58944	0.58946			6
2024.11.29	02:02:02.289	0.58943				2
2024.11.29	02:02:02.595	0.58942	0.58945			6
2024.11.29	02:02:02.904	0.58943				2
2024.11.29	02:02:03.700		0.58944			4
2024.11.29	02:02:04.003	0.58942				2
2024.11.29	02:02:04.305	0.58943	0.58946			6
2024.11.29	02:02:05.058	0.58942	0.58945			6
2024.11.29	02:02:06.419	0.58943				2
2024.11.29	02:02:07.477	0.58942	0.58944			6
2024.11.29	02:02:08.080	0.58943	0.58945			6
2024.11.29	02:02:08.380	0.58942				2
2024.11.29	02:02:08.685	0.58943				2
2024.11.29	02:02:09.289	0.58942				2
2024.11.29	02:02:09.590	0.58941	0.58944			6
2024.11.29	02:02:10.799	0.58940	0.58943			6
2024.11.29	02:02:11.102	0.58941	0.58944			6
2024.11.29	02:02:12.614	0.58938	0.58941			6
2024.11.29	02:02:13.219	0.58939	0.58942			6
2024.11.29	02:02:13.570	0.58938	0.58941			6
2024.11.29	02:02:13.871	0.58937	0.58940			6
2024.11.29	02:02:14.175	0.58936				2
2024.11.29	02:02:15.386	0.58935				2
2024.11.29	02:02:16.389		0.58939			4
2024.11.29	02:02:18.506	0.58933	0.58937			6
2024.11.29	02:02:18.811	0.58934				2
2024.11.29	02:02:20.668		0.58939			4
2024.11.29	02:02:21.017	0.58935	0.58938			6
2024.11.29	02:02:21.324		0.58939			4
2024.11.29	02:02:21.797		0.58940			4
2024.11.29	02:02:24.643	0.58939	0.58941			6
2024.11.29	02:02:24.947		0.58942			4
2024.11.29	02:02:25.250		0.58943			4
2024.11.29	02:02:29.177	0.58941	0.58944			6
2024.11.29	02:02:29.963	0.58940				2
2024.11.29	02:02:31.395	0.58941				2
2024.11.29	02:02:33.005		0.58945			4
2024.11.29	02:02:33.312	0.58942				2
2024.11.29	02:02:35.172	0.58941				2
2024.11.29	02:02:36.078	0.58940	0.58944			6
2024.11.29	02:02:36.379	0.58941	0.58945			6
2024.11.29	02:02:38.194		0.58944			4
2024.11.29	02:02:41.266	0.58942				2
2024.11.29	02:02:42.475	0.58943	0.58945			6
2024.11.29	02:02:42.796	0.58942	0.58944			6
2024.11.29	02:02:43.430	0.58941	0.58943			6
2024.11.29	02:02:44.338	0.58940	0.58944			6
2024.11.29	02:02:45.244		0.58943			4
2024.11.29	02:02:46.755	0.58941	0.58944			6
2024.11.29	02:02:47.057	0.58940	0.58943			6
2024.11.29	02:02:47.361	0.58939	0.58942			6
2024.11.29	02:02:48.317		0.58943			4
2024.11.29	02:02:49.221		0.58942			4
2024.11.29	02:02:52.246	0.58940				2
2024.11.29	02:02:52.854	0.58939	0.58940			6
2024.11.29	02:02:53.170	0.58938	0.58939			6
2024.11.29	02:02:53.474	0.58937				2
2024.11.29	02:02:54.381	0.58936				2
2024.11.29	02:03:00.326	0.58933	0.58936			6
2024.11.29	02:03:00.632	0.58939	0.58941			6
2024.11.29	02:03:01.260		0.58942			4
2024.11.29	02:03:02.727	0.58938				2
2024.11.29	02:03:04.244	0.58939				2
2024.11.29	02:03:04.573	0.58938	0.58941			6
2024.11.29	02:03:05.233	0.58936	0.58939			6
2024.11.29	02:03:10.225		0.58940			4
2024.11.29	02:03:14.301		0.58939			4
2024.11.29	02:03:16.000		0.58938			4
2024.11.29	02:03:16.317		0.58939			4
2024.11.29	02:03:16.720	0.58940	0.58943			6
2024.11.29	02:03:17.325	0.58941	0.58944			6
2024.11.29	02:03:18.281	0.58940				2
2024.11.29	02:03:25.591	0.58941				2
2024.11.29	02:03:25.892	0.58940				2
2024.11.29	02:03:26.504		0.58945			4
2024.11.29	02:03:26.842		0.58944			4
2024.11.29	02:03:27.145		0.58945			4
2024.11.29	02:03:27.548	0.58941				2
2024.11.29	02:03:27.849		0.58944			4
2024.11.29	02:03:28.193	0.58942	0.58946			6
2024.11.29	02:03:30.319		0.58945			4
2024.11.29	02:03:31.223		0.58944			4
2024.11.29	02:03:31.526		0.58945			4
2024.11.29	02:03:32.130	0.58943				2
2024.11.29	02:03:33.038	0.58944	0.58946			6
2024.11.29	02:03:35.456	0.58946	0.58948			6
2024.11.29	02:03:35.762	0.58945	0.58946			6
2024.11.29	02:03:36.068	0.58944				2
2024.11.29	02:03:36.413	0.58943				2
2024.11.29	02:03:37.481	0.58944	0.58947			6
2024.11.29	02:03:38.587	0.58943	0.58946			6
2024.11.29	02:03:38.904		0.58945			4
2024.11.29	02:03:39.279		0.58946			4
2024.11.29	02:03:39.901		0.58945			4
2024.11.29	02:03:41.347		0.58946			4
2024.11.29	02:03:41.709		0.58945			4
2024.11.29	02:03:42.530		0.58946			4
2024.11.29	02:03:42.914		0.58945			4
2024.11.29	02:03:43.938		0.58946			4
2024.11.29	02:03:45.377	0.58944				2
2024.11.29	02:03:54.794	0.58942	0.58944			6
2024.11.29	02:03:55.096	0.58940	0.58941			6
2024.11.29	02:03:55.399	0.58941	0.58943			6
2024.11.29	02:03:56.004	0.58940	0.58942			6
2024.11.29	02:03:56.305	0.58939				2
2024.11.29	02:04:00.161	0.58939				2
2024.11.29	02:04:02.177	0.58940				2
2024.11.29	02:04:06.172	0.58941	0.58943			6
2024.11.29	02:04:07.080	0.58942				2
2024.11.29	02:04:10.401		0.58944			4
2024.11.29	02:04:10.704	0.58941	0.58943			6
2024.11.29	02:04:12.197	0.58942				2
2024.11.29	02:04:13.724	0.58946	0.58948			6
2024.11.29	02:04:14.028		0.58947			4
2024.11.29	02:04:15.286	0.58945				2
2024.11.29	02:04:15.738	0.58946	0.58949			6
2024.11.29	02:04:17.314	0.58947				2
2024.11.29	02:04:18.479	0.58949	0.58951			6
2024.11.29	02:04:21.457	0.58950	0.58953			6
2024.11.29	02:04:23.513	0.58951				2
2024.11.29	02:04:24.147	0.58950	0.58954			6
2024.11.29	02:04:26.260		0.58952			4
2024.11.29	02:04:26.864	0.58949	0.58950			6
2024.11.29	02:04:27.489		0.58951			4
2024.11.29	02:04:27.791	0.58948	0.58950			6
2024.11.29	02:04:28.164		0.58949			4
2024.11.29	02:04:28.486		0.58950			4
2024.11.29	02:04:31.496		0.58951			4
2024.11.29	02:04:31.806	0.58949	0.58952			6
2024.11.29	02:04:33.827		0.58951			4
2024.11.29	02:04:38.819	0.58950	0.58952			6
2024.11.29	02:04:39.777	0.58949	0.58951			6
2024.11.29	02:04:40.108	0.58950	0.58952			6
2024.11.29	02:04:40.714	0.58949	0.58951			6
2024.11.29	02:04:41.925		0.58950			4
2024.11.29	02:04:43.483	0.58948				2
2024.11.29	02:04:45.248	0.58949				2
2024.11.29	02:04:45.546	0.58948				2
2024.11.29	02:04:46.255	0.58949				2
2024.11.29	02:04:47.160		0.58951			4
2024.11.29	02:04:48.672		0.58950			4
2024.11.29	02:04:49.276	0.58948				2
2024.11.29	02:04:49.769	0.58949				2
2024.11.29	02:04:50.685	0.58948				2
2024.11.29	02:04:58.148	0.58949				2
2024.11.29	02:04:59.095	0.58946	0.58948			6
2024.11.29	02:05:00.001	0.58946				2
2024.11.29	02:05:00.304	0.58945				2
2024.11.29	02:05:00.618	0.58944	0.58949			6
2024.11.29	02:05:04.610	0.58947	0.58951			6
2024.11.29	02:05:04.911	0.58949	0.58954			6
2024.11.29	02:05:06.145	0.58951	0.58956			6
2024.11.29	02:05:06.467	0.58952				2
2024.11.29	02:05:07.700	0.58951	0.58955			6
2024.11.29	02:05:15.124		0.58954			4
2024.11.29	02:05:17.414	0.58952				2
2024.11.29	02:05:18.331	0.58951				2
2024.11.29	02:05:18.650	0.58952				2
2024.11.29	02:05:21.101	0.58951				2
2024.11.29	02:05:21.402		0.58953			4
2024.11.29	02:05:22.329	0.58950	0.58954			6
2024.11.29	02:05:24.172		0.58953			4
2024.11.29	02:05:26.290	0.58951				2
2024.11.29	02:05:31.125	0.58948	0.58950			6
2024.11.29	02:05:32.383	0.58947	0.58951			6
2024.11.29	02:05:34.400	0.58948	0.58953			6
2024.11.29	02:05:35.449	0.58949	0.58954			6
2024.11.29	02:05:41.398	0.58950				2
2024.11.29	02:05:42.302		0.58953			4
2024.11.29	02:05:44.419	0.58951				2
2024.11.29	02:05:46.837	0.58950	0.58952			6
2024.11.29	02:05:47.139	0.58949				2
2024.11.29	02:05:49.555	0.58948	0.58951			6
2024.11.29	02:05:50.461	0.58949				2
2024.11.29	02:05:50.765		0.58952			4
2024.11.29	02:05:52.376	0.58950				2
2024.11.29	02:06:00.231	0.58950				2
2024.11.29	02:06:01.739	0.58949	0.58951			6
2024.11.29	02:06:02.042	0.58950	0.58952			6
2024.11.29	02:06:03.251	0.58949				2
2024.11.29	02:06:04.458	0.58948	0.58951			6
2024.11.29	02:06:05.065	0.58949	0.58952			6
2024.11.29	02:06:05.366	0.58948	0.58951			6
2024.11.29	02:06:06.273	0.58949	0.58952			6
2024.11.29	02:06:07.178		0.58951			4
2024.11.29	02:06:10.199	0.58950	0.58952			6
2024.11.29	02:06:13.261	0.58951	0.58953			6
2024.11.29	02:06:14.212	0.58950				2
2024.11.29	02:06:19.398	0.58951				2
2024.11.29	02:06:24.606	0.58949	0.58951			6
2024.11.29	02:06:25.210		0.58952			4
2024.11.29	02:06:29.601	0.58950	0.58953			6
2024.11.29	02:06:37.077	0.58949	0.58951			6
2024.11.29	02:06:38.690	0.58950	0.58952			6
2024.11.29	02:06:49.864	0.58947	0.58951			6
2024.11.29	02:06:50.254	0.58945	0.58948			6
2024.11.29	02:06:50.562	0.58940	0.58943			6
2024.11.29	02:06:51.171	0.58942	0.58945			6
2024.11.29	02:06:51.512	0.58945	0.58948			6
2024.11.29	02:06:53.275	0.58946	0.58949			6
2024.11.29	02:06:53.634	0.58947	0.58951			6
2024.11.29	02:06:54.468	0.58948				2
2024.11.29	02:06:55.971	0.58949	0.58952			6
2024.11.29	02:06:56.459	0.58950	0.58953			6
2024.11.29	02:06:56.895	0.58949	0.58952			6
2024.11.29	02:07:00.426	0.58949				2
