<DATE>	<TIME>	<BID>	<ASK>	<LAST>	<VOLUME>	<FLAGS>
2024.12.20	00:00:00.178	0.56265	0.56324			6
2024.12.20	00:00:00.488	0.56254	0.56321			6
2024.12.20	00:01:00.053	0.56254				2
2024.12.20	00:01:00.659		0.56321			4
2024.12.20	00:01:11.269	0.56258				2
2024.12.20	00:01:11.572		0.56323			4
2024.12.20	00:02:00.130	0.56258				2
2024.12.20	00:02:11.638		0.56323			4
2024.12.20	00:03:00.101	0.56258				2
2024.12.20	00:03:11.913		0.56323			4
2024.12.20	00:04:00.067	0.56258				2
2024.12.20	00:04:11.933		0.56323			4
2024.12.20	00:05:00.091	0.56258				2
2024.12.20	00:05:05.535	0.56259				2
2024.12.20	00:05:06.140	0.56258				2
2024.12.20	00:05:12.194		0.56323			4
2024.12.20	00:05:14.312	0.56274				2
2024.12.20	00:05:15.826	0.56272				2
2024.12.20	00:05:16.130	0.56278				2
2024.12.20	00:05:19.768	0.56277				2
2024.12.20	00:05:20.069	0.56278				2
2024.12.20	00:05:21.282	0.56281				2
2024.12.20	00:05:26.136	0.56278				2
2024.12.20	00:05:27.348	0.56280				2
2024.12.20	00:05:31.287	0.56279				2
2024.12.20	00:05:33.405	0.56280				2
2024.12.20	00:05:34.350	0.56283				2
2024.12.20	00:05:39.214	0.56279				2
2024.12.20	00:05:44.366	0.56283				2
2024.12.20	00:05:52.236	0.56282				2
2024.12.20	00:05:53.753	0.56280				2
2024.12.20	00:05:58.338	0.56279				2
2024.12.20	00:06:00.152	0.56279				2
2024.12.20	00:06:01.965	0.56280				2
2024.12.20	00:06:02.270	0.56279				2
2024.12.20	00:06:06.202	0.56281				2
2024.12.20	00:06:12.264		0.56323			4
2024.12.20	00:07:00.190	0.56281				2
2024.12.20	00:07:12.292		0.56323			4
2024.12.20	00:07:16.278	0.56283				2
2024.12.20	00:07:20.816	0.56281				2
2024.12.20	00:07:25.717	0.56283				2
2024.12.20	00:07:26.020		0.56324			4
2024.12.20	00:07:30.621	0.56281				2
2024.12.20	00:07:35.305	0.56283				2
2024.12.20	00:07:39.911	0.56281				2
2024.12.20	00:07:45.178	0.56282				2
2024.12.20	00:07:50.315	0.56281				2
2024.12.20	00:07:55.635	0.56283				2
2024.12.20	00:08:00.096	0.56281				2
2024.12.20	00:08:04.692	0.56283				2
2024.12.20	00:08:15.375	0.56281				2
2024.12.20	00:08:26.403		0.56324			4
2024.12.20	00:09:00.341	0.56281				2
2024.12.20	00:09:26.685		0.56324			4
2024.12.20	00:09:55.365	0.56282				2
2024.12.20	00:10:00.284	0.56275				2
2024.12.20	00:10:03.388	0.56276				2
2024.12.20	00:10:05.216	0.56275				2
2024.12.20	00:10:06.523	0.56276				2
2024.12.20	00:10:26.542	0.56275				2
2024.12.20	00:10:28.307		0.56324			4
2024.12.20	00:11:00.694	0.56275				2
2024.12.20	00:11:28.465		0.56324			4
2024.12.20	00:11:52.616	0.56274				2
2024.12.20	00:12:00.171	0.56276				2
2024.12.20	00:12:04.778	0.56278				2
2024.12.20	00:12:10.764	0.56277				2
2024.12.20	00:12:28.659		0.56324			4
2024.12.20	00:12:36.140	0.56278				2
2024.12.20	00:12:46.389	0.56276				2
2024.12.20	00:12:46.926	0.56277				2
2024.12.20	00:12:48.026	0.56278				2
2024.12.20	00:12:50.289	0.56277				2
2024.12.20	00:13:01.207	0.56277				2
2024.12.20	00:13:29.296		0.56324			4
2024.12.20	00:13:50.181	0.56273	0.56322			6
2024.12.20	00:13:54.269	0.56274	0.56318			6
2024.12.20	00:13:54.585	0.56273				2
2024.12.20	00:13:54.928	0.56272				2
2024.12.20	00:14:01.439	0.56272				2
2024.12.20	00:14:04.620	0.56273				2
2024.12.20	00:14:28.888	0.56261	0.56314			6
2024.12.20	00:14:29.593	0.56262				2
2024.12.20	00:14:30.372	0.56263				2
2024.12.20	00:14:40.836	0.56265				2
2024.12.20	00:14:46.258	0.56264				2
2024.12.20	00:15:00.310	0.56264				2
2024.12.20	00:15:01.646	0.56263				2
2024.12.20	00:15:04.340	0.56264				2
2024.12.20	00:15:08.849	0.56263				2
2024.12.20	00:16:29.479	0.56263	0.56314			6
2024.12.20	00:16:39.018	0.56262				2
2024.12.20	00:16:49.598	0.56264				2
2024.12.20	00:16:50.009	0.56265				2
2024.12.20	00:16:52.601	0.56264				2
2024.12.20	00:16:55.609		0.56306			4
2024.12.20	00:17:01.798	0.56264				2
2024.12.20	00:17:13.921		0.56314			4
2024.12.20	00:17:25.740	0.56266				2
2024.12.20	00:17:33.435	0.56265	0.56309			6
2024.12.20	00:17:38.573		0.56308			4
2024.12.20	00:17:39.020		0.56310			4
2024.12.20	00:17:50.051	0.56266	0.56317			6
2024.12.20	00:17:51.737	0.56267				2
2024.12.20	00:17:53.258	0.56269	0.56324			6
2024.12.20	00:17:54.509	0.56270				2
2024.12.20	00:18:00.441	0.56267				2
2024.12.20	00:18:01.770	0.56270				2
2024.12.20	00:18:03.497	0.56268				2
2024.12.20	00:18:04.502	0.56270				2
2024.12.20	00:18:10.903	0.56267	0.56327			6
2024.12.20	00:18:11.299	0.56270	0.56324			6
2024.12.20	00:18:12.441	0.56269				2
2024.12.20	00:18:21.445	0.56270				2
2024.12.20	00:18:36.743	0.56269				2
2024.12.20	00:18:37.940	0.56270				2
2024.12.20	00:18:40.045	0.56269				2
2024.12.20	00:19:01.106	0.56270				2
2024.12.20	00:19:11.459	0.56271	0.56324			6
2024.12.20	00:19:41.274	0.56272				2
2024.12.20	00:19:58.236	0.56273				2
2024.12.20	00:20:02.542	0.56273				2
2024.12.20	00:20:03.740	0.56271				2
2024.12.20	00:20:13.318		0.56324			4
2024.12.20	00:20:14.582	0.56272				2
2024.12.20	00:20:58.389	0.56271				2
2024.12.20	00:20:59.542	0.56272				2
2024.12.20	00:21:02.249	0.56271				2
2024.12.20	00:21:03.439	0.56270				2
2024.12.20	00:21:06.760	0.56272				2
2024.12.20	00:21:10.281	0.56271				2
2024.12.20	00:21:14.587		0.56324			4
2024.12.20	00:21:17.195	0.56270				2
2024.12.20	00:21:44.415	0.56271				2
2024.12.20	00:22:03.364	0.56271				2
2024.12.20	00:22:15.536		0.56324			4
2024.12.20	00:22:39.737	0.56270				2
2024.12.20	00:22:52.431	0.56269				2
2024.12.20	00:22:55.338	0.56270				2
2024.12.20	00:22:56.938	0.56271				2
2024.12.20	00:22:57.261	0.56269				2
2024.12.20	00:23:23.631	0.56269	0.56324			6
2024.12.20	00:23:26.240	0.56270				2
2024.12.20	00:24:00.791	0.56269				2
2024.12.20	00:24:10.244	0.56271				2
2024.12.20	00:24:26.334		0.56324			4
2024.12.20	00:24:27.137	0.56272				2
2024.12.20	00:24:50.018	0.56271				2
2024.12.20	00:24:52.349	0.56272				2
2024.12.20	00:25:01.598	0.56272				2
2024.12.20	00:25:12.438	0.56271				2
2024.12.20	00:25:13.295	0.56272				2
2024.12.20	00:25:18.177	0.56273				2
2024.12.20	00:25:34.279	0.56272	0.56324			6
2024.12.20	00:25:51.441	0.56273				2
2024.12.20	00:26:17.244	0.56274				2
2024.12.20	00:26:19.277	0.56273				2
2024.12.20	00:26:35.351	0.56271	0.56324			6
2024.12.20	00:26:42.712	0.56270				2
2024.12.20	00:26:46.366	0.56269				2
2024.12.20	00:26:49.199	0.56268				2
2024.12.20	00:26:54.050	0.56267				2
2024.12.20	00:26:54.868	0.56266				2
2024.12.20	00:26:56.935	0.56267				2
2024.12.20	00:27:29.760	0.56268				2
2024.12.20	00:27:37.949		0.56324			4
2024.12.20	00:27:42.705	0.56269				2
2024.12.20	00:27:49.504	0.56267				2
2024.12.20	00:27:56.845	0.56268				2
2024.12.20	00:28:00.522	0.56268				2
2024.12.20	00:28:11.539	0.56269				2
2024.12.20	00:28:14.986	0.56268				2
2024.12.20	00:28:31.748	0.56269				2
2024.12.20	00:28:38.162		0.56323			4
2024.12.20	00:28:50.442	0.56268				2
2024.12.20	00:29:08.267	0.56268				2
2024.12.20	00:29:38.354		0.56323			4
2024.12.20	00:30:00.418	0.56267				2
2024.12.20	00:30:14.405	0.56270				2
2024.12.20	00:30:16.945	0.56269				2
2024.12.20	00:30:18.521	0.56270				2
2024.12.20	00:30:22.333	0.56268				2
2024.12.20	00:30:22.637	0.56269				2
2024.12.20	00:30:28.052	0.56268				2
2024.12.20	00:30:32.241	0.56267				2
2024.12.20	00:30:32.987	0.56273	0.56324			6
2024.12.20	00:30:48.610	0.56270				2
2024.12.20	00:30:49.248	0.56271				2
2024.12.20	00:30:51.508	0.56270				2
2024.12.20	00:30:56.629	0.56271				2
2024.12.20	00:30:57.743	0.56270				2
2024.12.20	00:31:00.316	0.56270				2
2024.12.20	00:31:10.455	0.56275	0.56326			6
2024.12.20	00:31:19.949		0.56327			4
2024.12.20	00:31:59.311	0.56273				2
2024.12.20	00:32:01.941	0.56273				2
2024.12.20	00:32:13.842	0.56274				2
2024.12.20	00:32:20.454		0.56327			4
2024.12.20	00:32:23.774	0.56273				2
2024.12.20	00:32:30.369	0.56274				2
2024.12.20	00:32:46.972		0.56326			4
2024.12.20	00:32:55.716	0.56277				2
2024.12.20	00:33:00.757	0.56277				2
2024.12.20	00:33:11.564	0.56276				2
2024.12.20	00:33:15.740	0.56277				2
2024.12.20	00:33:18.137	0.56276				2
2024.12.20	00:33:22.217		0.56327			4
2024.12.20	00:33:23.252	0.56277				2
2024.12.20	00:33:26.713	0.56276				2
2024.12.20	00:33:43.833	0.56277				2
2024.12.20	00:33:49.537	0.56276				2
2024.12.20	00:34:00.279	0.56276				2
2024.12.20	00:34:23.473		0.56327			4
2024.12.20	00:34:56.161	0.56277				2
2024.12.20	00:35:00.455	0.56277				2
2024.12.20	00:35:03.941	0.56276				2
2024.12.20	00:35:11.455	0.56277				2
2024.12.20	00:35:23.552		0.56327			4
2024.12.20	00:35:37.916	0.56275				2
2024.12.20	00:35:38.448	0.56278				2
2024.12.20	00:35:39.184	0.56279				2
2024.12.20	00:35:40.484	0.56280				2
2024.12.20	00:35:41.315	0.56279				2
2024.12.20	00:35:42.889	0.56282				2
2024.12.20	00:35:43.848		0.56325			4
2024.12.20	00:35:49.566		0.56327			4
2024.12.20	00:35:50.420	0.56283				2
2024.12.20	00:35:54.063	0.56282				2
2024.12.20	00:36:00.072	0.56282				2
2024.12.20	00:36:01.881	0.56281				2
2024.12.20	00:36:03.357	0.56282				2
2024.12.20	00:36:07.338	0.56283				2
2024.12.20	00:36:19.657	0.56284				2
2024.12.20	00:36:31.290	0.56283				2
2024.12.20	00:36:34.039	0.56284				2
2024.12.20	00:36:49.810		0.56327			4
2024.12.20	00:36:58.258	0.56285				2
2024.12.20	00:37:02.844	0.56285				2
2024.12.20	00:37:17.541		0.56326			4
2024.12.20	00:37:20.437	0.56284	0.56327			6
2024.12.20	00:37:25.144		0.56326			4
2024.12.20	00:37:49.261		0.56327			4
2024.12.20	00:37:52.986		0.56326			4
2024.12.20	00:38:00.096	0.56284				2
2024.12.20	00:38:01.860	0.56285				2
2024.12.20	00:38:05.549	0.56287				2
2024.12.20	00:38:05.865	0.56285				2
2024.12.20	00:38:08.384	0.56284				2
2024.12.20	00:38:10.388	0.56283	0.56325			6
2024.12.20	00:38:11.552	0.56282				2
2024.12.20	00:38:27.129		0.56327			4
2024.12.20	00:38:36.246	0.56281				2
2024.12.20	00:38:39.749		0.56326			4
2024.12.20	00:38:43.456		0.56325			4
2024.12.20	00:38:50.717	0.56280				2
2024.12.20	00:38:51.727	0.56281	0.56324			6
2024.12.20	00:38:52.054	0.56282				2
2024.12.20	00:38:56.716	0.56281				2
2024.12.20	00:38:59.385	0.56282				2
2024.12.20	00:39:01.957	0.56282				2
2024.12.20	00:39:14.369	0.56283				2
2024.12.20	00:39:17.462	0.56282				2
2024.12.20	00:39:36.887	0.56281				2
2024.12.20	00:39:50.101	0.56280				2
2024.12.20	00:39:52.328		0.56324			4
2024.12.20	00:40:01.430	0.56280				2
2024.12.20	00:40:12.388		0.56323			4
2024.12.20	00:40:14.425		0.56324			4
2024.12.20	00:40:31.562	0.56279	0.56323			6
2024.12.20	00:40:39.741		0.56324			4
2024.12.20	00:41:00.698	0.56279				2
2024.12.20	00:41:28.820	0.56280				2
2024.12.20	00:41:35.112	0.56279	0.56323			6
2024.12.20	00:41:35.555	0.56280				2
2024.12.20	00:41:36.775		0.56324			4
2024.12.20	00:41:38.356	0.56281				2
2024.12.20	00:42:00.944	0.56281				2
2024.12.20	00:42:30.161		0.56323			4
2024.12.20	00:42:30.480		0.56324			4
2024.12.20	00:42:33.898		0.56323			4
2024.12.20	00:42:36.756		0.56324			4
2024.12.20	00:42:37.575	0.56282				2
2024.12.20	00:42:38.605		0.56325			4
2024.12.20	00:42:39.162	0.56281	0.56324			6
2024.12.20	00:42:43.828	0.56280				2
2024.12.20	00:42:46.037	0.56281				2
2024.12.20	00:43:01.139	0.56281				2
2024.12.20	00:43:02.431		0.56323			4
2024.12.20	00:43:09.349	0.56282				2
2024.12.20	00:43:23.881	0.56281				2
2024.12.20	00:43:25.576		0.56325			4
2024.12.20	00:43:28.262	0.56282				2
2024.12.20	00:43:29.406		0.56324			4
2024.12.20	00:43:32.730	0.56281	0.56323			6
2024.12.20	00:43:37.236	0.56282	0.56325			6
2024.12.20	00:43:49.822		0.56324			4
2024.12.20	00:43:52.615		0.56323			4
2024.12.20	00:43:53.160	0.56281				2
2024.12.20	00:44:01.380	0.56281				2
2024.12.20	00:44:16.352		0.56324			4
2024.12.20	00:44:18.514	0.56283	0.56325			6
2024.12.20	00:44:21.741		0.56326			4
2024.12.20	00:44:23.736		0.56325			4
2024.12.20	00:44:24.787	0.56287	0.56327			6
2024.12.20	00:44:25.092		0.56330			4
2024.12.20	00:44:25.565	0.56288				2
2024.12.20	00:44:26.958	0.56290				2
2024.12.20	00:44:27.322	0.56291				2
2024.12.20	00:44:27.997	0.56290				2
2024.12.20	00:44:31.483	0.56291	0.56333			6
2024.12.20	00:44:35.056	0.56292				2
2024.12.20	00:44:36.035	0.56291				2
2024.12.20	00:44:40.125	0.56292				2
2024.12.20	00:44:41.762	0.56293				2
2024.12.20	00:44:45.816	0.56294				2
2024.12.20	00:44:46.357		0.56335			4
2024.12.20	00:45:00.658	0.56295				2
2024.12.20	00:45:02.122	0.56292				2
2024.12.20	00:45:03.379	0.56291				2
2024.12.20	00:45:04.090	0.56292				2
2024.12.20	00:45:08.177	0.56307	0.56327			6
2024.12.20	00:45:16.559	0.56306				2
2024.12.20	00:45:18.556		0.56326			4
2024.12.20	00:45:19.061		0.56324			4
2024.12.20	00:45:24.594		0.56326			4
2024.12.20	00:45:27.714		0.56327			4
2024.12.20	00:45:31.495	0.56307	0.56326			6
2024.12.20	00:45:31.803		0.56328			4
2024.12.20	00:45:32.540	0.56306				2
2024.12.20	00:45:40.239		0.56324			4
2024.12.20	00:45:45.796		0.56328			4
2024.12.20	00:45:46.902		0.56329			4
2024.12.20	00:45:49.063		0.56328			4
2024.12.20	00:45:50.589	0.56305				2
2024.12.20	00:45:54.740	0.56306				2
2024.12.20	00:45:56.618	0.56305	0.56327			6
2024.12.20	00:45:58.383		0.56328			4
2024.12.20	00:46:01.826	0.56305				2
2024.12.20	00:46:02.256		0.56324			4
2024.12.20	00:46:03.200	0.56306				2
2024.12.20	00:46:07.483	0.56305				2
2024.12.20	00:46:07.808	0.56304	0.56327			6
2024.12.20	00:46:08.128	0.56305	0.56328			6
2024.12.20	00:46:08.571		0.56329			4
2024.12.20	00:46:15.384	0.56309	0.56328			6
2024.12.20	00:46:19.878		0.56329			4
2024.12.20	00:46:23.379		0.56324			4
2024.12.20	00:46:25.667	0.56310				2
2024.12.20	00:46:28.677		0.56329			4
2024.12.20	00:46:31.227	0.56306	0.56330			6
2024.12.20	00:46:35.989	0.56304	0.56328			6
2024.12.20	00:46:39.440	0.56305	0.56329			6
2024.12.20	00:46:39.827	0.56304	0.56328			6
2024.12.20	00:46:40.302	0.56303	0.56327			6
2024.12.20	00:46:41.764	0.56304				2
2024.12.20	00:46:42.961	0.56305	0.56329			6
2024.12.20	00:46:43.921		0.56324			4
2024.12.20	00:46:44.262	0.56306				2
2024.12.20	00:46:46.251	0.56304				2
2024.12.20	00:46:46.703	0.56305				2
2024.12.20	00:46:48.768	0.56306	0.56328			6
2024.12.20	00:47:00.235	0.56306				2
2024.12.20	00:47:02.110	0.56294	0.56331			6
2024.12.20	00:47:03.942	0.56306	0.56324			6
2024.12.20	00:47:09.925		0.56328			4
2024.12.20	00:47:12.611	0.56305				2
2024.12.20	00:47:25.346		0.56324			4
2024.12.20	00:47:31.332		0.56328			4
2024.12.20	00:47:33.269	0.56304				2
2024.12.20	00:47:36.198	0.56305				2
2024.12.20	00:47:38.911	0.56306				2
2024.12.20	00:47:40.159	0.56308				2
2024.12.20	00:47:48.177		0.56324			4
2024.12.20	00:47:54.122		0.56328			4
2024.12.20	00:48:01.433	0.56308				2
2024.12.20	00:48:06.650	0.56307				2
2024.12.20	00:48:07.383	0.56308				2
2024.12.20	00:48:10.829		0.56324			4
2024.12.20	00:48:12.121	0.56307				2
2024.12.20	00:48:12.870	0.56306				2
2024.12.20	00:48:16.701		0.56328			4
2024.12.20	00:48:17.781	0.56305				2
2024.12.20	00:48:21.066	0.56306				2
2024.12.20	00:48:27.414	0.56304				2
2024.12.20	00:48:32.011	0.56306	0.56324			6
2024.12.20	00:48:32.461	0.56304				2
2024.12.20	00:48:35.467		0.56325			4
2024.12.20	00:48:37.602		0.56328			4
2024.12.20	00:48:52.601		0.56325			4
2024.12.20	00:48:57.804		0.56328			4
2024.12.20	00:49:00.023	0.56304				2
2024.12.20	00:49:01.271	0.56303	0.56327			6
2024.12.20	00:49:03.563	0.56302				2
2024.12.20	00:49:06.845	0.56301				2
2024.12.20	00:49:11.687	0.56302	0.56326			6
2024.12.20	00:49:14.145		0.56320			4
2024.12.20	00:49:19.777	0.56301	0.56324			6
2024.12.20	00:49:23.201	0.56300				2
2024.12.20	00:49:35.566		0.56320			4
2024.12.20	00:49:39.630	0.56299				2
2024.12.20	00:49:41.187		0.56324			4
2024.12.20	00:49:47.013		0.56325			4
2024.12.20	00:49:57.991		0.56320			4
2024.12.20	00:50:00.361	0.56297				2
2024.12.20	00:50:00.751	0.56298				2
2024.12.20	00:50:03.300	0.56297	0.56325			6
2024.12.20	00:50:03.705		0.56323			4
2024.12.20	00:50:04.071		0.56324			4
2024.12.20	00:50:12.868	0.56299	0.56325			6
2024.12.20	00:50:16.173	0.56298				2
2024.12.20	00:50:17.336	0.56299	0.56326			6
2024.12.20	00:50:19.823		0.56322			4
2024.12.20	00:50:25.326		0.56326			4
2024.12.20	00:50:35.568		0.56316			4
2024.12.20	00:50:42.135		0.56315			4
2024.12.20	00:50:47.587		0.56316			4
2024.12.20	00:50:57.580	0.56294	0.56314			6
2024.12.20	00:50:57.888	0.56296				2
2024.12.20	00:51:00.261	0.56295	0.56311			6
2024.12.20	00:51:03.040		0.56312			4
2024.12.20	00:51:03.389		0.56311			4
2024.12.20	00:51:04.559		0.56310			4
2024.12.20	00:51:09.073	0.56294				2
2024.12.20	00:51:11.763	0.56293				2
2024.12.20	00:51:14.759	0.56294				2
2024.12.20	00:51:17.471		0.56309			4
2024.12.20	00:51:19.885	0.56299	0.56311			6
2024.12.20	00:51:25.599		0.56314			4
2024.12.20	00:51:29.008		0.56316			4
2024.12.20	00:51:45.871		0.56314			4
2024.12.20	00:51:51.749		0.56316			4
2024.12.20	00:52:03.552	0.56299				2
2024.12.20	00:52:06.905		0.56314			4
2024.12.20	00:52:12.880		0.56316			4
2024.12.20	00:52:17.595		0.56315			4
2024.12.20	00:52:28.084		0.56314			4
2024.12.20	00:52:33.192		0.56315			4
2024.12.20	00:52:48.413		0.56314			4
2024.12.20	00:52:54.461		0.56315			4
2024.12.20	00:53:00.381	0.56299				2
2024.12.20	00:53:10.932		0.56314			4
2024.12.20	00:53:16.709		0.56315			4
2024.12.20	00:53:20.532	0.56296				2
2024.12.20	00:53:33.315		0.56314			4
2024.12.20	00:53:38.411		0.56315			4
2024.12.20	00:53:45.356	0.56295				2
2024.12.20	00:53:45.671	0.56297				2
2024.12.20	00:53:45.985	0.56299				2
2024.12.20	00:53:48.958	0.56298				2
2024.12.20	00:53:54.815		0.56314			4
2024.12.20	00:53:55.395		0.56313			4
2024.12.20	00:54:00.682	0.56298				2
2024.12.20	00:54:01.560	0.56299				2
2024.12.20	00:54:32.619	0.56301	0.56314			6
2024.12.20	00:54:36.562		0.56313			4
2024.12.20	00:54:42.039		0.56314			4
2024.12.20	00:54:47.816		0.56313			4
2024.12.20	00:54:50.617	0.56295				2
2024.12.20	00:54:56.126	0.56297				2
2024.12.20	00:54:57.666	0.56294	0.56305			6
2024.12.20	00:55:00.320	0.56293				2
2024.12.20	00:55:07.869	0.56294				2
2024.12.20	00:55:16.790		0.56312			4
2024.12.20	00:55:17.105	0.56293	0.56310			6
2024.12.20	00:55:17.467	0.56294				2
2024.12.20	00:56:01.295	0.56294				2
2024.12.20	00:56:09.940	0.56293				2
2024.12.20	00:56:19.473		0.56310			4
2024.12.20	00:56:24.959	0.56294				2
2024.12.20	00:56:31.741	0.56293				2
2024.12.20	00:56:35.661	0.56299	0.56314			6
2024.12.20	00:57:02.736	0.56299				2
2024.12.20	00:57:07.600	0.56304	0.56318			6
2024.12.20	00:57:09.118		0.56320			4
2024.12.20	00:57:22.741		0.56321			4
2024.12.20	00:57:41.567	0.56314	0.56330			6
2024.12.20	00:57:44.716	0.56312	0.56324			6
2024.12.20	00:57:49.224	0.56310				2
2024.12.20	00:57:57.600	0.56304	0.56321			6
2024.12.20	00:57:58.560		0.56320			4
2024.12.20	00:57:59.091	0.56306				2
2024.12.20	00:58:01.690	0.56306				2
2024.12.20	00:58:03.654	0.56305	0.56319			6
2024.12.20	00:58:07.877	0.56306				2
2024.12.20	00:58:19.525	0.56305				2
2024.12.20	00:59:01.430	0.56305				2
2024.12.20	00:59:03.429	0.56304	0.56321			6
2024.12.20	00:59:11.105	0.56305	0.56319			6
2024.12.20	00:59:16.401	0.56304	0.56321			6
2024.12.20	00:59:17.184	0.56305	0.56319			6
2024.12.20	00:59:27.645	0.56304	0.56320			6
2024.12.20	00:59:28.796		0.56321			4
2024.12.20	00:59:29.112		0.56320			4
2024.12.20	00:59:37.137		0.56319			4
2024.12.20	00:59:47.551		0.56320			4
2024.12.20	00:59:48.410		0.56321			4
2024.12.20	00:59:55.908		0.56318			4
2024.12.20	00:59:58.108	0.56302				2
2024.12.20	01:00:00.317	0.56304	0.56314			6
2024.12.20	01:00:01.245	0.56303	0.56313			6
2024.12.20	01:00:01.553	0.56300	0.56309			6
2024.12.20	01:00:02.497	0.56298	0.56308			6
2024.12.20	01:00:03.114	0.56299	0.56309			6
2024.12.20	01:00:04.324	0.56301	0.56308			6
2024.12.20	01:00:05.231	0.56291	0.56302			6
2024.12.20	01:00:05.548		0.56296			4
2024.12.20	01:00:05.857		0.56297			4
2024.12.20	01:00:06.157	0.56292	0.56298			6
2024.12.20	01:00:06.461	0.56293				2
2024.12.20	01:00:07.700		0.56299			4
2024.12.20	01:00:11.024	0.56292				2
2024.12.20	01:00:11.630	0.56293	0.56301			6
2024.12.20	01:00:12.235	0.56290	0.56299			6
2024.12.20	01:00:14.070	0.56289	0.56298			6
2024.12.20	01:00:16.490	0.56293	0.56301			6
2024.12.20	01:00:16.792	0.56292	0.56300			6
2024.12.20	01:00:17.396		0.56301			4
2024.12.20	01:00:18.302		0.56300			4
2024.12.20	01:00:18.606	0.56291				2
2024.12.20	01:00:21.026		0.56298			4
2024.12.20	01:00:22.837		0.56299			4
2024.12.20	01:00:23.746		0.56300			4
2024.12.20	01:00:26.165	0.56294	0.56299			6
2024.12.20	01:00:26.471	0.56296	0.56301			6
2024.12.20	01:00:30.459	0.56300	0.56306			6
2024.12.20	01:00:39.272		0.56307			4
2024.12.20	01:00:40.208	0.56299	0.56304			6
2024.12.20	01:00:40.510	0.56300	0.56305			6
2024.12.20	01:00:40.812	0.56299	0.56304			6
2024.12.20	01:00:41.118	0.56298	0.56303			6
2024.12.20	01:00:43.856	0.56297	0.56302			6
2024.12.20	01:00:53.258	0.56296	0.56301			6
2024.12.20	01:01:00.215	0.56297	0.56302			6
2024.12.20	01:01:00.516	0.56295	0.56300			6
2024.12.20	01:01:01.144	0.56294	0.56299			6
2024.12.20	01:01:05.075	0.56292	0.56297			6
2024.12.20	01:01:05.382	0.56296	0.56301			6
2024.12.20	01:01:11.757	0.56295	0.56300			6
2024.12.20	01:01:14.780	0.56296				2
2024.12.20	01:01:15.084		0.56301			4
2024.12.20	01:01:15.386	0.56295	0.56300			6
2024.12.20	01:01:21.756	0.56294	0.56299			6
2024.12.20	01:01:27.805	0.56295	0.56300			6
2024.12.20	01:01:28.108	0.56294	0.56299			6
2024.12.20	01:01:35.696	0.56295	0.56300			6
2024.12.20	01:01:37.228		0.56299			4
2024.12.20	01:01:45.390	0.56294				2
2024.12.20	01:01:45.701	0.56288	0.56293			6
2024.12.20	01:01:48.442	0.56289	0.56294			6
2024.12.20	01:01:59.046	0.56288	0.56293			6
2024.12.20	01:02:00.257	0.56288				2
2024.12.20	01:02:09.631	0.56287	0.56292			6
2024.12.20	01:02:13.259	0.56284	0.56289			6
2024.12.20	01:02:18.128	0.56283	0.56288			6
2024.12.20	01:02:18.732		0.56287			4
2024.12.20	01:02:20.545	0.56282				2
2024.12.20	01:02:27.199	0.56281	0.56286			6
2024.12.20	01:02:29.013	0.56280	0.56285			6
2024.12.20	01:02:53.511	0.56279	0.56284			6
2024.12.20	01:03:00.162	0.56279				2
2024.12.20	01:03:09.836	0.56280	0.56285			6
2024.12.20	01:03:12.258		0.56284			4
2024.12.20	01:03:24.049		0.56285			4
2024.12.20	01:03:46.979		0.56284			4
2024.12.20	01:04:00.282	0.56280				2
2024.12.20	01:04:06.934	0.56278	0.56282			6
2024.12.20	01:04:07.235	0.56277				2
2024.12.20	01:04:10.260	0.56278	0.56283			6
2024.12.20	01:04:15.400	0.56277	0.56282			6
2024.12.20	01:04:19.633	0.56278	0.56283			6
2024.12.20	01:04:21.497	0.56277	0.56282			6
2024.12.20	01:04:26.336	0.56278				2
2024.12.20	01:04:38.127	0.56273	0.56278			6
2024.12.20	01:04:38.781	0.56276	0.56281			6
2024.12.20	01:04:48.812	0.56274	0.56279			6
2024.12.20	01:04:57.326	0.56272	0.56277			6
2024.12.20	01:04:59.442	0.56268	0.56273			6
2024.12.20	01:04:59.747	0.56267	0.56272			6
2024.12.20	01:05:00.099	0.56267	0.56271			6
2024.12.20	01:05:02.819	0.56268	0.56272			6
2024.12.20	01:05:04.936		0.56271			4
2024.12.20	01:05:05.540		0.56272			4
2024.12.20	01:05:06.145	0.56267				2
2024.12.20	01:05:06.448	0.56268				2
2024.12.20	01:05:07.406		0.56273			4
2024.12.20	01:05:09.370		0.56272			4
2024.12.20	01:05:09.974	0.56269	0.56273			6
2024.12.20	01:05:10.274	0.56270	0.56274			6
2024.12.20	01:05:15.122	0.56271				2
2024.12.20	01:05:19.702	0.56272	0.56276			6
2024.12.20	01:05:20.005	0.56271	0.56274			6
2024.12.20	01:05:20.308		0.56275			4
2024.12.20	01:05:20.609		0.56274			4
2024.12.20	01:05:22.476	0.56273	0.56277			6
2024.12.20	01:05:24.944		0.56278			4
2024.12.20	01:05:25.470	0.56272	0.56277			6
2024.12.20	01:05:28.271	0.56273				2
2024.12.20	01:05:39.462	0.56272				2
2024.12.20	01:05:41.576	0.56273				2
2024.12.20	01:05:52.767	0.56272				2
2024.12.20	01:05:54.580	0.56273				2
2024.12.20	01:05:54.885		0.56278			4
2024.12.20	01:05:56.041	0.56272	0.56277			6
2024.12.20	01:06:00.024	0.56272				2
2024.12.20	01:06:04.611		0.56274			4
2024.12.20	01:06:04.916	0.56267	0.56272			6
2024.12.20	01:06:06.425	0.56268	0.56273			6
2024.12.20	01:06:13.737	0.56267	0.56271			6
2024.12.20	01:06:14.040		0.56272			4
2024.12.20	01:06:14.340	0.56268				2
2024.12.20	01:06:14.646	0.56270	0.56275			6
2024.12.20	01:06:15.924		0.56274			4
2024.12.20	01:06:41.706	0.56267	0.56271			6
2024.12.20	01:06:45.135		0.56270			4
2024.12.20	01:06:46.040	0.56266				2
2024.12.20	01:06:47.252		0.56269			4
2024.12.20	01:06:49.721	0.56261	0.56266			6
2024.12.20	01:06:50.025	0.56262	0.56267			6
2024.12.20	01:06:53.094	0.56261	0.56265			6
2024.12.20	01:06:53.399	0.56260	0.56264			6
2024.12.20	01:07:00.098	0.56260				2
2024.12.20	01:07:01.611	0.56259	0.56263			6
2024.12.20	01:07:02.295	0.56260	0.56265			6
2024.12.20	01:07:04.739	0.56259	0.56264			6
2024.12.20	01:07:17.034	0.56261	0.56266			6
2024.12.20	01:07:31.862	0.56260	0.56265			6
2024.12.20	01:07:33.419	0.56261	0.56266			6
2024.12.20	01:07:34.631	0.56260	0.56265			6
2024.12.20	01:07:50.744	0.56261	0.56266			6
2024.12.20	01:07:51.058	0.56262	0.56267			6
2024.12.20	01:07:54.688	0.56261	0.56266			6
2024.12.20	01:08:00.129	0.56261				2
2024.12.20	01:08:30.169	0.56262				2
2024.12.20	01:08:50.126	0.56260	0.56264			6
2024.12.20	01:08:51.034	0.56261				2
2024.12.20	01:08:51.336	0.56263	0.56267			6
2024.12.20	01:08:58.745	0.56264				2
2024.12.20	01:09:00.057	0.56263				2
2024.12.20	01:09:00.739	0.56267	0.56271			6
2024.12.20	01:09:01.521	0.56258	0.56263			6
2024.12.20	01:09:01.869	0.56259	0.56264			6
2024.12.20	01:09:25.308	0.56264	0.56269			6
2024.12.20	01:09:47.171	0.56265				2
2024.12.20	01:09:47.476		0.56270			4
2024.12.20	01:09:54.833	0.56264	0.56269			6
2024.12.20	01:09:55.741	0.56265				2
2024.12.20	01:10:00.279	0.56265				2
2024.12.20	01:10:21.744	0.56264				2
2024.12.20	01:10:22.048	0.56266	0.56270			6
2024.12.20	01:11:01.259	0.56266				2
2024.12.20	01:11:07.251		0.56268			4
2024.12.20	01:11:20.604		0.56269			4
2024.12.20	01:11:27.105		0.56268			4
2024.12.20	01:11:31.942		0.56267			4
2024.12.20	01:11:35.570		0.56268			4
2024.12.20	01:11:46.809	0.56265				2
2024.12.20	01:11:50.436	0.56264				2
2024.12.20	01:11:52.854	0.56263	0.56267			6
2024.12.20	01:12:00.110	0.56263				2
2024.12.20	01:12:02.527	0.56264	0.56268			6
2024.12.20	01:12:04.040	0.56263	0.56267			6
2024.12.20	01:12:13.109	0.56264				2
2024.12.20	01:12:19.461		0.56268			4
2024.12.20	01:12:19.762		0.56267			4
2024.12.20	01:12:44.448	0.56263				2
2024.12.20	01:12:49.848	0.56262	0.56266			6
2024.12.20	01:12:52.309	0.56260	0.56264			6
2024.12.20	01:12:53.828		0.56263			4
2024.12.20	01:12:54.476	0.56259				2
2024.12.20	01:13:00.027	0.56259				2
2024.12.20	01:13:01.437	0.56258	0.56260			6
2024.12.20	01:13:01.744	0.56259	0.56262			6
2024.12.20	01:13:02.514	0.56260				2
2024.12.20	01:13:02.977	0.56259				2
2024.12.20	01:13:15.645		0.56263			4
2024.12.20	01:13:19.969	0.56261	0.56265			6
2024.12.20	01:13:22.380	0.56262	0.56264			6
2024.12.20	01:13:34.197	0.56263	0.56266			6
2024.12.20	01:13:46.395	0.56262				2
2024.12.20	01:13:46.697	0.56263				2
2024.12.20	01:13:53.651	0.56262				2
2024.12.20	01:13:53.953		0.56265			4
2024.12.20	01:13:54.256	0.56261				2
2024.12.20	01:13:59.699	0.56262				2
2024.12.20	01:14:00.003	0.56262				2
2024.12.20	01:14:21.721	0.56263	0.56266			6
2024.12.20	01:14:32.921	0.56264	0.56267			6
2024.12.20	01:14:44.055	0.56263				2
2024.12.20	01:14:48.368	0.56264				2
2024.12.20	01:14:55.298		0.56266			4
2024.12.20	01:14:56.642	0.56263				2
2024.12.20	01:14:57.052	0.56264				2
2024.12.20	01:14:58.333	0.56263				2
2024.12.20	01:15:00.377	0.56265				2
2024.12.20	01:15:01.374		0.56269			4
2024.12.20	01:15:01.803		0.56268			4
2024.12.20	01:15:21.456	0.56272	0.56275			6
2024.12.20	01:15:21.786		0.56274			4
2024.12.20	01:15:22.794		0.56275			4
2024.12.20	01:15:23.125		0.56274			4
2024.12.20	01:15:26.729		0.56275			4
2024.12.20	01:15:27.590		0.56274			4
2024.12.20	01:15:31.444	0.56270	0.56273			6
2024.12.20	01:15:37.753		0.56274			4
2024.12.20	01:15:38.978	0.56271				2
2024.12.20	01:15:39.312	0.56270				2
2024.12.20	01:15:39.983	0.56271				2
2024.12.20	01:15:40.684	0.56270	0.56273			6
2024.12.20	01:15:57.601	0.56272	0.56274			6
2024.12.20	01:15:57.939		0.56275			4
2024.12.20	01:16:00.346	0.56272				2
2024.12.20	01:16:03.570	0.56273	0.56276			6
2024.12.20	01:16:07.917	0.56272				2
2024.12.20	01:16:08.562	0.56274	0.56277			6
2024.12.20	01:16:10.826		0.56278			4
2024.12.20	01:16:13.914	0.56272	0.56276			6
2024.12.20	01:16:14.286	0.56273				2
2024.12.20	01:16:25.592	0.56272				2
2024.12.20	01:16:26.451		0.56275			4
2024.12.20	01:16:49.875	0.56273	0.56276			6
2024.12.20	01:16:53.524	0.56272				2
2024.12.20	01:16:54.500	0.56273				2
2024.12.20	01:16:54.807	0.56272				2
2024.12.20	01:17:00.404	0.56272				2
2024.12.20	01:17:03.415		0.56275			4
2024.12.20	01:17:05.536	0.56270	0.56273			6
2024.12.20	01:17:15.591	0.56273	0.56276			6
2024.12.20	01:17:16.263	0.56274	0.56277			6
2024.12.20	01:17:18.481	0.56275	0.56278			6
2024.12.20	01:17:20.154		0.56277			4
2024.12.20	01:17:23.178	0.56274				2
2024.12.20	01:17:28.035		0.56276			4
2024.12.20	01:17:28.350	0.56273				2
2024.12.20	01:17:30.042	0.56274	0.56277			6
2024.12.20	01:17:32.721	0.56273	0.56276			6
2024.12.20	01:17:34.601	0.56274	0.56277			6
2024.12.20	01:17:48.867	0.56276	0.56278			6
2024.12.20	01:17:49.173		0.56279			4
2024.12.20	01:17:49.593	0.56275	0.56278			6
2024.12.20	01:17:54.731		0.56279			4
2024.12.20	01:17:59.506	0.56277	0.56280			6
2024.12.20	01:18:00.157	0.56277				2
2024.12.20	01:18:01.431	0.56276	0.56278			6
2024.12.20	01:18:01.744	0.56275	0.56277			6
2024.12.20	01:18:02.646		0.56278			4
2024.12.20	01:18:06.254	0.56274	0.56277			6
2024.12.20	01:18:18.833	0.56275	0.56278			6
2024.12.20	01:18:19.139	0.56273	0.56277			6
2024.12.20	01:18:45.846	0.56275	0.56278			6
2024.12.20	01:18:47.401	0.56274	0.56277			6
2024.12.20	01:18:48.608	0.56277	0.56280			6
2024.12.20	01:18:50.171	0.56276				2
2024.12.20	01:18:59.392	0.56277				2
2024.12.20	01:18:59.695	0.56276				2
2024.12.20	01:19:00.812	0.56276				2
2024.12.20	01:19:10.576	0.56277				2
2024.12.20	01:19:16.934	0.56275	0.56277			6
2024.12.20	01:19:17.240	0.56274				2
2024.12.20	01:19:18.194	0.56273				2
2024.12.20	01:19:25.639	0.56271	0.56276			6
2024.12.20	01:19:26.339	0.56272				2
2024.12.20	01:19:26.643	0.56273				2
2024.12.20	01:19:30.294	0.56276	0.56280			6
2024.12.20	01:19:53.131	0.56279	0.56283			6
2024.12.20	01:19:57.439	0.56278	0.56282			6
2024.12.20	01:20:00.419	0.56278				2
2024.12.20	01:20:16.652		0.56281			4
2024.12.20	01:20:22.499	0.56276				2
2024.12.20	01:20:27.711		0.56280			4
2024.12.20	01:20:42.406	0.56277				2
2024.12.20	01:20:51.500	0.56276				2
2024.12.20	01:20:52.629	0.56277				2
2024.12.20	01:21:00.194	0.56277				2
2024.12.20	01:21:27.870		0.56280			4
2024.12.20	01:21:29.686	0.56276				2
2024.12.20	01:21:30.645	0.56277				2
2024.12.20	01:21:44.553	0.56280	0.56282			6
2024.12.20	01:21:44.864	0.56281	0.56284			6
2024.12.20	01:21:46.581	0.56280				2
2024.12.20	01:21:49.640		0.56283			4
2024.12.20	01:21:55.937	0.56281	0.56285			6
2024.12.20	01:21:59.878	0.56282				2
2024.12.20	01:22:00.180	0.56282				2
2024.12.20	01:22:05.925		0.56286			4
2024.12.20	01:22:06.832	0.56283				2
2024.12.20	01:22:08.649	0.56282				2
2024.12.20	01:22:10.516		0.56284			4
2024.12.20	01:22:15.060	0.56279	0.56282			6
2024.12.20	01:22:28.435	0.56281	0.56284			6
2024.12.20	01:22:40.401	0.56280	0.56283			6
2024.12.20	01:22:52.017	0.56279				2
2024.12.20	01:22:52.316		0.56282			4
2024.12.20	01:22:52.620		0.56283			4
2024.12.20	01:22:52.924	0.56280				2
2024.12.20	01:22:58.119	0.56277	0.56280			6
2024.12.20	01:23:00.286	0.56277				2
2024.12.20	01:23:01.799	0.56275	0.56278			6
2024.12.20	01:23:03.011	0.56276	0.56279			6
2024.12.20	01:23:07.253	0.56275				2
2024.12.20	01:23:07.555	0.56276				2
2024.12.20	01:23:12.709	0.56274	0.56278			6
2024.12.20	01:23:13.314		0.56277			4
2024.12.20	01:23:15.782		0.56276			4
2024.12.20	01:23:16.086	0.56277	0.56280			6
2024.12.20	01:23:17.298	0.56276				2
2024.12.20	01:23:18.809	0.56275	0.56279			6
2024.12.20	01:23:21.646	0.56276				2
2024.12.20	01:23:22.288	0.56278	0.56281			6
2024.12.20	01:23:22.594		0.56282			4
2024.12.20	01:23:33.813	0.56276	0.56281			6
2024.12.20	01:23:34.152	0.56277				2
2024.12.20	01:23:49.337	0.56278				2
2024.12.20	01:23:51.756	0.56282	0.56286			6
2024.12.20	01:23:53.021	0.56285	0.56287			6
2024.12.20	01:23:53.324	0.56284				2
2024.12.20	01:23:55.445	0.56283				2
2024.12.20	01:24:00.460	0.56283				2
2024.12.20	01:24:03.501	0.56279	0.56282			6
2024.12.20	01:24:09.901	0.56278				2
2024.12.20	01:24:18.070		0.56281			4
2024.12.20	01:24:18.375	0.56277				2
2024.12.20	01:24:18.676	0.56276				2
2024.12.20	01:24:18.990	0.56277				2
2024.12.20	01:24:22.057	0.56276				2
2024.12.20	01:24:22.364	0.56277				2
2024.12.20	01:24:23.318	0.56276				2
2024.12.20	01:24:35.425	0.56280	0.56284			6
2024.12.20	01:24:40.585		0.56283			4
2024.12.20	01:24:53.660	0.56279				2
2024.12.20	01:25:00.077	0.56279				2
2024.12.20	01:25:08.956	0.56275	0.56280			6
2024.12.20	01:25:09.263	0.56276	0.56281			6
2024.12.20	01:25:09.565	0.56277				2
2024.12.20	01:25:09.865		0.56279			4
2024.12.20	01:25:10.172	0.56274	0.56278			6
2024.12.20	01:25:45.406	0.56275				2
2024.12.20	01:25:45.755	0.56274				2
2024.12.20	01:25:58.457	0.56276				2
2024.12.20	01:26:01.664	0.56276				2
2024.12.20	01:26:08.526	0.56275				2
2024.12.20	01:26:13.381	0.56274	0.56278			6
2024.12.20	01:26:17.147		0.56277			4
2024.12.20	01:26:17.451	0.56272	0.56275			6
2024.12.20	01:26:19.225	0.56274	0.56278			6
2024.12.20	01:26:20.126	0.56273	0.56276			6
2024.12.20	01:26:22.043	0.56272				2
2024.12.20	01:26:24.754		0.56275			4
2024.12.20	01:26:25.800	0.56273	0.56276			6
2024.12.20	01:26:26.108	0.56274	0.56277			6
2024.12.20	01:26:35.721	0.56275				2
2024.12.20	01:26:39.607		0.56278			4
2024.12.20	01:26:49.854	0.56274				2
2024.12.20	01:27:00.269	0.56274				2
2024.12.20	01:27:00.898		0.56277			4
2024.12.20	01:27:11.579	0.56275				2
2024.12.20	01:27:12.215	0.56274	0.56278			6
2024.12.20	01:27:13.220	0.56275				2
2024.12.20	01:27:25.331	0.56276				2
2024.12.20	01:27:26.540		0.56279			4
2024.12.20	01:27:28.660	0.56275	0.56278			6
2024.12.20	01:27:38.636	0.56276				2
2024.12.20	01:27:38.939	0.56275				2
2024.12.20	01:27:50.694		0.56277			4
2024.12.20	01:27:59.473	0.56273	0.56276			6
2024.12.20	01:28:00.080	0.56273				2
2024.12.20	01:28:00.687		0.56275			4
2024.12.20	01:28:02.199		0.56276			4
2024.12.20	01:28:19.754		0.56275			4
2024.12.20	01:28:25.202		0.56274			4
2024.12.20	01:28:25.505	0.56270	0.56272			6
2024.12.20	01:28:29.562		0.56273			4
2024.12.20	01:28:58.617	0.56272	0.56275			6
2024.12.20	01:28:59.582	0.56270	0.56272			6
2024.12.20	01:29:01.589	0.56270				2
2024.12.20	01:29:08.363	0.56269				2
2024.12.20	01:29:17.337		0.56271			4
2024.12.20	01:29:24.359	0.56267	0.56269			6
2024.12.20	01:29:34.658	0.56269	0.56272			6
2024.12.20	01:29:34.966	0.56270				2
2024.12.20	01:29:43.958	0.56269				2
2024.12.20	01:29:52.830		0.56271			4
2024.12.20	01:29:54.573		0.56272			4
2024.12.20	01:29:57.008	0.56267	0.56269			6
2024.12.20	01:29:59.177		0.56270			4
2024.12.20	01:30:00.086	0.56267				2
2024.12.20	01:30:01.905		0.56271			4
2024.12.20	01:30:02.509	0.56265	0.56269			6
2024.12.20	01:30:04.023		0.56267			4
2024.12.20	01:30:09.779	0.56264				2
2024.12.20	01:30:10.615	0.56265				2
2024.12.20	01:30:11.239	0.56264				2
2024.12.20	01:30:20.213	0.56265				2
2024.12.20	01:30:24.303	0.56264				2
2024.12.20	01:30:25.123	0.56265				2
2024.12.20	01:30:27.207	0.56266	0.56268			6
2024.12.20	01:30:32.914	0.56265				2
2024.12.20	01:30:39.867	0.56261	0.56264			6
2024.12.20	01:30:40.170	0.56263	0.56265			6
2024.12.20	01:30:40.481		0.56266			4
2024.12.20	01:30:41.625	0.56262	0.56265			6
2024.12.20	01:30:42.409		0.56264			4
2024.12.20	01:30:43.494	0.56265	0.56267			6
2024.12.20	01:30:44.145		0.56268			4
2024.12.20	01:30:48.826	0.56264	0.56267			6
2024.12.20	01:30:56.759	0.56265				2
2024.12.20	01:30:59.881	0.56262	0.56265			6
2024.12.20	01:31:00.348	0.56262	0.56264			6
2024.12.20	01:31:02.252		0.56263			4
2024.12.20	01:31:02.857		0.56264			4
2024.12.20	01:31:11.745	0.56260	0.56262			6
2024.12.20	01:31:14.865	0.56261				2
2024.12.20	01:31:20.125	0.56260				2
2024.12.20	01:31:20.430	0.56261				2
2024.12.20	01:31:31.341	0.56260	0.56261			6
2024.12.20	01:31:31.645	0.56261	0.56262			6
2024.12.20	01:31:41.380		0.56263			4
2024.12.20	01:31:42.640	0.56260	0.56262			6
2024.12.20	01:31:43.291		0.56261			4
2024.12.20	01:31:46.020	0.56261	0.56263			6
2024.12.20	01:31:51.174	0.56260				2
2024.12.20	01:31:52.976		0.56262			4
2024.12.20	01:32:00.254	0.56260	0.56263			6
2024.12.20	01:32:00.561		0.56264			4
2024.12.20	01:32:03.637		0.56263			4
2024.12.20	01:32:21.169	0.56251	0.56255			6
2024.12.20	01:32:22.458	0.56249	0.56253			6
2024.12.20	01:32:22.759	0.56248	0.56252			6
2024.12.20	01:32:30.316	0.56249	0.56253			6
2024.12.20	01:32:30.656	0.56248				2
2024.12.20	01:32:31.383	0.56249				2
2024.12.20	01:32:37.788		0.56252			4
2024.12.20	01:32:38.093	0.56247	0.56251			6
2024.12.20	01:32:44.607	0.56246	0.56250			6
2024.12.20	01:32:48.019	0.56247				2
2024.12.20	01:32:55.314		0.56248			4
2024.12.20	01:32:55.618	0.56245				2
2024.12.20	01:32:56.143	0.56244	0.56247			6
2024.12.20	01:32:56.459		0.56248			4
2024.12.20	01:32:57.959	0.56245	0.56249			6
2024.12.20	01:32:58.441		0.56248			4
2024.12.20	01:33:00.438	0.56245				2
2024.12.20	01:33:02.378	0.56244				2
2024.12.20	01:33:04.978		0.56249			4
2024.12.20	01:33:09.302	0.56245				2
2024.12.20	01:33:09.607		0.56250			4
2024.12.20	01:33:09.926	0.56246				2
2024.12.20	01:33:12.026	0.56245				2
2024.12.20	01:33:12.651	0.56247	0.56251			6
2024.12.20	01:33:14.810	0.56246	0.56249			6
2024.12.20	01:33:16.666	0.56245				2
2024.12.20	01:33:19.259	0.56249	0.56252			6
2024.12.20	01:33:20.577	0.56248				2
2024.12.20	01:33:23.029	0.56246	0.56250			6
2024.12.20	01:33:33.776	0.56247	0.56251			6
2024.12.20	01:33:38.619	0.56248	0.56252			6
2024.12.20	01:33:44.823	0.56250	0.56254			6
2024.12.20	01:33:48.816		0.56255			4
2024.12.20	01:33:49.126	0.56251				2
2024.12.20	01:33:50.386	0.56250	0.56254			6
2024.12.20	01:33:51.911	0.56251	0.56255			6
2024.12.20	01:33:56.791		0.56254			4
2024.12.20	01:34:00.124	0.56251				2
2024.12.20	01:34:00.426	0.56250				2
2024.12.20	01:34:02.546		0.56253			4
2024.12.20	01:34:13.283	0.56251	0.56255			6
2024.12.20	01:34:14.197	0.56253	0.56257			6
2024.12.20	01:34:14.801	0.56254				2
2024.12.20	01:34:15.287		0.56258			4
2024.12.20	01:34:15.609		0.56257			4
2024.12.20	01:34:15.916		0.56258			4
2024.12.20	01:34:20.861		0.56257			4
2024.12.20	01:34:25.101	0.56251	0.56256			6
2024.12.20	01:34:26.881	0.56253				2
2024.12.20	01:34:27.223		0.56257			4
2024.12.20	01:34:32.985	0.56255	0.56258			6
2024.12.20	01:34:33.303		0.56259			4
2024.12.20	01:34:33.606	0.56256	0.56260			6
2024.12.20	01:34:33.936		0.56261			4
2024.12.20	01:34:38.051	0.56258	0.56262			6
2024.12.20	01:34:38.376	0.56259	0.56263			6
2024.12.20	01:34:40.796		0.56262			4
2024.12.20	01:34:42.613	0.56258	0.56260			6
2024.12.20	01:34:42.915	0.56256				2
2024.12.20	01:34:43.220		0.56259			4
2024.12.20	01:34:45.960	0.56255	0.56260			6
2024.12.20	01:34:48.216		0.56259			4
2024.12.20	01:34:49.119	0.56254	0.56258			6
2024.12.20	01:34:54.580	0.56256	0.56259			6
2024.12.20	01:34:54.881	0.56258	0.56262			6
2024.12.20	01:34:55.184		0.56263			4
2024.12.20	01:34:56.274	0.56259	0.56264			6
2024.12.20	01:34:56.589		0.56263			4
2024.12.20	01:34:59.625	0.56258				2
2024.12.20	01:35:00.043	0.56258				2
2024.12.20	01:35:00.562		0.56261			4
2024.12.20	01:35:00.868	0.56256	0.56260			6
2024.12.20	01:35:01.346		0.56259			4
2024.12.20	01:35:13.821		0.56260			4
2024.12.20	01:35:14.153	0.56258	0.56262			6
2024.12.20	01:35:15.751	0.56257	0.56260			6
2024.12.20	01:35:17.335		0.56259			4
2024.12.20	01:35:17.636	0.56256				2
2024.12.20	01:35:22.974	0.56255				2
2024.12.20	01:35:24.893	0.56256				2
2024.12.20	01:35:31.880	0.56255				2
2024.12.20	01:35:36.273	0.56256				2
2024.12.20	01:35:40.916	0.56255				2
2024.12.20	01:35:45.364	0.56258	0.56262			6
2024.12.20	01:36:00.237	0.56258				2
2024.12.20	01:36:03.471	0.56255	0.56260			6
2024.12.20	01:36:19.033	0.56256				2
2024.12.20	01:36:25.213		0.56261			4
2024.12.20	01:36:26.070		0.56260			4
2024.12.20	01:36:27.037	0.56257	0.56261			6
2024.12.20	01:36:36.743		0.56260			4
2024.12.20	01:36:37.054		0.56261			4
2024.12.20	01:36:51.615	0.56255	0.56259			6
2024.12.20	01:36:51.924	0.56256	0.56260			6
2024.12.20	01:36:52.383	0.56257	0.56261			6
2024.12.20	01:37:00.225	0.56257				2
2024.12.20	01:37:07.055	0.56256	0.56260			6
2024.12.20	01:37:13.894	0.56257	0.56261			6
2024.12.20	01:37:17.467	0.56260	0.56263			6
2024.12.20	01:37:18.745	0.56259				2
2024.12.20	01:37:21.953	0.56260	0.56264			6
2024.12.20	01:37:23.647		0.56263			4
2024.12.20	01:37:32.240	0.56263	0.56266			6
2024.12.20	01:37:32.541		0.56265			4
2024.12.20	01:37:32.876		0.56266			4
2024.12.20	01:37:42.942	0.56265	0.56269			6
2024.12.20	01:37:44.459	0.56269	0.56272			6
2024.12.20	01:37:44.771		0.56271			4
2024.12.20	01:37:46.203	0.56270	0.56273			6
2024.12.20	01:37:47.800		0.56274			4
2024.12.20	01:37:49.611	0.56274	0.56277			6
2024.12.20	01:37:49.995	0.56273				2
2024.12.20	01:37:50.814	0.56270	0.56274			6
2024.12.20	01:37:53.991	0.56269	0.56272			6
2024.12.20	01:37:54.346		0.56273			4
2024.12.20	01:37:55.502		0.56272			4
2024.12.20	01:38:00.469	0.56269				2
2024.12.20	01:38:00.892	0.56274	0.56277			6
2024.12.20	01:38:01.444		0.56276			4
2024.12.20	01:38:07.133	0.56270	0.56273			6
2024.12.20	01:38:07.455		0.56271			4
2024.12.20	01:38:10.787	0.56269				2
2024.12.20	01:38:12.058		0.56270			4
2024.12.20	01:38:12.366	0.56265	0.56268			6
2024.12.20	01:38:12.706	0.56267	0.56269			6
2024.12.20	01:38:13.050	0.56269	0.56272			6
2024.12.20	01:38:18.809		0.56271			4
2024.12.20	01:38:19.399		0.56273			4
2024.12.20	01:38:21.014		0.56272			4
2024.12.20	01:38:23.390		0.56271			4
2024.12.20	01:38:26.761	0.56268				2
2024.12.20	01:38:27.770		0.56269			4
2024.12.20	01:38:28.072		0.56271			4
2024.12.20	01:38:32.512		0.56272			4
2024.12.20	01:38:34.679	0.56269				2
2024.12.20	01:38:35.329	0.56270	0.56273			6
2024.12.20	01:38:40.527	0.56271	0.56275			6
2024.12.20	01:38:40.881	0.56273	0.56277			6
2024.12.20	01:38:41.208		0.56276			4
2024.12.20	01:38:47.219	0.56271	0.56274			6
2024.12.20	01:38:49.532	0.56270				2
2024.12.20	01:38:50.430	0.56269	0.56272			6
2024.12.20	01:38:55.007	0.56268				2
2024.12.20	01:38:57.027		0.56271			4
2024.12.20	01:38:58.037	0.56270	0.56273			6
2024.12.20	01:38:59.456		0.56274			4
2024.12.20	01:39:00.274	0.56270				2
2024.12.20	01:39:01.200	0.56273	0.56277			6
2024.12.20	01:39:01.527		0.56276			4
2024.12.20	01:39:02.804		0.56277			4
2024.12.20	01:39:14.958	0.56274	0.56278			6
2024.12.20	01:39:15.298	0.56273	0.56277			6
2024.12.20	01:39:18.824		0.56276			4
2024.12.20	01:39:19.665		0.56277			4
2024.12.20	01:39:21.267	0.56276	0.56280			6
2024.12.20	01:39:21.593		0.56279			4
2024.12.20	01:39:23.069		0.56280			4
2024.12.20	01:39:24.454		0.56279			4
2024.12.20	01:39:27.225	0.56274	0.56278			6
2024.12.20	01:39:30.979	0.56276	0.56279			6
2024.12.20	01:39:36.461	0.56277	0.56280			6
2024.12.20	01:39:37.975		0.56279			4
2024.12.20	01:39:38.279	0.56275				2
2024.12.20	01:39:43.817	0.56278	0.56282			6
2024.12.20	01:39:44.126	0.56277	0.56281			6
2024.12.20	01:39:50.883	0.56278	0.56282			6
2024.12.20	01:39:52.702	0.56279	0.56283			6
2024.12.20	01:40:00.331	0.56279				2
2024.12.20	01:40:03.921		0.56282			4
2024.12.20	01:40:06.955	0.56278				2
2024.12.20	01:40:07.260	0.56279				2
2024.12.20	01:40:07.952	0.56278				2
2024.12.20	01:40:09.503	0.56279				2
2024.12.20	01:40:13.766	0.56278				2
2024.12.20	01:40:16.256	0.56279				2
2024.12.20	01:40:19.222		0.56281			4
2024.12.20	01:40:19.799	0.56278				2
2024.12.20	01:40:21.464	0.56276	0.56279			6
2024.12.20	01:40:22.340		0.56278			4
2024.12.20	01:40:24.706	0.56273	0.56276			6
2024.12.20	01:40:29.288		0.56275			4
2024.12.20	01:40:29.597	0.56271	0.56274			6
2024.12.20	01:40:32.251	0.56269	0.56272			6
2024.12.20	01:40:33.247	0.56268	0.56271			6
2024.12.20	01:40:33.552	0.56269	0.56272			6
2024.12.20	01:40:40.879	0.56267	0.56270			6
2024.12.20	01:40:46.038	0.56270	0.56273			6
2024.12.20	01:40:48.163	0.56269	0.56272			6
2024.12.20	01:40:57.391	0.56272	0.56275			6
2024.12.20	01:41:00.461	0.56272				2
2024.12.20	01:41:06.692	0.56274	0.56277			6
2024.12.20	01:41:16.870	0.56275	0.56278			6
2024.12.20	01:41:24.686	0.56274	0.56277			6
2024.12.20	01:41:30.995	0.56273	0.56276			6
2024.12.20	01:41:32.064	0.56272	0.56275			6
2024.12.20	01:41:32.466	0.56270	0.56273			6
2024.12.20	01:41:32.791	0.56269	0.56272			6
2024.12.20	01:41:45.366	0.56265	0.56268			6
2024.12.20	01:41:45.685	0.56264	0.56267			6
2024.12.20	01:42:00.438	0.56264				2
2024.12.20	01:42:17.568	0.56266	0.56268			6
2024.12.20	01:42:23.243	0.56265	0.56267			6
2024.12.20	01:42:23.553	0.56263	0.56266			6
2024.12.20	01:42:35.635	0.56265	0.56268			6
2024.12.20	01:42:36.425	0.56264				2
2024.12.20	01:42:37.319	0.56263	0.56266			6
2024.12.20	01:42:40.987	0.56262	0.56265			6
2024.12.20	01:42:44.719	0.56260	0.56263			6
2024.12.20	01:42:53.001		0.56264			4
2024.12.20	01:43:01.041	0.56260				2
2024.12.20	01:43:05.780	0.56261				2
2024.12.20	01:43:34.747		0.56265			4
2024.12.20	01:43:45.276		0.56264			4
2024.12.20	01:43:48.662	0.56262				2
2024.12.20	01:43:53.678	0.56261				2
2024.12.20	01:43:56.156	0.56262				2
2024.12.20	01:43:57.043	0.56261				2
2024.12.20	01:43:57.360		0.56265			4
2024.12.20	01:43:57.672		0.56264			4
2024.12.20	01:44:02.331	0.56261				2
2024.12.20	01:44:07.204	0.56263	0.56266			6
2024.12.20	01:44:11.875		0.56267			4
2024.12.20	01:44:27.639	0.56265	0.56269			6
2024.12.20	01:44:28.672	0.56264	0.56268			6
2024.12.20	01:44:31.751	0.56265	0.56269			6
2024.12.20	01:44:34.716	0.56264	0.56268			6
2024.12.20	01:44:38.886	0.56262	0.56266			6
2024.12.20	01:44:39.886	0.56263	0.56267			6
2024.12.20	01:44:43.680		0.56266			4
2024.12.20	01:44:47.619	0.56261	0.56264			6
2024.12.20	01:44:48.325		0.56263			4
2024.12.20	01:44:50.958		0.56264			4
2024.12.20	01:44:54.564		0.56263			4
2024.12.20	01:44:54.923		0.56262			4
2024.12.20	01:44:55.614		0.56264			4
2024.12.20	01:44:56.648	0.56264	0.56267			6
2024.12.20	01:44:56.965	0.56263				2
2024.12.20	01:45:00.450	0.56263				2
2024.12.20	01:45:04.410	0.56264	0.56268			6
2024.12.20	01:45:04.728	0.56263	0.56266			6
2024.12.20	01:45:05.453	0.56264	0.56268			6
2024.12.20	01:45:07.302	0.56265				2
2024.12.20	01:45:09.955	0.56264				2
2024.12.20	01:45:11.425		0.56267			4
2024.12.20	01:45:17.881	0.56263	0.56266			6
2024.12.20	01:45:20.476	0.56262				2
2024.12.20	01:45:22.139	0.56263				2
2024.12.20	01:45:22.820		0.56267			4
2024.12.20	01:45:24.774		0.56266			4
2024.12.20	01:45:31.476	0.56266	0.56269			6
2024.12.20	01:45:31.851		0.56270			4
2024.12.20	01:45:37.598	0.56265	0.56269			6
2024.12.20	01:45:45.267		0.56268			4
2024.12.20	01:45:45.569	0.56264	0.56267			6
2024.12.20	01:45:45.928	0.56265	0.56268			6
2024.12.20	01:45:48.677	0.56264				2
2024.12.20	01:45:49.063	0.56265				2
2024.12.20	01:45:50.625		0.56267			4
2024.12.20	01:45:51.055		0.56269			4
2024.12.20	01:45:52.321	0.56266	0.56270			6
2024.12.20	01:45:58.523		0.56269			4
2024.12.20	01:46:00.468	0.56265				2
2024.12.20	01:46:01.436	0.56266				2
2024.12.20	01:46:02.650	0.56267	0.56270			6
2024.12.20	01:46:03.365	0.56268	0.56271			6
2024.12.20	01:46:18.372	0.56266	0.56269			6
2024.12.20	01:46:19.379	0.56265				2
2024.12.20	01:46:22.335	0.56266				2
2024.12.20	01:46:28.101		0.56268			4
2024.12.20	01:46:28.401	0.56265				2
2024.12.20	01:46:28.704	0.56264	0.56266			6
2024.12.20	01:46:29.016		0.56267			4
2024.12.20	01:46:30.237		0.56266			4
2024.12.20	01:46:32.690	0.56261	0.56264			6
2024.12.20	01:46:34.534	0.56262				2
2024.12.20	01:46:34.877	0.56261				2
2024.12.20	01:46:36.409	0.56262				2
2024.12.20	01:46:37.106	0.56261				2
2024.12.20	01:46:37.514		0.56265			4
2024.12.20	01:46:39.107		0.56264			4
2024.12.20	01:46:47.292		0.56265			4
2024.12.20	01:46:47.918		0.56264			4
2024.12.20	01:47:01.300	0.56261				2
2024.12.20	01:47:20.540		0.56263			4
2024.12.20	01:47:32.050		0.56264			4
2024.12.20	01:47:46.157		0.56263			4
2024.12.20	01:47:47.382	0.56262	0.56264			6
2024.12.20	01:47:50.713	0.56261				2
2024.12.20	01:47:53.444		0.56263			4
2024.12.20	01:47:56.488	0.56262	0.56264			6
2024.12.20	01:47:56.794	0.56263	0.56265			6
2024.12.20	01:47:59.247	0.56261	0.56264			6
2024.12.20	01:48:00.155	0.56261				2
2024.12.20	01:48:01.365		0.56263			4
2024.12.20	01:48:11.666	0.56260				2
2024.12.20	01:48:14.397	0.56261				2
2024.12.20	01:48:32.271	0.56255	0.56257			6
2024.12.20	01:48:33.183	0.56253				2
2024.12.20	01:48:42.752	0.56254				2
2024.12.20	01:48:44.835	0.56253				2
2024.12.20	01:48:46.261	0.56254				2
2024.12.20	01:48:47.479	0.56253				2
2024.12.20	01:48:50.406	0.56254				2
2024.12.20	01:48:51.317	0.56251	0.56254			6
2024.12.20	01:48:51.631		0.56255			4
2024.12.20	01:48:51.973	0.56252				2
2024.12.20	01:48:58.866	0.56251	0.56254			6
2024.12.20	01:49:01.127	0.56251				2
2024.12.20	01:49:01.673	0.56252				2
2024.12.20	01:49:02.046	0.56251				2
2024.12.20	01:49:02.355	0.56252				2
2024.12.20	01:49:02.706		0.56253			4
2024.12.20	01:49:03.115	0.56251	0.56254			6
2024.12.20	01:49:03.456	0.56248	0.56251			6
2024.12.20	01:49:04.397	0.56247				2
2024.12.20	01:49:11.938	0.56246	0.56250			6
2024.12.20	01:49:14.746	0.56247				2
2024.12.20	01:49:16.068	0.56244	0.56248			6
2024.12.20	01:49:25.124	0.56243	0.56246			6
2024.12.20	01:49:25.455		0.56247			4
2024.12.20	01:49:29.295	0.56245	0.56248			6
2024.12.20	01:49:32.826	0.56244				2
2024.12.20	01:49:33.448	0.56245				2
2024.12.20	01:49:34.545	0.56244				2
2024.12.20	01:49:34.858	0.56245				2
2024.12.20	01:49:36.895	0.56244				2
2024.12.20	01:49:37.202	0.56245	0.56249			6
2024.12.20	01:49:37.505	0.56246				2
2024.12.20	01:49:40.601		0.56250			4
2024.12.20	01:49:41.055	0.56248	0.56252			6
2024.12.20	01:49:41.382	0.56250	0.56254			6
2024.12.20	01:49:42.113	0.56249	0.56253			6
2024.12.20	01:49:42.861	0.56251	0.56254			6
2024.12.20	01:49:43.168	0.56252	0.56256			6
2024.12.20	01:49:43.501		0.56255			4
2024.12.20	01:49:43.812		0.56256			4
2024.12.20	01:49:47.051	0.56249	0.56253			6
2024.12.20	01:49:53.077	0.56248	0.56252			6
2024.12.20	01:49:55.497		0.56251			4
2024.12.20	01:49:57.060	0.56247				2
2024.12.20	01:50:00.872	0.56247				2
2024.12.20	01:50:02.021		0.56248			4
2024.12.20	01:50:02.322		0.56251			4
2024.12.20	01:50:06.668	0.56248				2
2024.12.20	01:50:10.353		0.56252			4
2024.12.20	01:50:13.995		0.56251			4
2024.12.20	01:50:16.034		0.56252			4
2024.12.20	01:50:17.615	0.56255	0.56258			6
2024.12.20	01:50:17.923	0.56254				2
2024.12.20	01:50:18.251	0.56255				2
2024.12.20	01:50:19.410	0.56254				2
2024.12.20	01:50:20.574	0.56255				2
2024.12.20	01:50:21.001	0.56254				2
2024.12.20	01:50:26.650	0.56255				2
2024.12.20	01:50:31.322		0.56259			4
2024.12.20	01:50:31.634	0.56257	0.56260			6
2024.12.20	01:50:32.273	0.56258	0.56261			6
2024.12.20	01:50:38.077		0.56262			4
2024.12.20	01:50:44.584	0.56257	0.56260			6
2024.12.20	01:50:50.831		0.56261			4
2024.12.20	01:50:51.165	0.56258				2
2024.12.20	01:50:51.985	0.56257				2
2024.12.20	01:50:52.369	0.56258				2
2024.12.20	01:50:52.688	0.56257				2
2024.12.20	01:50:55.920		0.56260			4
2024.12.20	01:51:00.109	0.56257				2
2024.12.20	01:51:02.315		0.56261			4
2024.12.20	01:51:03.222		0.56260			4
2024.12.20	01:51:03.577	0.56256	0.56259			6
2024.12.20	01:51:03.891	0.56254	0.56256			6
2024.12.20	01:51:04.195	0.56255	0.56258			6
2024.12.20	01:51:07.411	0.56254				2
2024.12.20	01:51:09.334	0.56255	0.56259			6
2024.12.20	01:51:36.359	0.56254	0.56258			6
2024.12.20	01:51:40.731	0.56255	0.56259			6
2024.12.20	01:51:41.655	0.56254	0.56258			6
2024.12.20	01:51:44.040		0.56259			4
2024.12.20	01:51:44.658	0.56255				2
2024.12.20	01:51:49.808	0.56254	0.56258			6
2024.12.20	01:51:51.145		0.56257			4
2024.12.20	01:51:54.757	0.56257	0.56261			6
2024.12.20	01:51:55.130	0.56258	0.56262			6
2024.12.20	01:51:55.441	0.56259	0.56263			6
2024.12.20	01:51:55.745	0.56258	0.56261			6
2024.12.20	01:52:00.464	0.56258				2
2024.12.20	01:52:14.314	0.56260	0.56264			6
2024.12.20	01:52:16.274	0.56259	0.56262			6
2024.12.20	01:52:16.588	0.56258	0.56261			6
2024.12.20	01:52:27.454	0.56257	0.56260			6
2024.12.20	01:52:38.392	0.56256				2
2024.12.20	01:52:52.914	0.56255	0.56259			6
2024.12.20	01:52:55.960	0.56256				2
2024.12.20	01:52:56.698		0.56258			4
2024.12.20	01:52:57.153		0.56259			4
2024.12.20	01:52:58.235	0.56259	0.56264			6
2024.12.20	01:52:58.546	0.56260				2
2024.12.20	01:53:00.085	0.56260				2
2024.12.20	01:53:00.914	0.56259				2
2024.12.20	01:53:01.510		0.56262			4
2024.12.20	01:53:02.484	0.56258				2
2024.12.20	01:53:07.490		0.56261			4
2024.12.20	01:53:15.034	0.56257				2
2024.12.20	01:53:26.888		0.56260			4
2024.12.20	01:53:28.353		0.56261			4
2024.12.20	01:53:41.384	0.56262	0.56265			6
2024.12.20	01:53:41.739	0.56263	0.56266			6
2024.12.20	01:53:42.342	0.56262				2
2024.12.20	01:53:44.019	0.56263				2
2024.12.20	01:53:44.687	0.56262				2
2024.12.20	01:53:47.302	0.56265	0.56268			6
2024.12.20	01:53:47.944	0.56264	0.56267			6
2024.12.20	01:53:54.778	0.56262	0.56266			6
2024.12.20	01:53:57.869	0.56265	0.56268			6
2024.12.20	01:54:00.570	0.56265				2
2024.12.20	01:54:02.408		0.56269			4
2024.12.20	01:54:06.129	0.56263	0.56267			6
2024.12.20	01:54:12.603		0.56266			4
2024.12.20	01:54:16.178	0.56262				2
2024.12.20	01:54:28.279	0.56263				2
2024.12.20	01:54:30.022	0.56265	0.56268			6
2024.12.20	01:54:30.349	0.56264				2
2024.12.20	01:54:30.937	0.56265				2
2024.12.20	01:54:32.818	0.56264				2
2024.12.20	01:54:34.282	0.56265				2
2024.12.20	01:54:38.575	0.56266				2
2024.12.20	01:54:38.882	0.56265	0.56267			6
2024.12.20	01:54:39.185		0.56268			4
2024.12.20	01:54:39.790	0.56264	0.56267			6
2024.12.20	01:54:40.255		0.56268			4
2024.12.20	01:54:46.940	0.56265				2
2024.12.20	01:54:48.140	0.56264				2
2024.12.20	01:54:50.545		0.56267			4
2024.12.20	01:54:52.493	0.56263	0.56266			6
2024.12.20	01:54:54.496	0.56264				2
2024.12.20	01:54:57.327	0.56265	0.56269			6
2024.12.20	01:55:00.462	0.56265				2
2024.12.20	01:55:17.623	0.56264	0.56267			6
2024.12.20	01:55:28.198		0.56268			4
2024.12.20	01:55:28.522	0.56265	0.56269			6
2024.12.20	01:55:31.257		0.56268			4
2024.12.20	01:55:31.862	0.56264				2
2024.12.20	01:55:32.327		0.56267			4
2024.12.20	01:55:35.723	0.56265				2
2024.12.20	01:55:37.561	0.56264	0.56266			6
2024.12.20	01:55:37.882		0.56267			4
2024.12.20	01:55:39.429	0.56265	0.56268			6
2024.12.20	01:55:46.393	0.56264	0.56267			6
2024.12.20	01:55:46.695		0.56266			4
2024.12.20	01:55:51.393	0.56263				2
2024.12.20	01:55:58.670	0.56261	0.56264			6
2024.12.20	01:55:58.974	0.56260	0.56262			6
2024.12.20	01:56:00.206	0.56260	0.56263			6
2024.12.20	01:56:01.444	0.56259	0.56262			6
2024.12.20	01:56:01.749	0.56258				2
2024.12.20	01:56:02.307	0.56261	0.56265			6
2024.12.20	01:56:08.103	0.56262				2
2024.12.20	01:56:10.979	0.56265	0.56269			6
2024.12.20	01:56:11.316	0.56266				2
2024.12.20	01:56:13.567	0.56265	0.56267			6
2024.12.20	01:56:14.243		0.56269			4
2024.12.20	01:56:23.736		0.56268			4
2024.12.20	01:56:24.099		0.56269			4
2024.12.20	01:56:24.688		0.56268			4
2024.12.20	01:56:25.020		0.56269			4
2024.12.20	01:56:25.871		0.56268			4
2024.12.20	01:56:26.372		0.56269			4
2024.12.20	01:56:30.878		0.56268			4
2024.12.20	01:56:31.187		0.56269			4
2024.12.20	01:56:38.922	0.56266				2
2024.12.20	01:56:55.629	0.56265				2
2024.12.20	01:56:58.443		0.56268			4
2024.12.20	01:56:58.773		0.56269			4
2024.12.20	01:57:00.118	0.56265				2
2024.12.20	01:57:00.515		0.56268			4
2024.12.20	01:57:04.046	0.56266	0.56269			6
2024.12.20	01:57:06.174	0.56265	0.56268			6
2024.12.20	01:57:07.708	0.56266	0.56269			6
2024.12.20	01:57:10.436	0.56265	0.56268			6
2024.12.20	01:57:10.754	0.56266	0.56269			6
2024.12.20	01:57:19.513	0.56268	0.56270			6
2024.12.20	01:57:21.113	0.56267				2
2024.12.20	01:57:24.281	0.56266	0.56269			6
2024.12.20	01:57:25.806	0.56265	0.56268			6
2024.12.20	01:57:29.235	0.56268	0.56270			6
2024.12.20	01:57:38.724		0.56271			4
2024.12.20	01:57:59.096	0.56267	0.56269			6
2024.12.20	01:58:00.008	0.56268	0.56270			6
2024.12.20	01:58:02.345		0.56269			4
2024.12.20	01:58:04.909	0.56267	0.56270			6
2024.12.20	01:58:07.397	0.56268				2
2024.12.20	01:58:15.877	0.56269	0.56271			6
2024.12.20	01:58:19.563	0.56270	0.56272			6
2024.12.20	01:58:21.079	0.56272	0.56274			6
2024.12.20	01:58:21.985	0.56267	0.56269			6
2024.12.20	01:58:22.292	0.56268				2
2024.12.20	01:58:22.918	0.56269	0.56270			6
2024.12.20	01:58:23.219	0.56268				2
2024.12.20	01:58:49.403	0.56266	0.56268			6
2024.12.20	01:58:49.706	0.56267	0.56269			6
2024.12.20	01:58:57.306	0.56268	0.56270			6
2024.12.20	01:59:00.476	0.56267	0.56269			6
2024.12.20	01:59:04.862	0.56268	0.56270			6
2024.12.20	01:59:11.258		0.56269			4
2024.12.20	01:59:13.401	0.56267				2
2024.12.20	01:59:15.218	0.56266	0.56267			6
2024.12.20	01:59:15.523	0.56265				2
2024.12.20	01:59:23.438	0.56263	0.56265			6
2024.12.20	01:59:45.269	0.56260	0.56262			6
2024.12.20	01:59:45.571	0.56261	0.56263			6
2024.12.20	01:59:46.200	0.56260				2
2024.12.20	01:59:49.489	0.56261	0.56264			6
2024.12.20	01:59:50.115	0.56260	0.56263			6
2024.12.20	01:59:51.074	0.56261				2
2024.12.20	01:59:53.248		0.56264			4
2024.12.20	01:59:56.277	0.56262				2
2024.12.20	01:59:57.187	0.56261	0.56263			6
2024.12.20	01:59:59.963	0.56262	0.56264			6
2024.12.20	02:00:00.268	0.56262				2
2024.12.20	02:00:02.708	0.56261	0.56263			6
2024.12.20	02:00:03.918	0.56256	0.56258			6
2024.12.20	02:00:04.227	0.56255	0.56259			6
2024.12.20	02:00:04.607		0.56258			4
2024.12.20	02:00:04.939		0.56259			4
2024.12.20	02:00:07.027	0.56257	0.56260			6
2024.12.20	02:00:12.892		0.56261			4
2024.12.20	02:00:13.205		0.56260			4
2024.12.20	02:00:15.372	0.56258	0.56261			6
2024.12.20	02:00:18.141	0.56257				2
2024.12.20	02:00:21.068	0.56258				2
2024.12.20	02:00:22.590	0.56257				2
2024.12.20	02:00:24.142		0.56260			4
2024.12.20	02:00:25.355	0.56258				2
2024.12.20	02:00:27.576	0.56257				2
2024.12.20	02:00:32.162	0.56255	0.56258			6
2024.12.20	02:00:33.680		0.56257			4
2024.12.20	02:00:35.599		0.56258			4
2024.12.20	02:00:38.981		0.56257			4
2024.12.20	02:00:39.283		0.56258			4
2024.12.20	02:00:40.495		0.56257			4
2024.12.20	02:00:41.103		0.56258			4
2024.12.20	02:00:41.405		0.56257			4
2024.12.20	02:00:49.882	0.56262	0.56264			6
2024.12.20	02:00:50.489		0.56263			4
2024.12.20	02:00:50.795	0.56263	0.56264			6
2024.12.20	02:00:51.107	0.56262	0.56263			6
2024.12.20	02:00:51.733	0.56261				2
2024.12.20	02:00:52.287	0.56260	0.56262			6
2024.12.20	02:00:53.054	0.56263	0.56264			6
2024.12.20	02:00:53.432	0.56262				2
2024.12.20	02:00:53.735		0.56263			4
2024.12.20	02:00:55.733	0.56263	0.56264			6
2024.12.20	02:00:57.968	0.56266	0.56267			6
2024.12.20	02:00:58.281	0.56273	0.56274			6
2024.12.20	02:00:58.585	0.56272	0.56273			6
2024.12.20	02:00:59.549	0.56271				2
2024.12.20	02:01:00.281	0.56272				2
2024.12.20	02:01:01.498	0.56270	0.56272			6
2024.12.20	02:01:02.502	0.56271				2
2024.12.20	02:01:02.872	0.56273	0.56274			6
2024.12.20	02:01:03.558	0.56277	0.56278			6
2024.12.20	02:01:04.546	0.56276	0.56277			6
2024.12.20	02:01:06.377	0.56277	0.56278			6
2024.12.20	02:01:07.791	0.56278	0.56279			6
2024.12.20	02:01:08.473	0.56277	0.56278			6
2024.12.20	02:01:09.782	0.56279	0.56280			6
2024.12.20	02:01:11.024	0.56276	0.56277			6
2024.12.20	02:01:15.377	0.56274	0.56276			6
2024.12.20	02:01:17.579	0.56270	0.56271			6
2024.12.20	02:01:21.670	0.56269				2
2024.12.20	02:01:22.222	0.56273	0.56274			6
2024.12.20	02:01:23.587	0.56271				2
2024.12.20	02:01:24.477	0.56272	0.56273			6
2024.12.20	02:01:24.961	0.56269	0.56271			6
2024.12.20	02:01:28.118	0.56267	0.56268			6
2024.12.20	02:01:31.463	0.56265				2
2024.12.20	02:01:32.616	0.56268	0.56269			6
2024.12.20	02:01:32.984	0.56265	0.56268			6
2024.12.20	02:01:33.446	0.56268	0.56269			6
2024.12.20	02:01:35.316	0.56270	0.56271			6
2024.12.20	02:01:37.370	0.56264	0.56266			6
2024.12.20	02:01:39.538	0.56263	0.56265			6
2024.12.20	02:01:40.887	0.56265	0.56266			6
2024.12.20	02:01:43.180	0.56264	0.56265			6
2024.12.20	02:01:43.492	0.56265	0.56266			6
2024.12.20	02:01:44.058	0.56264	0.56265			6
2024.12.20	02:01:47.557		0.56266			4
2024.12.20	02:01:49.299		0.56265			4
2024.12.20	02:01:58.487	0.56263				2
2024.12.20	02:01:58.995		0.56264			4
2024.12.20	02:01:59.946	0.56264	0.56265			6
2024.12.20	02:02:00.391	0.56264				2
2024.12.20	02:02:03.369	0.56265	0.56266			6
2024.12.20	02:02:06.917	0.56264				2
2024.12.20	02:02:07.257	0.56265				2
2024.12.20	02:02:07.891	0.56268	0.56269			6
2024.12.20	02:02:08.560	0.56267	0.56268			6
2024.12.20	02:02:11.306	0.56268	0.56269			6
2024.12.20	02:02:11.843	0.56267	0.56268			6
2024.12.20	02:02:17.409	0.56266				2
2024.12.20	02:02:19.142	0.56267				2
2024.12.20	02:02:43.044	0.56265				2
2024.12.20	02:02:43.351		0.56266			4
2024.12.20	02:02:44.948	0.56264	0.56265			6
2024.12.20	02:02:47.185	0.56259	0.56261			6
2024.12.20	02:02:47.495	0.56258				2
2024.12.20	02:02:51.810	0.56254	0.56257			6
2024.12.20	02:02:52.124	0.56255				2
2024.12.20	02:02:54.230	0.56250	0.56252			6
2024.12.20	02:02:55.149	0.56251	0.56253			6
2024.12.20	02:03:00.062	0.56251				2
2024.12.20	02:03:01.627	0.56253	0.56254			6
2024.12.20	02:03:01.945	0.56252	0.56253			6
2024.12.20	02:03:03.105	0.56253	0.56254			6
2024.12.20	02:03:07.483	0.56252				2
2024.12.20	02:03:08.281	0.56253				2
2024.12.20	02:03:09.963	0.56252				2
2024.12.20	02:03:11.043	0.56253				2
2024.12.20	02:03:16.088		0.56255			4
2024.12.20	02:03:21.389	0.56254				2
2024.12.20	02:03:21.695	0.56253	0.56254			6
2024.12.20	02:03:24.160		0.56255			4
2024.12.20	02:03:25.019	0.56252	0.56254			6
2024.12.20	02:03:26.252		0.56253			4
2024.12.20	02:03:26.656	0.56251				2
2024.12.20	02:03:27.231		0.56256			4
2024.12.20	02:03:28.802	0.56252				2
2024.12.20	02:03:29.353	0.56259	0.56263			6
2024.12.20	02:03:40.532	0.56258				2
2024.12.20	02:03:42.665	0.56257	0.56262			6
2024.12.20	02:03:44.263	0.56258				2
2024.12.20	02:03:44.710	0.56257				2
2024.12.20	02:03:45.821		0.56261			4
2024.12.20	02:03:47.316	0.56256				2
2024.12.20	02:03:49.977	0.56257				2
2024.12.20	02:03:50.373	0.56256				2
2024.12.20	02:03:50.744	0.56258				2
2024.12.20	02:03:51.055	0.56259	0.56263			6
2024.12.20	02:03:52.483	0.56258				2
2024.12.20	02:03:52.821	0.56259				2
2024.12.20	02:04:00.683	0.56259				2
2024.12.20	02:04:03.369	0.56258				2
2024.12.20	02:04:03.673	0.56254	0.56259			6
2024.12.20	02:04:05.177		0.56258			4
2024.12.20	02:04:09.762	0.56253	0.56257			6
2024.12.20	02:04:10.389	0.56251	0.56255			6
2024.12.20	02:04:11.480	0.56252	0.56256			6
2024.12.20	02:04:11.936	0.56251				2
2024.12.20	02:04:15.092	0.56249	0.56254			6
2024.12.20	02:04:19.443	0.56250	0.56253			6
2024.12.20	02:04:20.710		0.56254			4
2024.12.20	02:04:24.284	0.56249				2
2024.12.20	02:04:24.588	0.56248				2
2024.12.20	02:04:26.113	0.56242	0.56248			6
2024.12.20	02:04:26.715	0.56244				2
2024.12.20	02:04:30.047	0.56242	0.56246			6
2024.12.20	02:04:33.101	0.56244	0.56247			6
2024.12.20	02:04:33.431	0.56245	0.56248			6
2024.12.20	02:04:33.734	0.56244				2
2024.12.20	02:04:37.695		0.56249			4
2024.12.20	02:04:38.552	0.56242	0.56245			6
2024.12.20	02:04:40.112		0.56246			4
2024.12.20	02:04:40.441		0.56245			4
2024.12.20	02:04:40.748		0.56246			4
2024.12.20	02:04:41.051		0.56245			4
2024.12.20	02:04:41.351	0.56243	0.56247			6
2024.12.20	02:04:41.652		0.56248			4
2024.12.20	02:04:43.034	0.56244				2
2024.12.20	02:04:45.449	0.56245				2
2024.12.20	02:04:47.059	0.56244				2
2024.12.20	02:04:49.180	0.56243	0.56247			6
2024.12.20	02:04:49.766	0.56245	0.56249			6
2024.12.20	02:04:55.967	0.56247	0.56251			6
2024.12.20	02:05:00.035	0.56247				2
2024.12.20	02:05:00.389	0.56243	0.56247			6
2024.12.20	02:05:00.719	0.56244				2
2024.12.20	02:05:01.694	0.56243				2
2024.12.20	02:05:02.042	0.56241	0.56245			6
2024.12.20	02:05:02.345	0.56243	0.56247			6
2024.12.20	02:05:04.331		0.56246			4
2024.12.20	02:05:04.965		0.56247			4
2024.12.20	02:05:06.101	0.56242				2
2024.12.20	02:05:07.040	0.56243				2
2024.12.20	02:05:10.097	0.56242	0.56246			6
2024.12.20	02:05:10.707	0.56245				2
2024.12.20	02:05:11.012	0.56242	0.56247			6
2024.12.20	02:05:11.323		0.56246			4
2024.12.20	02:05:15.392	0.56244				2
2024.12.20	02:05:15.701		0.56247			4
2024.12.20	02:05:17.256	0.56243				2
2024.12.20	02:05:20.059	0.56245				2
2024.12.20	02:05:23.402		0.56248			4
2024.12.20	02:05:24.311	0.56248	0.56249			6
2024.12.20	02:05:24.614		0.56251			4
2024.12.20	02:05:25.568	0.56249				2
2024.12.20	02:05:25.874	0.56250	0.56253			6
2024.12.20	02:05:26.200		0.56254			4
2024.12.20	02:05:26.750	0.56249				2
2024.12.20	02:05:27.129		0.56253			4
2024.12.20	02:05:28.285	0.56247	0.56252			6
2024.12.20	02:05:28.858	0.56248				2
2024.12.20	02:05:31.122	0.56250	0.56253			6
2024.12.20	02:05:31.953	0.56249				2
2024.12.20	02:05:33.078	0.56250				2
2024.12.20	02:05:34.347	0.56249				2
2024.12.20	02:05:35.601	0.56250				2
2024.12.20	02:05:37.852	0.56252	0.56254			6
2024.12.20	02:05:38.161		0.56255			4
2024.12.20	02:05:38.545	0.56253	0.56256			6
2024.12.20	02:05:39.491	0.56252				2
2024.12.20	02:05:40.481	0.56253				2
2024.12.20	02:05:45.249	0.56252				2
2024.12.20	02:05:50.472	0.56253				2
2024.12.20	02:06:01.720	0.56250	0.56254			6
2024.12.20	02:06:02.140		0.56253			4
2024.12.20	02:06:02.456	0.56249	0.56252			6
2024.12.20	02:06:03.447	0.56247	0.56251			6
2024.12.20	02:06:07.575	0.56248				2
2024.12.20	02:06:09.064	0.56249	0.56252			6
2024.12.20	02:06:11.029	0.56250	0.56253			6
2024.12.20	02:06:13.239	0.56249				2
2024.12.20	02:06:13.587	0.56250				2
2024.12.20	02:06:14.756	0.56251				2
2024.12.20	02:06:16.039	0.56250				2
2024.12.20	02:06:16.401	0.56251	0.56252			6
2024.12.20	02:06:16.727	0.56250				2
2024.12.20	02:06:17.112	0.56251				2
2024.12.20	02:06:17.583	0.56250				2
2024.12.20	02:06:17.892	0.56251				2
2024.12.20	02:06:18.201	0.56250				2
2024.12.20	02:06:22.475	0.56247	0.56251			6
2024.12.20	02:06:22.974	0.56244	0.56248			6
2024.12.20	02:06:23.370	0.56245				2
2024.12.20	02:06:23.895	0.56243	0.56246			6
2024.12.20	02:06:24.355	0.56244	0.56247			6
2024.12.20	02:06:31.774	0.56242	0.56246			6
2024.12.20	02:06:32.133		0.56245			4
2024.12.20	02:06:32.671	0.56241				2
2024.12.20	02:06:32.978	0.56237	0.56241			6
2024.12.20	02:06:33.289	0.56238	0.56242			6
2024.12.20	02:06:33.717	0.56236	0.56240			6
2024.12.20	02:06:34.023	0.56237				2
2024.12.20	02:06:34.871	0.56238				2
2024.12.20	02:06:35.417	0.56237				2
2024.12.20	02:06:39.058	0.56240	0.56242			6
2024.12.20	02:06:40.232	0.56239				2
2024.12.20	02:06:41.890	0.56238				2
2024.12.20	02:06:42.348	0.56239				2
2024.12.20	02:06:46.157	0.56237	0.56241			6
2024.12.20	02:06:49.963	0.56238	0.56242			6
2024.12.20	02:06:53.046	0.56237	0.56241			6
2024.12.20	02:06:58.127	0.56240	0.56242			6
2024.12.20	02:06:58.663	0.56239	0.56243			6
2024.12.20	02:07:00.227	0.56238	0.56242			6
2024.12.20	02:07:01.503	0.56239				2
2024.12.20	02:07:01.923	0.56240				2
2024.12.20	02:07:02.671	0.56241	0.56243			6
2024.12.20	02:07:03.253		0.56244			4
2024.12.20	02:07:05.536	0.56242	0.56245			6
2024.12.20	02:07:05.841	0.56243				2
2024.12.20	02:07:06.224	0.56242				2
2024.12.20	02:07:07.154		0.56246			4
2024.12.20	02:07:11.609	0.56243	0.56247			6
2024.12.20	02:07:11.915	0.56244				2
2024.12.20	02:07:12.519		0.56248			4
2024.12.20	02:07:14.093	0.56243	0.56247			6
2024.12.20	02:07:14.421	0.56244				2
2024.12.20	02:07:25.552	0.56239	0.56242			6
2024.12.20	02:07:27.370	0.56238				2
2024.12.20	02:07:30.451		0.56241			4
2024.12.20	02:07:32.250	0.56235	0.56238			6
2024.12.20	02:07:33.029	0.56234	0.56237			6
2024.12.20	02:07:47.126	0.56238	0.56240			6
2024.12.20	02:07:47.531	0.56237				2
2024.12.20	02:07:49.410		0.56241			4
2024.12.20	02:07:49.713		0.56240			4
2024.12.20	02:07:50.054		0.56241			4
2024.12.20	02:07:50.373	0.56238	0.56240			6
2024.12.20	02:07:50.709	0.56239	0.56241			6
2024.12.20	02:07:51.011	0.56238				2
2024.12.20	02:07:55.403	0.56237				2
2024.12.20	02:07:56.381	0.56238				2
2024.12.20	02:07:57.226	0.56239	0.56242			6
2024.12.20	02:08:00.059	0.56241	0.56244			6
2024.12.20	02:08:00.971	0.56242				2
2024.12.20	02:08:03.110		0.56245			4
2024.12.20	02:08:03.431		0.56244			4
2024.12.20	02:08:03.818	0.56241	0.56243			6
2024.12.20	02:08:05.670	0.56237	0.56240			6
2024.12.20	02:08:11.993		0.56241			4
2024.12.20	02:08:16.230	0.56239	0.56242			6
2024.12.20	02:08:19.145	0.56240	0.56243			6
2024.12.20	02:08:20.155	0.56239				2
2024.12.20	02:08:20.803	0.56240				2
2024.12.20	02:08:22.348	0.56238	0.56241			6
2024.12.20	02:08:25.922	0.56240	0.56242			6
2024.12.20	02:08:26.235		0.56243			4
2024.12.20	02:08:27.834	0.56237	0.56241			6
2024.12.20	02:08:28.157	0.56238	0.56242			6
2024.12.20	02:08:28.768	0.56240	0.56243			6
2024.12.20	02:08:33.677	0.56238	0.56242			6
2024.12.20	02:08:34.611	0.56237	0.56241			6
2024.12.20	02:08:37.018	0.56238				2
2024.12.20	02:08:37.357		0.56242			4
2024.12.20	02:08:38.018	0.56237	0.56241			6
2024.12.20	02:08:43.329	0.56238	0.56242			6
2024.12.20	02:08:44.609	0.56237	0.56241			6
2024.12.20	02:08:47.635	0.56233	0.56237			6
2024.12.20	02:08:51.375	0.56234	0.56238			6
2024.12.20	02:08:51.722		0.56237			4
2024.12.20	02:08:53.208		0.56238			4
2024.12.20	02:09:00.055	0.56235				2
2024.12.20	02:09:00.362	0.56238	0.56240			6
2024.12.20	02:09:00.732	0.56237				2
2024.12.20	02:09:04.764	0.56236				2
2024.12.20	02:09:06.216	0.56232	0.56236			6
2024.12.20	02:09:07.546	0.56234	0.56237			6
2024.12.20	02:09:07.994	0.56232	0.56236			6
2024.12.20	02:09:12.978	0.56225	0.56228			6
2024.12.20	02:09:18.455	0.56226				2
2024.12.20	02:09:18.773	0.56225				2
2024.12.20	02:09:19.084	0.56226				2
2024.12.20	02:09:20.094	0.56225				2
2024.12.20	02:09:20.956		0.56227			4
2024.12.20	02:09:21.632	0.56224				2
2024.12.20	02:09:23.313	0.56220	0.56223			6
2024.12.20	02:09:23.627		0.56224			4
2024.12.20	02:09:23.975	0.56221				2
2024.12.20	02:09:25.090	0.56223	0.56225			6
2024.12.20	02:09:30.506		0.56226			4
2024.12.20	02:09:33.386		0.56227			4
2024.12.20	02:09:33.881		0.56226			4
2024.12.20	02:09:34.227	0.56225				2
2024.12.20	02:09:34.533		0.56228			4
2024.12.20	02:09:36.817	0.56224				2
2024.12.20	02:09:39.366	0.56221	0.56225			6
2024.12.20	02:09:39.688	0.56222				2
2024.12.20	02:09:40.037	0.56223				2
2024.12.20	02:09:40.489	0.56222				2
2024.12.20	02:09:40.833	0.56223				2
2024.12.20	02:09:42.389	0.56221				2
2024.12.20	02:09:43.369	0.56222	0.56226			6
2024.12.20	02:09:43.684	0.56223				2
2024.12.20	02:09:48.697	0.56222				2
2024.12.20	02:09:49.227	0.56223				2
2024.12.20	02:09:51.159	0.56224	0.56227			6
2024.12.20	02:09:53.988	0.56223	0.56226			6
2024.12.20	02:09:56.867		0.56225			4
2024.12.20	02:09:57.205		0.56226			4
2024.12.20	02:09:57.508	0.56221	0.56224			6
2024.12.20	02:09:59.217	0.56220				2
2024.12.20	02:10:00.179	0.56223	0.56226			6
2024.12.20	02:10:01.426	0.56222				2
2024.12.20	02:10:08.300	0.56223	0.56227			6
2024.12.20	02:10:09.126	0.56224	0.56228			6
2024.12.20	02:10:10.258	0.56225				2
2024.12.20	02:10:11.205	0.56224				2
2024.12.20	02:10:11.540	0.56222	0.56226			6
2024.12.20	02:10:13.460	0.56223				2
2024.12.20	02:10:13.781		0.56227			4
2024.12.20	02:10:16.086		0.56226			4
2024.12.20	02:10:20.338	0.56222				2
2024.12.20	02:10:20.656		0.56225			4
2024.12.20	02:10:22.041	0.56223	0.56226			6
2024.12.20	02:10:23.682	0.56220	0.56224			6
2024.12.20	02:10:23.982		0.56223			4
2024.12.20	02:10:24.684	0.56221	0.56224			6
2024.12.20	02:10:27.732	0.56220				2
2024.12.20	02:10:29.735	0.56221	0.56225			6
2024.12.20	02:10:30.159		0.56224			4
2024.12.20	02:10:32.312		0.56225			4
2024.12.20	02:10:32.831	0.56224	0.56228			6
2024.12.20	02:10:33.137	0.56227	0.56230			6
2024.12.20	02:10:33.458	0.56225	0.56228			6
2024.12.20	02:10:36.700	0.56227	0.56230			6
2024.12.20	02:10:37.034	0.56228				2
2024.12.20	02:10:38.507		0.56231			4
2024.12.20	02:10:39.017	0.56230	0.56233			6
2024.12.20	02:10:41.463	0.56232	0.56234			6
2024.12.20	02:10:41.765	0.56233	0.56237			6
2024.12.20	02:10:43.694		0.56236			4
2024.12.20	02:10:46.674	0.56229	0.56233			6
2024.12.20	02:10:46.987	0.56232	0.56235			6
2024.12.20	02:10:48.234	0.56233	0.56236			6
2024.12.20	02:10:53.182	0.56231				2
2024.12.20	02:10:54.198	0.56232				2
2024.12.20	02:10:54.503	0.56233				2
2024.12.20	02:10:55.555	0.56232				2
2024.12.20	02:10:56.518	0.56233				2
2024.12.20	02:10:59.494	0.56232				2
2024.12.20	02:11:00.055	0.56232				2
2024.12.20	02:11:01.519	0.56231				2
2024.12.20	02:11:01.875	0.56232	0.56235			6
2024.12.20	02:11:02.956	0.56226	0.56230			6
2024.12.20	02:11:03.265	0.56227	0.56231			6
2024.12.20	02:11:04.576	0.56228				2
2024.12.20	02:11:05.384	0.56227	0.56230			6
2024.12.20	02:11:05.734		0.56231			4
2024.12.20	02:11:06.208	0.56225	0.56228			6
2024.12.20	02:11:07.187	0.56222	0.56226			6
2024.12.20	02:11:07.492	0.56223				2
2024.12.20	02:11:08.203	0.56222				2
2024.12.20	02:11:11.107	0.56223				2
2024.12.20	02:11:11.463	0.56222				2
2024.12.20	02:11:14.400	0.56223				2
2024.12.20	02:11:15.681	0.56225	0.56228			6
2024.12.20	02:11:23.854		0.56229			4
2024.12.20	02:11:25.244	0.56229	0.56233			6
2024.12.20	02:11:25.559	0.56228	0.56231			6
2024.12.20	02:11:29.054		0.56232			4
2024.12.20	02:11:29.579	0.56229	0.56233			6
2024.12.20	02:11:30.175		0.56232			4
2024.12.20	02:11:30.832	0.56230	0.56233			6
2024.12.20	02:11:33.022	0.56229				2
2024.12.20	02:11:33.323	0.56228	0.56232			6
2024.12.20	02:11:41.058		0.56231			4
2024.12.20	02:11:41.950		0.56232			4
2024.12.20	02:11:42.381		0.56231			4
2024.12.20	02:11:43.363	0.56226	0.56230			6
2024.12.20	02:11:43.672	0.56227	0.56231			6
2024.12.20	02:11:44.880	0.56228				2
2024.12.20	02:11:45.370	0.56227				2
2024.12.20	02:11:46.814	0.56228				2
2024.12.20	02:11:52.509	0.56227				2
2024.12.20	02:11:52.867	0.56228				2
2024.12.20	02:11:55.676	0.56225	0.56228			6
2024.12.20	02:11:56.858		0.56229			4
2024.12.20	02:12:00.152	0.56225				2
2024.12.20	02:12:00.459		0.56228			4
2024.12.20	02:12:00.766	0.56224	0.56227			6
2024.12.20	02:12:01.181	0.56225	0.56228			6
2024.12.20	02:12:01.876	0.56224				2
2024.12.20	02:12:02.193	0.56226	0.56229			6
2024.12.20	02:12:17.926	0.56225				2
2024.12.20	02:12:18.651		0.56228			4
2024.12.20	02:12:27.382	0.56224				2
2024.12.20	02:12:27.711		0.56227			4
2024.12.20	02:12:28.448	0.56225	0.56228			6
2024.12.20	02:12:38.793		0.56229			4
2024.12.20	02:12:43.591	0.56226				2
2024.12.20	02:12:43.907	0.56225				2
2024.12.20	02:12:44.527	0.56226				2
2024.12.20	02:12:44.842	0.56225				2
2024.12.20	02:12:48.989	0.56226				2
2024.12.20	02:12:49.385	0.56225				2
2024.12.20	02:12:49.850	0.56226				2
2024.12.20	02:12:50.161	0.56225				2
2024.12.20	02:12:54.103	0.56228	0.56231			6
2024.12.20	02:12:55.544		0.56232			4
2024.12.20	02:13:00.383	0.56228	0.56231			6
2024.12.20	02:13:03.217	0.56227	0.56228			6
2024.12.20	02:13:03.524		0.56230			4
2024.12.20	02:13:08.028		0.56231			4
2024.12.20	02:13:08.734	0.56228				2
2024.12.20	02:13:10.021		0.56232			4
2024.12.20	02:13:12.819	0.56229				2
2024.12.20	02:13:14.353	0.56228	0.56231			6
2024.12.20	02:13:21.353		0.56232			4
2024.12.20	02:13:22.201	0.56229				2
2024.12.20	02:13:24.400		0.56231			4
2024.12.20	02:13:29.891	0.56228				2
2024.12.20	02:13:30.497	0.56229				2
2024.12.20	02:13:31.101	0.56228				2
2024.12.20	02:13:33.069	0.56230				2
2024.12.20	02:13:33.373		0.56232			4
2024.12.20	02:13:33.859	0.56229				2
2024.12.20	02:13:35.210	0.56228	0.56231			6
2024.12.20	02:13:37.350	0.56229	0.56233			6
2024.12.20	02:13:38.713	0.56230				2
2024.12.20	02:13:39.036	0.56231				2
2024.12.20	02:13:41.225	0.56229	0.56232			6
2024.12.20	02:13:41.531	0.56225	0.56229			6
2024.12.20	02:13:42.348		0.56227			4
2024.12.20	02:13:42.992	0.56223	0.56225			6
2024.12.20	02:13:43.297	0.56219	0.56222			6
2024.12.20	02:13:43.597	0.56218	0.56221			6
2024.12.20	02:13:44.934	0.56217	0.56220			6
2024.12.20	02:13:47.004		0.56221			4
2024.12.20	02:13:48.712		0.56220			4
2024.12.20	02:13:49.558	0.56216				2
2024.12.20	02:13:50.338	0.56217				2
2024.12.20	02:13:50.643	0.56218	0.56221			6
2024.12.20	02:13:51.248	0.56215	0.56218			6
2024.12.20	02:13:52.975		0.56219			4
2024.12.20	02:13:54.589		0.56218			4
2024.12.20	02:13:57.124	0.56210	0.56214			6
2024.12.20	02:13:57.455		0.56213			4
2024.12.20	02:13:57.886		0.56214			4
2024.12.20	02:13:59.339	0.56212	0.56215			6
2024.12.20	02:14:00.369	0.56212				2
2024.12.20	02:14:03.790	0.56213				2
2024.12.20	02:14:05.643	0.56215	0.56218			6
2024.12.20	02:14:07.718	0.56213	0.56216			6
2024.12.20	02:14:08.849	0.56212				2
2024.12.20	02:14:15.062	0.56213				2
2024.12.20	02:14:23.255		0.56217			4
2024.12.20	02:14:23.952		0.56216			4
2024.12.20	02:14:24.343	0.56214	0.56217			6
2024.12.20	02:14:28.830	0.56213				2
2024.12.20	02:14:29.876	0.56212	0.56214			6
2024.12.20	02:14:31.268		0.56215			4
2024.12.20	02:14:32.681	0.56213				2
2024.12.20	02:14:33.066	0.56212				2
2024.12.20	02:14:36.391	0.56210	0.56212			6
2024.12.20	02:14:36.694	0.56209				2
2024.12.20	02:14:39.812	0.56211	0.56213			6
2024.12.20	02:14:40.154	0.56215	0.56217			6
2024.12.20	02:14:40.771	0.56216	0.56218			6
2024.12.20	02:14:53.661	0.56218	0.56221			6
2024.12.20	02:14:53.965	0.56221	0.56224			6
2024.12.20	02:14:54.620	0.56222	0.56225			6
2024.12.20	02:14:55.335	0.56225	0.56228			6
2024.12.20	02:14:55.637	0.56226	0.56229			6
2024.12.20	02:14:57.228	0.56227	0.56230			6
2024.12.20	02:14:57.572	0.56226	0.56229			6
2024.12.20	02:14:59.466	0.56227				2
2024.12.20	02:15:00.151	0.56227	0.56230			6
2024.12.20	02:15:01.477		0.56229			4
2024.12.20	02:15:01.845		0.56230			4
2024.12.20	02:15:02.916		0.56229			4
2024.12.20	02:15:04.106	0.56226				2
2024.12.20	02:15:04.709	0.56227				2
2024.12.20	02:15:05.298	0.56221	0.56224			6
2024.12.20	02:15:06.296	0.56223	0.56225			6
2024.12.20	02:15:06.603		0.56226			4
2024.12.20	02:15:07.266	0.56224				2
2024.12.20	02:15:07.633	0.56222	0.56225			6
2024.12.20	02:15:08.796	0.56221	0.56224			6
2024.12.20	02:15:09.102	0.56222				2
2024.12.20	02:15:09.501		0.56225			4
2024.12.20	02:15:11.556	0.56221	0.56224			6
2024.12.20	02:15:11.893		0.56223			4
2024.12.20	02:15:13.826		0.56224			4
2024.12.20	02:15:14.147	0.56222				2
2024.12.20	02:15:14.860	0.56221				2
2024.12.20	02:15:18.291		0.56223			4
2024.12.20	02:15:18.711		0.56224			4
2024.12.20	02:15:23.266	0.56222				2
2024.12.20	02:15:23.582		0.56225			4
2024.12.20	02:15:26.380	0.56223				2
2024.12.20	02:15:27.283	0.56222				2
2024.12.20	02:15:28.929	0.56225	0.56227			6
2024.12.20	02:15:29.747	0.56226	0.56229			6
2024.12.20	02:15:30.081	0.56227				2
2024.12.20	02:15:33.495	0.56228				2
2024.12.20	02:15:33.821	0.56226				2
2024.12.20	02:15:34.646	0.56225	0.56228			6
2024.12.20	02:15:37.789	0.56224	0.56227			6
2024.12.20	02:15:39.194		0.56226			4
2024.12.20	02:15:39.882	0.56222	0.56225			6
2024.12.20	02:15:46.681	0.56223				2
2024.12.20	02:15:48.844		0.56226			4
2024.12.20	02:15:50.790	0.56222	0.56225			6
2024.12.20	02:15:51.091	0.56223	0.56226			6
2024.12.20	02:15:51.739	0.56226	0.56228			6
2024.12.20	02:15:52.044	0.56227				2
2024.12.20	02:15:55.667	0.56226				2
2024.12.20	02:15:55.985	0.56227				2
2024.12.20	02:15:58.936		0.56229			4
2024.12.20	02:15:59.817	0.56228	0.56230			6
2024.12.20	02:16:00.133	0.56228				2
2024.12.20	02:16:01.359	0.56227				2
2024.12.20	02:16:05.591		0.56229			4
2024.12.20	02:16:06.056	0.56228	0.56230			6
2024.12.20	02:16:06.364	0.56230	0.56233			6
2024.12.20	02:16:07.194	0.56228	0.56231			6
2024.12.20	02:16:07.508	0.56226	0.56229			6
2024.12.20	02:16:07.815	0.56227				2
2024.12.20	02:16:08.196	0.56226				2
2024.12.20	02:16:17.201	0.56227				2
2024.12.20	02:16:17.682	0.56226				2
2024.12.20	02:16:19.144	0.56227	0.56228			6
2024.12.20	02:16:21.919	0.56222	0.56224			6
2024.12.20	02:16:22.218		0.56225			4
2024.12.20	02:16:22.848	0.56224	0.56226			6
2024.12.20	02:16:23.171		0.56227			4
2024.12.20	02:16:23.481	0.56225				2
2024.12.20	02:16:23.902	0.56223	0.56225			6
2024.12.20	02:16:26.744	0.56222				2
2024.12.20	02:16:27.665	0.56223				2
2024.12.20	02:16:30.039	0.56225	0.56226			6
2024.12.20	02:16:30.842	0.56223	0.56225			6
2024.12.20	02:16:32.827	0.56224	0.56226			6
2024.12.20	02:16:33.139		0.56225			4
2024.12.20	02:16:34.980	0.56223	0.56224			6
2024.12.20	02:16:37.047	0.56225	0.56227			6
2024.12.20	02:16:37.366	0.56224				2
2024.12.20	02:16:37.778		0.56226			4
2024.12.20	02:16:38.116		0.56227			4
2024.12.20	02:16:38.593	0.56225				2
2024.12.20	02:16:39.329	0.56224				2
2024.12.20	02:16:43.363	0.56225				2
2024.12.20	02:16:46.455	0.56224				2
2024.12.20	02:16:47.075		0.56226			4
2024.12.20	02:16:50.624	0.56222	0.56225			6
2024.12.20	02:16:53.997	0.56224				2
2024.12.20	02:16:54.972	0.56223				2
2024.12.20	02:16:59.712		0.56226			4
2024.12.20	02:17:00.170	0.56223				2
2024.12.20	02:17:00.531	0.56224	0.56227			6
2024.12.20	02:17:00.884	0.56227	0.56230			6
2024.12.20	02:17:01.243	0.56228	0.56231			6
2024.12.20	02:17:01.548	0.56227				2
2024.12.20	02:17:02.192		0.56230			4
2024.12.20	02:17:02.726	0.56228	0.56231			6
2024.12.20	02:17:07.938	0.56227	0.56230			6
2024.12.20	02:17:09.013	0.56228	0.56231			6
2024.12.20	02:17:16.113	0.56227	0.56230			6
2024.12.20	02:17:17.431	0.56224	0.56228			6
2024.12.20	02:17:17.748	0.56223	0.56226			6
2024.12.20	02:17:18.107	0.56222	0.56225			6
2024.12.20	02:17:19.861	0.56223	0.56226			6
2024.12.20	02:17:20.901	0.56230	0.56233			6
2024.12.20	02:17:25.993		0.56232			4
2024.12.20	02:17:26.349		0.56233			4
2024.12.20	02:17:26.848	0.56232				2
2024.12.20	02:17:27.163	0.56233	0.56235			6
2024.12.20	02:17:27.904	0.56235	0.56236			6
2024.12.20	02:17:28.210	0.56236	0.56238			6
2024.12.20	02:17:28.710	0.56233	0.56236			6
2024.12.20	02:17:30.720		0.56235			4
2024.12.20	02:17:31.566	0.56232				2
2024.12.20	02:17:35.444	0.56237	0.56240			6
2024.12.20	02:17:35.754	0.56236	0.56239			6
2024.12.20	02:17:38.853	0.56235	0.56238			6
2024.12.20	02:17:39.157	0.56236	0.56239			6
2024.12.20	02:17:40.119	0.56234	0.56237			6
2024.12.20	02:17:41.436	0.56235				2
2024.12.20	02:17:42.880	0.56237	0.56240			6
2024.12.20	02:17:52.882	0.56236	0.56239			6
2024.12.20	02:17:53.216	0.56237				2
2024.12.20	02:17:55.873	0.56235	0.56238			6
2024.12.20	02:17:56.184	0.56237	0.56239			6
2024.12.20	02:17:56.573		0.56240			4
2024.12.20	02:17:56.994	0.56238				2
2024.12.20	02:18:00.429	0.56238				2
2024.12.20	02:18:00.740	0.56237				2
2024.12.20	02:18:04.293		0.56239			4
2024.12.20	02:18:05.412	0.56234	0.56237			6
2024.12.20	02:18:06.534	0.56232	0.56234			6
2024.12.20	02:18:06.860	0.56233				2
2024.12.20	02:18:07.503	0.56232	0.56233			6
2024.12.20	02:18:07.811	0.56233	0.56234			6
2024.12.20	02:18:11.653	0.56234	0.56235			6
2024.12.20	02:18:12.451	0.56233	0.56234			6
2024.12.20	02:18:13.198	0.56232				2
2024.12.20	02:18:13.497	0.56227	0.56229			6
2024.12.20	02:18:14.423	0.56229	0.56231			6
2024.12.20	02:18:16.135	0.56228	0.56230			6
2024.12.20	02:18:16.814	0.56227				2
2024.12.20	02:18:28.299		0.56229			4
2024.12.20	02:18:36.500	0.56228				2
2024.12.20	02:18:37.285	0.56227				2
2024.12.20	02:18:38.205		0.56230			4
2024.12.20	02:18:43.917	0.56228				2
2024.12.20	02:18:54.802	0.56229	0.56231			6
2024.12.20	02:18:55.104	0.56227				2
2024.12.20	02:18:55.413		0.56230			4
2024.12.20	02:19:00.225	0.56227				2
2024.12.20	02:19:04.410		0.56229			4
2024.12.20	02:19:05.350	0.56226				2
2024.12.20	02:19:05.841	0.56225	0.56227			6
2024.12.20	02:19:07.136	0.56222	0.56225			6
2024.12.20	02:19:08.250	0.56224	0.56226			6
2024.12.20	02:19:09.768	0.56223	0.56225			6
2024.12.20	02:19:11.133	0.56224	0.56226			6
2024.12.20	02:19:11.515	0.56223	0.56225			6
2024.12.20	02:19:12.825		0.56226			4
2024.12.20	02:19:13.127		0.56225			4
2024.12.20	02:19:14.453	0.56222	0.56224			6
2024.12.20	02:19:25.170	0.56223				2
2024.12.20	02:19:26.723	0.56222				2
2024.12.20	02:19:34.058	0.56223				2
2024.12.20	02:19:35.707		0.56225			4
2024.12.20	02:19:39.638		0.56224			4
2024.12.20	02:19:40.179		0.56225			4
2024.12.20	02:19:43.927		0.56226			4
2024.12.20	02:19:48.767		0.56225			4
2024.12.20	02:19:49.447		0.56226			4
2024.12.20	02:19:50.141		0.56225			4
2024.12.20	02:19:53.778	0.56222				2
2024.12.20	02:19:54.093	0.56223				2
2024.12.20	02:19:54.432		0.56226			4
2024.12.20	02:19:56.361	0.56224	0.56227			6
2024.12.20	02:19:57.251	0.56225				2
2024.12.20	02:19:57.570	0.56219	0.56222			6
2024.12.20	02:19:58.884		0.56221			4
2024.12.20	02:19:59.658		0.56222			4
2024.12.20	02:20:00.031	0.56219				2
2024.12.20	02:20:00.885	0.56220				2
2024.12.20	02:20:01.204	0.56221	0.56223			6
2024.12.20	02:20:06.375	0.56222				2
2024.12.20	02:20:06.877		0.56225			4
2024.12.20	02:20:07.186	0.56223				2
2024.12.20	02:20:07.540	0.56225	0.56227			6
2024.12.20	02:20:08.247	0.56226	0.56229			6
2024.12.20	02:20:09.373	0.56227				2
2024.12.20	02:20:11.307	0.56228				2
2024.12.20	02:20:12.873		0.56230			4
2024.12.20	02:20:14.532	0.56227	0.56229			6
2024.12.20	02:20:18.405	0.56225	0.56227			6
2024.12.20	02:20:19.702	0.56224				2
2024.12.20	02:20:20.013	0.56223	0.56226			6
2024.12.20	02:20:20.516	0.56224				2
2024.12.20	02:20:24.917	0.56222	0.56224			6
2024.12.20	02:20:25.386	0.56223				2
2024.12.20	02:20:26.443	0.56222				2
2024.12.20	02:20:26.757	0.56220				2
2024.12.20	02:20:27.735	0.56223				2
2024.12.20	02:20:29.916	0.56224	0.56225			6
2024.12.20	02:20:33.863	0.56223	0.56224			6
2024.12.20	02:20:41.185	0.56221				2
2024.12.20	02:20:45.127	0.56220	0.56222			6
2024.12.20	02:20:45.434	0.56222	0.56224			6
2024.12.20	02:20:47.133	0.56221	0.56222			6
2024.12.20	02:20:49.128	0.56219				2
2024.12.20	02:20:49.459	0.56222	0.56223			6
2024.12.20	02:21:00.153	0.56222				2
2024.12.20	02:21:00.487	0.56221				2
2024.12.20	02:21:06.426	0.56223	0.56224			6
2024.12.20	02:21:06.749	0.56222				2
2024.12.20	02:21:11.426		0.56223			4
2024.12.20	02:21:13.104	0.56219	0.56221			6
2024.12.20	02:21:13.514	0.56220				2
2024.12.20	02:21:14.764	0.56219				2
2024.12.20	02:21:17.493	0.56218				2
2024.12.20	02:21:18.561	0.56214	0.56216			6
2024.12.20	02:21:21.868	0.56215				2
2024.12.20	02:21:22.191	0.56214				2
2024.12.20	02:21:23.965	0.56215				2
2024.12.20	02:21:24.291	0.56214				2
2024.12.20	02:21:26.026	0.56215				2
2024.12.20	02:21:26.337	0.56216	0.56217			6
2024.12.20	02:21:28.450	0.56215	0.56216			6
2024.12.20	02:21:31.498	0.56216	0.56217			6
2024.12.20	02:21:31.805	0.56215	0.56216			6
2024.12.20	02:21:33.375	0.56216	0.56217			6
2024.12.20	02:21:38.883	0.56218	0.56219			6
2024.12.20	02:21:39.226	0.56217				2
2024.12.20	02:21:45.279	0.56218				2
2024.12.20	02:21:48.418	0.56217				2
2024.12.20	02:22:00.181	0.56217				2
2024.12.20	02:22:02.469	0.56218	0.56220			6
2024.12.20	02:22:04.882	0.56219	0.56221			6
2024.12.20	02:22:14.598	0.56214	0.56217			6
2024.12.20	02:22:16.937		0.56216			4
2024.12.20	02:22:18.100	0.56216	0.56217			6
2024.12.20	02:22:18.402	0.56215				2
2024.12.20	02:22:19.093	0.56216				2
2024.12.20	02:22:22.777	0.56215				2
2024.12.20	02:22:28.625	0.56218	0.56221			6
2024.12.20	02:22:30.059	0.56219				2
2024.12.20	02:22:33.203	0.56220				2
2024.12.20	02:22:36.341		0.56222			4
2024.12.20	02:22:38.007	0.56219				2
2024.12.20	02:22:38.319	0.56220				2
2024.12.20	02:22:43.104	0.56219				2
2024.12.20	02:22:46.882	0.56218	0.56219			6
2024.12.20	02:22:48.132	0.56219	0.56221			6
2024.12.20	02:22:48.720		0.56222			4
2024.12.20	02:22:50.850	0.56220				2
2024.12.20	02:22:51.344	0.56219				2
2024.12.20	02:22:55.555	0.56220				2
2024.12.20	02:22:55.870	0.56219				2
2024.12.20	02:22:57.280	0.56221				2
2024.12.20	02:22:58.177		0.56223			4
2024.12.20	02:23:00.455	0.56221	0.56222			6
2024.12.20	02:23:02.088	0.56223	0.56225			6
2024.12.20	02:23:02.736	0.56224	0.56226			6
2024.12.20	02:23:03.132	0.56226	0.56229			6
2024.12.20	02:23:06.242	0.56227				2
2024.12.20	02:23:07.673		0.56230			4
2024.12.20	02:23:08.687	0.56229	0.56231			6
2024.12.20	02:23:09.846	0.56227	0.56230			6
2024.12.20	02:23:10.173	0.56226	0.56229			6
2024.12.20	02:23:11.496	0.56227	0.56230			6
2024.12.20	02:23:12.208		0.56229			4
2024.12.20	02:23:13.299		0.56230			4
2024.12.20	02:23:19.370		0.56229			4
2024.12.20	02:23:26.531	0.56226				2
2024.12.20	02:23:32.882	0.56227				2
2024.12.20	02:23:33.320	0.56226				2
2024.12.20	02:23:35.434	0.56225	0.56227			6
2024.12.20	02:23:36.243	0.56226	0.56228			6
2024.12.20	02:23:37.332	0.56227				2
2024.12.20	02:23:38.151	0.56226				2
2024.12.20	02:23:40.610	0.56227				2
2024.12.20	02:23:40.932		0.56229			4
2024.12.20	02:23:43.660	0.56229	0.56231			6
2024.12.20	02:23:44.565	0.56231	0.56232			6
2024.12.20	02:23:45.439	0.56230				2
2024.12.20	02:23:50.592		0.56231			4
2024.12.20	02:23:50.918		0.56232			4
2024.12.20	02:23:55.019	0.56231	0.56233			6
2024.12.20	02:23:55.439	0.56230				2
2024.12.20	02:23:55.880	0.56231				2
2024.12.20	02:23:56.217	0.56230				2
2024.12.20	02:23:58.972		0.56232			4
2024.12.20	02:23:59.645		0.56233			4
2024.12.20	02:24:00.061	0.56230				2
2024.12.20	02:24:00.698		0.56232			4
2024.12.20	02:24:01.048		0.56233			4
2024.12.20	02:24:01.401		0.56232			4
2024.12.20	02:24:01.703		0.56233			4
2024.12.20	02:24:02.041		0.56232			4
2024.12.20	02:24:07.691		0.56231			4
2024.12.20	02:24:08.004		0.56232			4
2024.12.20	02:24:14.401		0.56231			4
2024.12.20	02:24:22.317	0.56229	0.56230			6
2024.12.20	02:24:22.620	0.56227	0.56229			6
2024.12.20	02:24:22.925	0.56226	0.56227			6
2024.12.20	02:24:23.232	0.56228	0.56230			6
2024.12.20	02:24:23.546	0.56227	0.56229			6
2024.12.20	02:24:24.321	0.56228	0.56230			6
2024.12.20	02:24:24.646	0.56227	0.56229			6
2024.12.20	02:24:25.463	0.56228	0.56231			6
2024.12.20	02:24:26.144	0.56227	0.56230			6
2024.12.20	02:24:28.557		0.56229			4
2024.12.20	02:24:28.915		0.56230			4
2024.12.20	02:24:31.111		0.56229			4
2024.12.20	02:24:31.415	0.56229	0.56232			6
2024.12.20	02:24:33.801		0.56231			4
2024.12.20	02:24:38.622		0.56232			4
2024.12.20	02:24:40.556	0.56226	0.56228			6
2024.12.20	02:24:44.644		0.56229			4
2024.12.20	02:24:46.203		0.56228			4
2024.12.20	02:24:53.609		0.56229			4
2024.12.20	02:24:53.914		0.56228			4
2024.12.20	02:24:54.220		0.56229			4
2024.12.20	02:24:56.033		0.56228			4
2024.12.20	02:24:56.335	0.56227	0.56229			6
2024.12.20	02:24:56.657	0.56226				2
2024.12.20	02:24:57.006	0.56227				2
2024.12.20	02:24:57.313	0.56228	0.56230			6
2024.12.20	02:24:58.301	0.56229				2
2024.12.20	02:24:58.604		0.56231			4
2024.12.20	02:25:00.126	0.56229				2
2024.12.20	02:25:00.947	0.56227				2
2024.12.20	02:25:01.275	0.56226	0.56230			6
2024.12.20	02:25:02.483	0.56227				2
2024.12.20	02:25:02.787		0.56231			4
2024.12.20	02:25:04.951	0.56228	0.56232			6
2024.12.20	02:25:09.940	0.56229				2
2024.12.20	02:25:10.898	0.56228				2
2024.12.20	02:25:11.667	0.56229				2
2024.12.20	02:25:12.965	0.56228				2
2024.12.20	02:25:14.375		0.56231			4
2024.12.20	02:25:18.008	0.56229	0.56232			6
2024.12.20	02:25:19.238	0.56228	0.56231			6
2024.12.20	02:25:22.865	0.56227	0.56230			6
2024.12.20	02:25:29.249	0.56228				2
2024.12.20	02:25:34.391		0.56231			4
2024.12.20	02:25:34.995		0.56230			4
2024.12.20	02:25:35.295		0.56231			4
2024.12.20	02:25:35.600		0.56230			4
2024.12.20	02:25:36.253		0.56231			4
2024.12.20	02:25:36.557		0.56230			4
2024.12.20	02:25:40.508	0.56229	0.56232			6
2024.12.20	02:25:40.813	0.56228	0.56231			6
2024.12.20	02:25:41.443		0.56230			4
2024.12.20	02:25:46.604		0.56231			4
2024.12.20	02:25:46.908		0.56230			4
2024.12.20	02:25:47.815		0.56231			4
2024.12.20	02:25:49.628	0.56229	0.56230			6
2024.12.20	02:25:49.932	0.56228				2
2024.12.20	02:25:50.234	0.56226	0.56229			6
2024.12.20	02:25:52.048	0.56225	0.56228			6
2024.12.20	02:25:52.351	0.56226	0.56229			6
2024.12.20	02:25:52.652		0.56228			4
2024.12.20	02:25:53.559		0.56229			4
2024.12.20	02:25:57.490		0.56228			4
2024.12.20	02:25:57.792		0.56229			4
2024.12.20	02:25:58.396		0.56228			4
2024.12.20	02:25:58.701		0.56229			4
2024.12.20	02:26:00.292	0.56229	0.56231			6
2024.12.20	02:26:00.896	0.56228	0.56230			6
2024.12.20	02:26:02.103	0.56229				2
2024.12.20	02:26:02.406	0.56230	0.56232			6
2024.12.20	02:26:02.710	0.56229				2
2024.12.20	02:26:03.618		0.56231			4
2024.12.20	02:26:03.919		0.56232			4
2024.12.20	02:26:05.181		0.56231			4
2024.12.20	02:26:05.481		0.56232			4
2024.12.20	02:26:06.090	0.56228	0.56230			6
2024.12.20	02:26:07.649	0.56226	0.56229			6
2024.12.20	02:26:17.681	0.56227				2
2024.12.20	02:26:19.496	0.56226				2
2024.12.20	02:26:19.796	0.56227				2
2024.12.20	02:26:20.402		0.56230			4
2024.12.20	02:26:20.706	0.56228				2
2024.12.20	02:26:21.310	0.56229	0.56231			6
2024.12.20	02:26:24.082		0.56230			4
2024.12.20	02:26:25.292		0.56231			4
2024.12.20	02:26:25.594		0.56230			4
2024.12.20	02:26:26.199		0.56231			4
2024.12.20	02:26:28.919		0.56232			4
2024.12.20	02:26:29.827		0.56231			4
2024.12.20	02:26:31.039		0.56232			4
2024.12.20	02:26:31.642		0.56231			4
2024.12.20	02:26:33.154		0.56232			4
2024.12.20	02:26:33.458		0.56231			4
2024.12.20	02:26:40.714	0.56227	0.56229			6
2024.12.20	02:26:48.598	0.56228	0.56230			6
2024.12.20	02:26:48.902	0.56227	0.56229			6
2024.12.20	02:26:49.837	0.56228	0.56230			6
2024.12.20	02:26:50.745	0.56229	0.56231			6
2024.12.20	02:26:57.119	0.56230	0.56232			6
2024.12.20	02:27:00.189	0.56230				2
2024.12.20	02:27:00.491	0.56238	0.56239			6
2024.12.20	02:27:00.798	0.56239	0.56240			6
2024.12.20	02:27:01.101		0.56241			4
2024.12.20	02:27:02.337		0.56242			4
2024.12.20	02:27:14.889	0.56240				2
2024.12.20	02:27:15.190		0.56243			4
2024.12.20	02:27:17.896	0.56245	0.56248			6
2024.12.20	02:27:19.460		0.56249			4
2024.12.20	02:27:19.807	0.56246	0.56250			6
2024.12.20	02:27:20.236		0.56249			4
2024.12.20	02:27:21.083	0.56245	0.56248			6
2024.12.20	02:27:21.392	0.56246	0.56249			6
2024.12.20	02:27:24.441	0.56245	0.56247			6
2024.12.20	02:27:25.401		0.56246			4
2024.12.20	02:27:28.990	0.56242	0.56245			6
2024.12.20	02:27:40.825	0.56237	0.56241			6
2024.12.20	02:27:50.901		0.56240			4
2024.12.20	02:27:53.444	0.56232	0.56235			6
2024.12.20	02:27:59.950	0.56231				2
2024.12.20	02:28:00.534	0.56231	0.56234			6
2024.12.20	02:28:02.743	0.56230				2
2024.12.20	02:28:03.062	0.56231	0.56235			6
2024.12.20	02:28:04.412		0.56234			4
2024.12.20	02:28:09.374	0.56230				2
2024.12.20	02:28:14.891	0.56234	0.56237			6
2024.12.20	02:28:16.752	0.56233	0.56236			6
2024.12.20	02:28:20.997		0.56237			4
2024.12.20	02:28:22.104		0.56236			4
2024.12.20	02:28:23.356	0.56227	0.56230			6
2024.12.20	02:28:23.666		0.56231			4
2024.12.20	02:28:24.057	0.56226	0.56230			6
2024.12.20	02:28:26.001	0.56225	0.56228			6
2024.12.20	02:28:26.303	0.56224	0.56227			6
2024.12.20	02:28:27.747	0.56223	0.56226			6
2024.12.20	02:28:28.129	0.56224	0.56227			6
2024.12.20	02:28:30.214	0.56221	0.56224			6
2024.12.20	02:28:32.994	0.56222	0.56225			6
2024.12.20	02:28:43.433	0.56223				2
2024.12.20	02:28:43.783		0.56226			4
2024.12.20	02:28:44.429	0.56222				2
2024.12.20	02:28:47.278	0.56223				2
2024.12.20	02:28:49.793	0.56224	0.56227			6
2024.12.20	02:28:50.450	0.56221	0.56224			6
2024.12.20	02:28:51.515		0.56225			4
2024.12.20	02:28:52.687	0.56222				2
2024.12.20	02:28:55.376	0.56221	0.56223			6
2024.12.20	02:28:56.861	0.56218	0.56221			6
2024.12.20	02:28:57.188	0.56219	0.56222			6
2024.12.20	02:28:59.634	0.56220	0.56223			6
2024.12.20	02:29:00.271	0.56218	0.56221			6
2024.12.20	02:29:02.499	0.56219	0.56222			6
2024.12.20	02:29:02.841	0.56218	0.56221			6
2024.12.20	02:29:03.356	0.56219	0.56222			6
2024.12.20	02:29:04.260	0.56220				2
2024.12.20	02:29:05.306	0.56219				2
2024.12.20	02:29:09.760	0.56220				2
2024.12.20	02:29:10.405	0.56219				2
2024.12.20	02:29:14.715	0.56218	0.56223			6
2024.12.20	02:29:18.414		0.56222			4
2024.12.20	02:29:19.020	0.56220				2
2024.12.20	02:29:19.325	0.56221	0.56225			6
2024.12.20	02:29:19.742	0.56222				2
2024.12.20	02:29:20.384		0.56226			4
2024.12.20	02:29:23.422	0.56221				2
2024.12.20	02:29:27.387		0.56225			4
2024.12.20	02:29:32.137	0.56220	0.56224			6
2024.12.20	02:29:32.462	0.56221				2
2024.12.20	02:29:33.826	0.56219	0.56222			6
2024.12.20	02:29:34.137	0.56222	0.56225			6
2024.12.20	02:29:35.353		0.56226			4
2024.12.20	02:29:37.573	0.56226	0.56228			6
2024.12.20	02:29:40.317	0.56227	0.56230			6
2024.12.20	02:29:43.683	0.56226				2
2024.12.20	02:29:45.624	0.56227				2
2024.12.20	02:29:47.130	0.56230	0.56233			6
2024.12.20	02:29:47.441	0.56229				2
2024.12.20	02:29:50.990	0.56230				2
2024.12.20	02:29:51.736	0.56231	0.56234			6
2024.12.20	02:29:52.743	0.56229	0.56232			6
2024.12.20	02:29:54.554	0.56228	0.56233			6
2024.12.20	02:29:55.171		0.56232			4
2024.12.20	02:29:56.974	0.56229	0.56233			6
2024.12.20	02:29:58.347	0.56228				2
2024.12.20	02:30:00.277	0.56228	0.56232			6
2024.12.20	02:30:00.958	0.56227				2
2024.12.20	02:30:02.363	0.56228				2
2024.12.20	02:30:06.768	0.56226	0.56230			6
2024.12.20	02:30:20.434	0.56227				2
2024.12.20	02:30:23.024	0.56228				2
2024.12.20	02:30:23.412	0.56227				2
2024.12.20	02:30:23.815	0.56226				2
2024.12.20	02:30:24.663	0.56224	0.56227			6
2024.12.20	02:30:24.969	0.56223	0.56226			6
2024.12.20	02:30:25.301		0.56227			4
2024.12.20	02:30:28.152	0.56222	0.56224			6
2024.12.20	02:30:29.182		0.56226			4
2024.12.20	02:30:30.392		0.56225			4
2024.12.20	02:30:30.996	0.56221				2
2024.12.20	02:30:33.720	0.56222	0.56226			6
2024.12.20	02:30:34.121		0.56225			4
2024.12.20	02:30:35.633		0.56226			4
2024.12.20	02:30:36.140		0.56225			4
2024.12.20	02:30:37.046		0.56226			4
2024.12.20	02:30:37.699	0.56221	0.56225			6
2024.12.20	02:30:38.004	0.56222				2
2024.12.20	02:30:39.869	0.56221				2
2024.12.20	02:30:40.172	0.56222				2
2024.12.20	02:30:41.381		0.56226			4
2024.12.20	02:30:42.036		0.56225			4
2024.12.20	02:30:45.967		0.56226			4
2024.12.20	02:30:46.394	0.56224	0.56227			6
2024.12.20	02:30:53.799	0.56225				2
2024.12.20	02:30:55.154	0.56224				2
2024.12.20	02:30:58.155	0.56225	0.56228			6
2024.12.20	02:31:01.225	0.56223	0.56227			6
2024.12.20	02:31:01.891	0.56224				2
2024.12.20	02:31:02.964	0.56225				2
2024.12.20	02:31:05.392	0.56224				2
2024.12.20	02:31:06.037	0.56223	0.56226			6
2024.12.20	02:31:06.370		0.56227			4
2024.12.20	02:31:09.270	0.56222	0.56226			6
2024.12.20	02:31:10.410	0.56223				2
2024.12.20	02:31:10.714	0.56222	0.56225			6
2024.12.20	02:31:11.014		0.56226			4
2024.12.20	02:31:11.974		0.56225			4
2024.12.20	02:31:12.275		0.56224			4
2024.12.20	02:31:13.485		0.56225			4
2024.12.20	02:31:15.352		0.56224			4
2024.12.20	02:31:16.863		0.56225			4
2024.12.20	02:31:19.636		0.56224			4
2024.12.20	02:31:25.684	0.56221				2
2024.12.20	02:31:25.988	0.56222				2
2024.12.20	02:31:28.844	0.56223	0.56226			6
