<DATE>	<TIME>	<BID>	<ASK>	<LAST>	<VOLUME>	<FLAGS>
2024.10.09	00:00:00.403	0.61370	0.61404			6
2024.10.09	00:00:01.464	0.61381	0.61411			6
2024.10.09	00:00:02.010	0.61387	0.61460			6
2024.10.09	00:00:30.835	0.61390	0.61458			6
2024.10.09	00:01:00.539	0.61392	0.61456			6
2024.10.09	00:01:22.725	0.61389				2
2024.10.09	00:01:34.266	0.61386				2
2024.10.09	00:01:37.477	0.61383				2
2024.10.09	00:01:40.370	0.61380				2
2024.10.09	00:01:44.205	0.61374				2
2024.10.09	00:02:02.718	0.61374	0.61456			6
2024.10.09	00:03:00.659	0.61374				2
2024.10.09	00:03:11.510		0.61456			4
2024.10.09	00:03:43.655		0.61453			4
2024.10.09	00:04:10.601	0.61374				2
2024.10.09	00:04:44.654		0.61453			4
2024.10.09	00:05:01.367	0.61374				2
2024.10.09	00:05:45.662		0.61453			4
2024.10.09	00:06:01.704	0.61374				2
2024.10.09	00:06:53.592		0.61453			4
2024.10.09	00:07:00.714	0.61374				2
2024.10.09	00:07:47.492	0.61371				2
2024.10.09	00:07:59.854		0.61453			4
2024.10.09	00:08:00.336	0.61371	0.61423			6
2024.10.09	00:08:00.797		0.61424			4
2024.10.09	00:08:37.623	0.61368				2
2024.10.09	00:09:01.399	0.61368	0.61424			6
2024.10.09	00:10:00.308	0.61368				2
2024.10.09	00:10:02.941		0.61424			4
2024.10.09	00:11:22.908	0.61368	0.61424			6
2024.10.09	00:11:33.671		0.61423			4
2024.10.09	00:11:47.167		0.61421			4
2024.10.09	00:11:49.310		0.61420			4
2024.10.09	00:11:58.621		0.61421			4
2024.10.09	00:12:01.194	0.61368				2
2024.10.09	00:12:03.267		0.61423			4
2024.10.09	00:12:08.196		0.61422			4
2024.10.09	00:12:08.553		0.61421			4
2024.10.09	00:12:09.498		0.61420			4
2024.10.09	00:12:18.701		0.61421			4
2024.10.09	00:12:23.310		0.61420			4
2024.10.09	00:12:30.162		0.61419			4
2024.10.09	00:12:34.333		0.61420			4
2024.10.09	00:12:36.205		0.61421			4
2024.10.09	00:12:41.195	0.61371	0.61420			6
2024.10.09	00:12:42.235	0.61370				2
2024.10.09	00:12:45.193		0.61419			4
2024.10.09	00:12:46.996		0.61420			4
2024.10.09	00:12:50.557		0.61419			4
2024.10.09	00:12:51.570	0.61372				2
2024.10.09	00:13:00.243	0.61372				2
2024.10.09	00:13:50.834		0.61419			4
2024.10.09	00:14:02.716	0.61372				2
2024.10.09	00:14:18.111		0.61414			4
2024.10.09	00:15:00.461	0.61372				2
2024.10.09	00:15:01.824		0.61413			4
2024.10.09	00:16:00.021	0.61372				2
2024.10.09	00:16:03.432		0.61413			4
2024.10.09	00:16:15.235		0.61411			4
2024.10.09	00:17:00.395	0.61372				2
2024.10.09	00:17:15.302		0.61411			4
2024.10.09	00:18:00.138	0.61372				2
2024.10.09	00:18:07.892		0.61404			4
2024.10.09	00:18:19.868	0.61369				2
2024.10.09	00:18:22.410		0.61405			4
2024.10.09	00:18:23.166		0.61404			4
2024.10.09	00:18:25.919	0.61370				2
2024.10.09	00:18:49.886	0.61372	0.61412			6
2024.10.09	00:19:00.133	0.61372				2
2024.10.09	00:19:37.827		0.61414			4
2024.10.09	00:19:38.829	0.61373				2
2024.10.09	00:19:48.067	0.61372				2
2024.10.09	00:20:01.369	0.61372				2
2024.10.09	00:20:22.834	0.61373				2
2024.10.09	00:20:23.261	0.61372				2
2024.10.09	00:20:24.204	0.61373				2
2024.10.09	00:20:36.895	0.61372				2
2024.10.09	00:20:37.832		0.61414			4
2024.10.09	00:21:02.531	0.61372				2
2024.10.09	00:21:39.614		0.61414			4
2024.10.09	00:22:00.040	0.61372				2
2024.10.09	00:22:08.196	0.61374				2
2024.10.09	00:22:15.073	0.61372				2
2024.10.09	00:22:23.749	0.61374				2
2024.10.09	00:22:24.493	0.61372				2
2024.10.09	00:22:27.696	0.61374				2
2024.10.09	00:23:00.437	0.61374	0.61414			6
2024.10.09	00:23:26.909	0.61372				2
2024.10.09	00:23:32.871		0.61415			4
2024.10.09	00:23:41.610	0.61374				2
2024.10.09	00:23:55.759	0.61372				2
2024.10.09	00:24:03.863	0.61372				2
2024.10.09	00:24:04.330		0.61413			4
2024.10.09	00:25:00.371	0.61372				2
2024.10.09	00:25:04.356		0.61413			4
2024.10.09	00:25:39.094		0.61404			4
2024.10.09	00:25:39.863		0.61403			4
2024.10.09	00:25:50.428		0.61405			4
2024.10.09	00:26:01.482	0.61372				2
2024.10.09	00:26:44.425		0.61404			4
2024.10.09	00:26:57.743		0.61407			4
2024.10.09	00:26:59.600		0.61406			4
2024.10.09	00:27:00.183	0.61372				2
2024.10.09	00:27:08.844	0.61371				2
2024.10.09	00:27:11.982	0.61369				2
2024.10.09	00:27:21.445	0.61368				2
2024.10.09	00:28:00.773	0.61368	0.61406			6
2024.10.09	00:28:39.778	0.61367				2
2024.10.09	00:29:00.052	0.61367				2
2024.10.09	00:29:01.366		0.61406			4
2024.10.09	00:30:00.373	0.61367				2
2024.10.09	00:30:02.361		0.61406			4
2024.10.09	00:31:01.084	0.61367				2
2024.10.09	00:31:05.166		0.61406			4
2024.10.09	00:32:01.414	0.61367				2
2024.10.09	00:32:06.618		0.61406			4
2024.10.09	00:33:00.581	0.61367				2
2024.10.09	00:33:08.831		0.61406			4
2024.10.09	00:33:18.829	0.61368				2
2024.10.09	00:33:19.330	0.61367				2
2024.10.09	00:33:27.594	0.61368				2
2024.10.09	00:33:36.661	0.61367				2
2024.10.09	00:34:10.833	0.61367	0.61406			6
2024.10.09	00:35:01.508	0.61367				2
2024.10.09	00:35:12.107		0.61406			4
2024.10.09	00:36:01.509	0.61367				2
2024.10.09	00:36:23.608		0.61406			4
2024.10.09	00:37:01.710	0.61367				2
2024.10.09	00:37:24.742		0.61406			4
2024.10.09	00:38:03.600	0.61367				2
2024.10.09	00:38:26.077	0.61365	0.61406			6
2024.10.09	00:38:28.022	0.61367				2
2024.10.09	00:38:40.503	0.61366				2
2024.10.09	00:39:02.832	0.61366				2
2024.10.09	00:39:30.238		0.61406			4
2024.10.09	00:40:02.726	0.61366				2
2024.10.09	00:40:37.640		0.61406			4
2024.10.09	00:41:02.092	0.61366				2
2024.10.09	00:41:21.432	0.61367				2
2024.10.09	00:41:37.771		0.61406			4
2024.10.09	00:41:41.839	0.61369				2
2024.10.09	00:41:43.458	0.61368				2
2024.10.09	00:41:48.867	0.61369				2
2024.10.09	00:41:52.937	0.61367				2
2024.10.09	00:41:55.638	0.61366				2
2024.10.09	00:41:59.523	0.61367				2
2024.10.09	00:42:00.887	0.61367				2
2024.10.09	00:42:15.973	0.61366				2
2024.10.09	00:42:20.526	0.61367				2
2024.10.09	00:42:28.334	0.61366				2
2024.10.09	00:42:28.981	0.61365				2
2024.10.09	00:42:30.618	0.61364				2
2024.10.09	00:42:42.365	0.61369	0.61414			6
2024.10.09	00:43:00.457	0.61369				2
2024.10.09	00:43:06.419	0.61364	0.61411			6
2024.10.09	00:43:23.640	0.61360	0.61412			6
2024.10.09	00:43:23.980	0.61367	0.61404			6
2024.10.09	00:43:30.255	0.61357	0.61408			6
2024.10.09	00:43:32.440	0.61359	0.61409			6
2024.10.09	00:43:32.985	0.61356	0.61406			6
2024.10.09	00:43:33.433		0.61407			4
2024.10.09	00:43:34.197		0.61406			4
2024.10.09	00:43:36.043	0.61357	0.61408			6
2024.10.09	00:43:41.229	0.61353	0.61404			6
2024.10.09	00:43:41.546		0.61403			4
2024.10.09	00:43:41.849	0.61338	0.61410			6
2024.10.09	00:43:42.158	0.61337	0.61412			6
2024.10.09	00:43:42.462	0.61350	0.61408			6
2024.10.09	00:43:42.781		0.61403			4
2024.10.09	00:43:43.085	0.61353	0.61423			6
2024.10.09	00:43:43.391	0.61351	0.61421			6
2024.10.09	00:43:43.776		0.61422			4
2024.10.09	00:43:44.082	0.61352				2
2024.10.09	00:43:44.389		0.61420			4
2024.10.09	00:43:44.747		0.61418			4
2024.10.09	00:43:45.099	0.61348				2
2024.10.09	00:43:45.438	0.61346				2
2024.10.09	00:43:46.529	0.61348				2
2024.10.09	00:43:46.928	0.61347	0.61415			6
2024.10.09	00:43:47.281		0.61414			4
2024.10.09	00:43:48.051		0.61415			4
2024.10.09	00:43:49.425	0.61350	0.61418			6
2024.10.09	00:43:49.738	0.61354	0.61422			6
2024.10.09	00:43:50.041	0.61352				2
2024.10.09	00:43:50.364	0.61353	0.61421			6
2024.10.09	00:43:51.873	0.61354				2
2024.10.09	00:43:53.334	0.61355	0.61422			6
2024.10.09	00:43:53.834		0.61421			4
2024.10.09	00:43:54.250		0.61423			4
2024.10.09	00:43:54.682		0.61422			4
2024.10.09	00:43:56.384	0.61356	0.61424			6
2024.10.09	00:43:56.692		0.61421			4
2024.10.09	00:43:57.013	0.61355				2
2024.10.09	00:43:57.392	0.61354	0.61420			6
2024.10.09	00:43:57.702	0.61353	0.61421			6
2024.10.09	00:44:00.525	0.61352	0.61417			6
2024.10.09	00:44:05.266	0.61351	0.61415			6
2024.10.09	00:44:09.253		0.61416			4
2024.10.09	00:44:11.315		0.61415			4
2024.10.09	00:44:12.427		0.61414			4
2024.10.09	00:44:13.501	0.61354	0.61419			6
2024.10.09	00:44:14.325	0.61351	0.61417			6
2024.10.09	00:44:14.730	0.61354	0.61420			6
2024.10.09	00:44:15.109	0.61355	0.61421			6
2024.10.09	00:44:15.588	0.61353	0.61418			6
2024.10.09	00:44:16.037		0.61419			4
2024.10.09	00:44:16.856	0.61352	0.61418			6
2024.10.09	00:44:18.914		0.61417			4
2024.10.09	00:44:25.285		0.61416			4
2024.10.09	00:44:33.818	0.61353	0.61417			6
2024.10.09	00:44:37.771	0.61352	0.61416			6
2024.10.09	00:44:43.032	0.61353				2
2024.10.09	00:44:50.225		0.61415			4
2024.10.09	00:44:58.756		0.61414			4
2024.10.09	00:45:02.081	0.61353	0.61415			6
2024.10.09	00:45:02.391	0.61354				2
2024.10.09	00:45:02.730	0.61353				2
2024.10.09	00:45:06.882	0.61367	0.61402			6
2024.10.09	00:45:07.400	0.61368				2
2024.10.09	00:45:11.232		0.61401			4
2024.10.09	00:45:17.013	0.61367				2
2024.10.09	00:45:21.808		0.61400			4
2024.10.09	00:45:26.672	0.61371	0.61401			6
2024.10.09	00:45:46.555	0.61369	0.61400			6
2024.10.09	00:45:53.357	0.61371	0.61401			6
2024.10.09	00:45:53.673	0.61369				2
2024.10.09	00:45:54.636	0.61370	0.61400			6
2024.10.09	00:45:56.840	0.61371				2
2024.10.09	00:45:58.725	0.61370	0.61399			6
2024.10.09	00:46:02.008	0.61370				2
2024.10.09	00:46:05.023	0.61369				2
2024.10.09	00:46:06.965	0.61371	0.61400			6
2024.10.09	00:46:11.087	0.61372				2
2024.10.09	00:46:14.035		0.61401			4
2024.10.09	00:46:17.175		0.61400			4
2024.10.09	00:46:24.220	0.61371				2
2024.10.09	00:46:25.636	0.61370	0.61399			6
2024.10.09	00:46:49.322	0.61371				2
2024.10.09	00:46:52.077	0.61370	0.61400			6
2024.10.09	00:46:52.686	0.61372	0.61399			6
2024.10.09	00:46:57.752	0.61370				2
2024.10.09	00:47:02.089	0.61370				2
2024.10.09	00:47:12.799	0.61372				2
2024.10.09	00:47:22.172	0.61370	0.61398			6
2024.10.09	00:47:23.481	0.61371	0.61399			6
2024.10.09	00:47:26.334	0.61370				2
2024.10.09	00:47:26.659	0.61372	0.61398			6
2024.10.09	00:47:27.995	0.61373				2
2024.10.09	00:47:28.696	0.61372				2
2024.10.09	00:47:33.556		0.61399			4
2024.10.09	00:47:38.207	0.61370	0.61398			6
2024.10.09	00:47:41.145	0.61371				2
2024.10.09	00:47:41.452	0.61372				2
2024.10.09	00:47:43.783	0.61371				2
2024.10.09	00:47:47.041	0.61373	0.61400			6
2024.10.09	00:47:52.032	0.61372	0.61399			6
2024.10.09	00:47:56.014		0.61400			4
2024.10.09	00:47:58.351	0.61373				2
2024.10.09	00:48:02.906	0.61373				2
2024.10.09	00:48:06.789		0.61399			4
2024.10.09	00:48:12.830	0.61372				2
2024.10.09	00:48:13.332	0.61371	0.61398			6
2024.10.09	00:48:18.655		0.61397			4
2024.10.09	00:48:22.340		0.61398			4
2024.10.09	00:48:38.870	0.61373	0.61399			6
2024.10.09	00:48:42.041	0.61372				2
2024.10.09	00:48:44.346	0.61373	0.61398			6
2024.10.09	00:48:46.320	0.61371				2
2024.10.09	00:48:48.618		0.61397			4
2024.10.09	00:48:53.829		0.61398			4
2024.10.09	00:48:59.105	0.61372	0.61397			6
2024.10.09	00:48:59.421	0.61371				2
2024.10.09	00:49:04.324	0.61371				2
2024.10.09	00:49:09.112	0.61372	0.61398			6
2024.10.09	00:49:12.833	0.61373				2
2024.10.09	00:49:19.929	0.61372	0.61397			6
2024.10.09	00:49:22.294	0.61373				2
2024.10.09	00:49:22.647		0.61399			4
2024.10.09	00:49:26.831	0.61372	0.61398			6
2024.10.09	00:49:29.181	0.61373	0.61399			6
2024.10.09	00:49:29.609	0.61374				2
2024.10.09	00:49:30.339	0.61373				2
2024.10.09	00:49:38.801	0.61374	0.61400			6
2024.10.09	00:49:44.832		0.61399			4
2024.10.09	00:49:48.626	0.61375				2
2024.10.09	00:49:48.948	0.61378	0.61402			6
2024.10.09	00:49:49.266	0.61373	0.61398			6
2024.10.09	00:49:49.707	0.61372				2
2024.10.09	00:49:55.833	0.61373				2
2024.10.09	00:49:56.273	0.61372	0.61397			6
2024.10.09	00:50:00.356	0.61372				2
2024.10.09	00:50:01.567	0.61373	0.61398			6
2024.10.09	00:50:04.821	0.61372				2
2024.10.09	00:50:07.967		0.61397			4
2024.10.09	00:50:13.053	0.61371	0.61395			6
2024.10.09	00:50:13.912		0.61394			4
2024.10.09	00:50:21.880	0.61372				2
2024.10.09	00:50:25.722	0.61371				2
2024.10.09	00:50:28.943	0.61372				2
2024.10.09	00:50:30.786	0.61371	0.61393			6
2024.10.09	00:50:34.985	0.61372				2
2024.10.09	00:50:56.240	0.61373				2
2024.10.09	00:50:57.792		0.61394			4
2024.10.09	00:51:01.666	0.61373				2
2024.10.09	00:51:01.982	0.61372				2
2024.10.09	00:51:10.331		0.61393			4
2024.10.09	00:51:13.220		0.61394			4
2024.10.09	00:51:23.841		0.61393			4
2024.10.09	00:51:31.490	0.61373	0.61394			6
2024.10.09	00:51:33.939		0.61393			4
2024.10.09	00:51:35.581	0.61372				2
2024.10.09	00:51:36.559	0.61373				2
2024.10.09	00:51:46.516	0.61372				2
2024.10.09	00:51:58.998	0.61373				2
2024.10.09	00:52:00.365	0.61373				2
2024.10.09	00:52:00.824		0.61391			4
2024.10.09	00:52:23.131	0.61372				2
2024.10.09	00:52:41.967	0.61373				2
2024.10.09	00:52:43.516	0.61372				2
2024.10.09	00:52:47.127	0.61373				2
2024.10.09	00:52:49.786	0.61372				2
2024.10.09	00:52:53.733	0.61373				2
2024.10.09	00:53:27.502	0.61361	0.61385			6
2024.10.09	00:53:28.191	0.61363				2
2024.10.09	00:53:28.585	0.61362				2
2024.10.09	00:53:29.131	0.61363				2
2024.10.09	00:53:29.713	0.61362				2
2024.10.09	00:53:30.054	0.61361				2
2024.10.09	00:53:30.393	0.61362	0.61386			6
2024.10.09	00:53:31.312	0.61363				2
2024.10.09	00:53:32.361	0.61364	0.61388			6
2024.10.09	00:53:32.679		0.61389			4
2024.10.09	00:53:33.022		0.61390			4
2024.10.09	00:53:33.872	0.61365	0.61391			6
2024.10.09	00:53:34.305	0.61366	0.61392			6
2024.10.09	00:53:41.831		0.61393			4
2024.10.09	00:53:42.143		0.61391			4
2024.10.09	00:53:42.482		0.61393			4
2024.10.09	00:53:42.788	0.61364	0.61389			6
2024.10.09	00:53:44.077	0.61363	0.61391			6
2024.10.09	00:53:45.748	0.61362	0.61390			6
2024.10.09	00:53:48.952	0.61364	0.61391			6
2024.10.09	00:53:53.756	0.61365	0.61392			6
2024.10.09	00:53:56.632	0.61363	0.61388			6
2024.10.09	00:53:56.936	0.61362	0.61390			6
2024.10.09	00:53:57.701	0.61363				2
2024.10.09	00:53:58.078		0.61391			4
2024.10.09	00:54:02.004	0.61363				2
2024.10.09	00:54:10.034	0.61362				2
2024.10.09	00:54:10.335	0.61361	0.61390			6
2024.10.09	00:54:10.636		0.61391			4
2024.10.09	00:54:11.000	0.61362				2
2024.10.09	00:54:16.627	0.61361				2
2024.10.09	00:54:16.990		0.61390			4
2024.10.09	00:54:21.698		0.61391			4
2024.10.09	00:54:25.589	0.61362	0.61390			6
2024.10.09	00:54:26.635	0.61359	0.61389			6
2024.10.09	00:54:26.934	0.61360				2
2024.10.09	00:54:27.674	0.61359				2
2024.10.09	00:54:29.282	0.61360				2
2024.10.09	00:54:32.520		0.61390			4
2024.10.09	00:54:35.129	0.61361				2
2024.10.09	00:54:39.706		0.61391			4
2024.10.09	00:54:47.690	0.61362				2
2024.10.09	00:54:48.018	0.61361				2
2024.10.09	00:54:55.062		0.61389			4
2024.10.09	00:54:55.383		0.61391			4
2024.10.09	00:54:55.763		0.61390			4
2024.10.09	00:54:56.631		0.61389			4
2024.10.09	00:54:56.937		0.61391			4
2024.10.09	00:55:00.393	0.61362	0.61392			6
2024.10.09	00:55:00.732	0.61361				2
2024.10.09	00:55:01.036		0.61389			4
2024.10.09	00:55:02.707	0.61362	0.61392			6
2024.10.09	00:55:03.990	0.61363	0.61393			6
2024.10.09	00:55:04.310		0.61394			4
2024.10.09	00:55:07.377	0.61364				2
2024.10.09	00:55:08.202	0.61365	0.61395			6
2024.10.09	00:55:08.539	0.61366	0.61396			6
2024.10.09	00:55:11.642	0.61365	0.61394			6
2024.10.09	00:55:12.690	0.61364	0.61395			6
2024.10.09	00:55:13.687	0.61365				2
2024.10.09	00:55:14.031		0.61393			4
2024.10.09	00:55:14.355		0.61395			4
2024.10.09	00:55:21.612	0.61364	0.61396			6
2024.10.09	00:55:26.627		0.61394			4
2024.10.09	00:55:26.930	0.61365	0.61396			6
2024.10.09	00:55:34.094	0.61364	0.61395			6
2024.10.09	00:55:39.643	0.61365	0.61396			6
2024.10.09	00:55:39.954		0.61395			4
2024.10.09	00:55:43.052		0.61397			4
2024.10.09	00:55:46.749	0.61366	0.61396			6
2024.10.09	00:55:52.686		0.61395			4
2024.10.09	00:55:54.231	0.61365				2
2024.10.09	00:55:55.784	0.61364	0.61393			6
2024.10.09	00:55:58.398	0.61365				2
2024.10.09	00:55:59.380	0.61364				2
2024.10.09	00:56:00.326	0.61364				2
2024.10.09	00:56:00.849	0.61365				2
2024.10.09	00:56:01.450	0.61364				2
2024.10.09	00:56:04.056	0.61365				2
2024.10.09	00:56:05.555	0.61364	0.61390			6
2024.10.09	00:56:05.865		0.61394			4
2024.10.09	00:56:09.461	0.61362	0.61390			6
2024.10.09	00:56:10.073	0.61361				2
2024.10.09	00:56:10.632	0.61360				2
2024.10.09	00:56:11.148	0.61359				2
2024.10.09	00:56:13.275	0.61360	0.61389			6
2024.10.09	00:56:14.273	0.61358				2
2024.10.09	00:56:16.114		0.61388			4
2024.10.09	00:56:18.047		0.61389			4
2024.10.09	00:56:18.355	0.61359				2
2024.10.09	00:56:22.242	0.61355				2
2024.10.09	00:56:22.543	0.61357	0.61387			6
2024.10.09	00:56:22.862	0.61356				2
2024.10.09	00:56:23.484	0.61357	0.61388			6
2024.10.09	00:56:24.683	0.61358				2
2024.10.09	00:56:24.995	0.61357				2
2024.10.09	00:56:27.121	0.61358	0.61389			6
2024.10.09	00:56:27.780	0.61357	0.61388			6
2024.10.09	00:56:29.248	0.61358				2
2024.10.09	00:56:32.450	0.61357				2
2024.10.09	00:56:32.837		0.61387			4
2024.10.09	00:56:33.489	0.61356				2
2024.10.09	00:56:38.154	0.61355				2
2024.10.09	00:56:39.775		0.61384			4
2024.10.09	00:56:40.508		0.61386			4
2024.10.09	00:56:41.484	0.61356				2
2024.10.09	00:56:41.889	0.61344	0.61377			6
2024.10.09	00:56:42.197	0.61347	0.61376			6
2024.10.09	00:56:42.507	0.61346	0.61377			6
2024.10.09	00:56:44.020		0.61376			4
2024.10.09	00:56:45.775	0.61347				2
2024.10.09	00:56:46.084	0.61342	0.61380			6
2024.10.09	00:56:46.391	0.61348				2
2024.10.09	00:56:46.703	0.61349	0.61382			6
2024.10.09	00:56:47.061	0.61350				2
2024.10.09	00:56:47.505		0.61384			4
2024.10.09	00:56:48.908	0.61352	0.61385			6
2024.10.09	00:56:50.231	0.61351				2
2024.10.09	00:56:50.594	0.61348	0.61388			6
2024.10.09	00:56:50.907		0.61389			4
2024.10.09	00:56:51.235		0.61391			4
2024.10.09	00:56:51.543	0.61353	0.61390			6
2024.10.09	00:56:52.027	0.61355	0.61391			6
2024.10.09	00:56:52.352	0.61354				2
2024.10.09	00:56:53.739	0.61355				2
2024.10.09	00:56:54.762	0.61354				2
2024.10.09	00:56:55.479	0.61355				2
2024.10.09	00:56:57.705	0.61356	0.61389			6
2024.10.09	00:57:00.325	0.61356				2
2024.10.09	00:57:01.148	0.61353	0.61390			6
2024.10.09	00:57:01.462	0.61352	0.61388			6
2024.10.09	00:57:02.694	0.61351	0.61389			6
2024.10.09	00:57:03.126	0.61354				2
2024.10.09	00:57:03.429	0.61352	0.61391			6
2024.10.09	00:57:03.735	0.61354				2
2024.10.09	00:57:04.445	0.61355				2
2024.10.09	00:57:05.350	0.61354				2
2024.10.09	00:57:05.958	0.61355				2
2024.10.09	00:57:07.932	0.61354				2
2024.10.09	00:57:12.819	0.61356				2
2024.10.09	00:57:14.713	0.61355				2
2024.10.09	00:57:18.122	0.61354	0.61390			6
2024.10.09	00:57:19.768	0.61353	0.61389			6
2024.10.09	00:57:29.291	0.61354	0.61390			6
2024.10.09	00:57:30.153		0.61391			4
2024.10.09	00:57:30.551	0.61355				2
2024.10.09	00:57:33.948		0.61390			4
2024.10.09	00:57:34.417		0.61391			4
2024.10.09	00:57:35.042		0.61388			4
2024.10.09	00:57:35.531		0.61391			4
2024.10.09	00:57:38.543	0.61354	0.61390			6
2024.10.09	00:57:38.952	0.61355				2
2024.10.09	00:57:39.321		0.61391			4
2024.10.09	00:57:40.585		0.61390			4
2024.10.09	00:57:42.185		0.61391			4
2024.10.09	00:57:43.619	0.61356				2
2024.10.09	00:57:44.326		0.61392			4
2024.10.09	00:57:48.544	0.61355	0.61390			6
2024.10.09	00:57:49.150	0.61356	0.61391			6
2024.10.09	00:57:50.989	0.61354	0.61389			6
2024.10.09	00:57:54.268	0.61353	0.61388			6
2024.10.09	00:57:58.759		0.61392			4
2024.10.09	00:57:59.362		0.61391			4
2024.10.09	00:57:59.661	0.61359	0.61392			6
2024.10.09	00:58:00.290	0.61359	0.61391			6
2024.10.09	00:58:00.596		0.61394			4
2024.10.09	00:58:03.227	0.61360	0.61395			6
2024.10.09	00:58:03.577	0.61362				2
2024.10.09	00:58:03.879	0.61361	0.61397			6
2024.10.09	00:58:04.231	0.61363	0.61399			6
2024.10.09	00:58:04.932	0.61352	0.61402			6
2024.10.09	00:58:05.241	0.61341	0.61403			6
2024.10.09	00:58:05.545	0.61346				2
2024.10.09	00:58:05.850	0.61358	0.61400			6
2024.10.09	00:58:06.198	0.61359	0.61401			6
2024.10.09	00:58:06.929	0.61342	0.61423			6
2024.10.09	00:58:07.230		0.61453			4
2024.10.09	00:58:07.542	0.61334	0.61459			6
2024.10.09	00:58:07.864	0.61328	0.61467			6
2024.10.09	00:58:08.180	0.61334	0.61469			6
2024.10.09	00:58:08.485	0.61335	0.61460			6
2024.10.09	00:58:08.785	0.61339	0.61471			6
2024.10.09	00:58:09.105	0.61341	0.61466			6
2024.10.09	00:58:09.461	0.61347	0.61467			6
2024.10.09	00:58:09.795	0.61329	0.61471			6
2024.10.09	00:58:10.101	0.61341	0.61470			6
2024.10.09	00:58:10.404	0.61342	0.61464			6
2024.10.09	00:58:10.709	0.61320	0.61466			6
2024.10.09	00:58:11.012	0.61322	0.61457			6
2024.10.09	00:58:11.320	0.61336	0.61458			6
2024.10.09	00:58:11.621	0.61306	0.61463			6
2024.10.09	00:58:11.922	0.61314	0.61466			6
2024.10.09	00:58:12.224	0.61323	0.61473			6
2024.10.09	00:58:12.529	0.61324				2
2024.10.09	00:58:12.834	0.61300	0.61462			6
2024.10.09	00:58:13.148	0.61308	0.61471			6
2024.10.09	00:58:13.466	0.61327	0.61473			6
2024.10.09	00:58:13.780	0.61332	0.61476			6
2024.10.09	00:58:14.081	0.61325	0.61471			6
2024.10.09	00:58:14.402	0.61330	0.61470			6
2024.10.09	00:58:14.707	0.61310	0.61468			6
2024.10.09	00:58:15.014	0.61298	0.61463			6
2024.10.09	00:58:15.316	0.61301	0.61466			6
2024.10.09	00:58:15.631	0.61306	0.61463			6
2024.10.09	00:58:15.932	0.61323	0.61470			6
2024.10.09	00:58:16.242	0.61315	0.61466			6
2024.10.09	00:58:16.547	0.61291	0.61462			6
2024.10.09	00:58:16.885	0.61293				2
2024.10.09	00:58:17.189		0.61464			4
2024.10.09	00:58:18.757	0.61291	0.61462			6
2024.10.09	00:58:19.807	0.61293	0.61464			6
2024.10.09	00:58:20.428	0.61291	0.61462			6
2024.10.09	00:58:21.846	0.61295	0.61466			6
2024.10.09	00:58:22.454	0.61292	0.61463			6
2024.10.09	00:58:23.063	0.61293	0.61464			6
2024.10.09	00:58:23.824	0.61292	0.61463			6
2024.10.09	00:58:24.127	0.61293	0.61464			6
2024.10.09	00:58:24.432	0.61291	0.61462			6
2024.10.09	00:58:24.850	0.61307	0.61473			6
2024.10.09	00:58:25.163	0.61291	0.61462			6
2024.10.09	00:58:25.859	0.61293	0.61464			6
2024.10.09	00:58:26.362	0.61292	0.61463			6
2024.10.09	00:58:27.274	0.61289	0.61460			6
2024.10.09	00:58:27.630	0.61291	0.61462			6
2024.10.09	00:58:29.009	0.61288	0.61445			6
2024.10.09	00:58:29.494	0.61296				2
2024.10.09	00:58:29.795	0.61293				2
2024.10.09	00:58:30.108	0.61299				2
2024.10.09	00:58:30.556	0.61312				2
2024.10.09	00:58:32.614	0.61318				2
2024.10.09	00:58:35.269	0.61300	0.61415			6
2024.10.09	00:58:35.580	0.61303				2
2024.10.09	00:58:35.880	0.61299				2
2024.10.09	00:58:36.206	0.61298				2
2024.10.09	00:58:36.540	0.61295				2
2024.10.09	00:58:36.847	0.61296				2
2024.10.09	00:58:37.311		0.61410			4
2024.10.09	00:58:37.730	0.61302				2
2024.10.09	00:58:39.831	0.61297				2
2024.10.09	00:58:40.271	0.61298	0.61406			6
2024.10.09	00:58:40.590		0.61407			4
2024.10.09	00:58:40.896	0.61319	0.61444			6
2024.10.09	00:58:41.212	0.61291	0.61462			6
2024.10.09	00:58:41.514	0.61293	0.61460			6
2024.10.09	00:58:41.825	0.61308	0.61467			6
2024.10.09	00:58:42.143	0.61302	0.61464			6
2024.10.09	00:58:42.463	0.61306	0.61472			6
2024.10.09	00:58:42.766	0.61304	0.61468			6
2024.10.09	00:58:43.068		0.61464			4
2024.10.09	00:58:43.467		0.61465			4
2024.10.09	00:58:43.783	0.61314	0.61472			6
2024.10.09	00:58:44.110	0.61327	0.61469			6
2024.10.09	00:58:45.761	0.61326				2
2024.10.09	00:58:46.140	0.61328				2
2024.10.09	00:58:46.495		0.61470			4
2024.10.09	00:58:47.502	0.61329				2
2024.10.09	00:58:48.086	0.61330				2
2024.10.09	00:58:48.552		0.61471			4
2024.10.09	00:58:49.018	0.61325				2
2024.10.09	00:58:49.572		0.61472			4
2024.10.09	00:58:50.036		0.61469			4
2024.10.09	00:58:50.823	0.61335	0.61466			6
2024.10.09	00:58:51.124	0.61344				2
2024.10.09	00:58:51.441	0.61345				2
2024.10.09	00:58:54.239	0.61343				2
2024.10.09	00:58:56.006		0.61465			4
2024.10.09	00:58:56.405	0.61347				2
2024.10.09	00:58:58.503	0.61348				2
2024.10.09	00:59:00.429	0.61348				2
2024.10.09	00:59:01.369	0.61346				2
2024.10.09	00:59:02.636	0.61349				2
2024.10.09	00:59:04.135	0.61350				2
2024.10.09	00:59:05.216	0.61349				2
2024.10.09	00:59:06.265		0.61464			4
2024.10.09	00:59:06.570	0.61354				2
2024.10.09	00:59:06.882		0.61463			4
2024.10.09	00:59:09.871		0.61465			4
2024.10.09	00:59:10.172		0.61463			4
2024.10.09	00:59:11.486		0.61465			4
2024.10.09	00:59:11.797	0.61349	0.61463			6
2024.10.09	00:59:12.131		0.61466			4
2024.10.09	00:59:12.619		0.61463			4
2024.10.09	00:59:13.018	0.61354				2
2024.10.09	00:59:15.138		0.61464			4
2024.10.09	00:59:15.508		0.61463			4
2024.10.09	00:59:16.780	0.61355				2
2024.10.09	00:59:17.480	0.61354	0.61464			6
2024.10.09	00:59:17.781	0.61356	0.61462			6
2024.10.09	00:59:18.088	0.61358				2
2024.10.09	00:59:18.500	0.61356				2
2024.10.09	00:59:18.805	0.61355	0.61466			6
2024.10.09	00:59:19.114	0.61354				2
2024.10.09	00:59:19.831	0.61358	0.61462			6
2024.10.09	00:59:20.230	0.61357				2
2024.10.09	00:59:20.680	0.61358	0.61465			6
2024.10.09	00:59:20.983	0.61354				2
2024.10.09	00:59:21.303	0.61358				2
2024.10.09	00:59:21.621	0.61359	0.61462			6
2024.10.09	00:59:21.930	0.61357				2
2024.10.09	00:59:23.405	0.61358				2
2024.10.09	00:59:24.105	0.61359				2
2024.10.09	00:59:25.634		0.61463			4
2024.10.09	00:59:26.786	0.61363				2
2024.10.09	00:59:27.756	0.61351	0.61466			6
2024.10.09	00:59:28.061	0.61360	0.61462			6
2024.10.09	00:59:28.393	0.61354				2
2024.10.09	00:59:28.705	0.61350	0.61463			6
2024.10.09	00:59:29.110	0.61355	0.61466			6
2024.10.09	00:59:30.324	0.61358	0.61464			6
2024.10.09	00:59:30.643	0.61357	0.61463			6
2024.10.09	00:59:30.942	0.61350	0.61464			6
2024.10.09	00:59:31.288	0.61359	0.61462			6
2024.10.09	00:59:32.097	0.61360				2
2024.10.09	00:59:32.615	0.61358				2
2024.10.09	00:59:33.801	0.61360				2
2024.10.09	00:59:34.116		0.61463			4
2024.10.09	00:59:34.431		0.61462			4
2024.10.09	00:59:34.741	0.61361	0.61463			6
2024.10.09	00:59:35.063	0.61362				2
2024.10.09	00:59:35.402		0.61462			4
2024.10.09	00:59:35.721		0.61463			4
2024.10.09	00:59:38.131	0.61363				2
2024.10.09	00:59:38.492	0.61355	0.61461			6
2024.10.09	00:59:38.801	0.61358	0.61464			6
2024.10.09	00:59:39.424	0.61359	0.61462			6
2024.10.09	00:59:39.739	0.61360	0.61464			6
2024.10.09	00:59:40.045		0.61463			4
2024.10.09	00:59:40.350	0.61362				2
2024.10.09	00:59:41.799	0.61364				2
2024.10.09	00:59:42.202	0.61363				2
2024.10.09	00:59:42.976		0.61464			4
2024.10.09	00:59:43.331	0.61362				2
2024.10.09	00:59:44.714	0.61365	0.61462			6
2024.10.09	00:59:45.077	0.61368				2
2024.10.09	00:59:45.386	0.61370				2
2024.10.09	00:59:45.705		0.61461			4
2024.10.09	00:59:46.157	0.61371				2
2024.10.09	00:59:46.701	0.61363	0.61465			6
2024.10.09	00:59:47.010	0.61372	0.61461			6
2024.10.09	00:59:47.830	0.61371				2
2024.10.09	00:59:49.342	0.61373				2
2024.10.09	00:59:49.642	0.61368				2
2024.10.09	00:59:49.963	0.61356	0.61463			6
2024.10.09	00:59:50.344	0.61360	0.61462			6
2024.10.09	00:59:50.666	0.61365	0.61461			6
2024.10.09	00:59:50.967	0.61364				2
2024.10.09	00:59:51.734	0.61366				2
2024.10.09	00:59:52.041	0.61365				2
2024.10.09	00:59:52.400	0.61367				2
2024.10.09	00:59:52.800	0.61361	0.61462			6
2024.10.09	00:59:53.109	0.61367	0.61461			6
2024.10.09	00:59:53.721	0.61365				2
2024.10.09	00:59:54.022	0.61367				2
2024.10.09	00:59:54.353	0.61358	0.61462			6
2024.10.09	00:59:54.661		0.61461			4
2024.10.09	00:59:54.982	0.61355	0.61460			6
2024.10.09	00:59:55.442	0.61364	0.61462			6
2024.10.09	00:59:55.743	0.61360				2
2024.10.09	00:59:56.064	0.61362				2
2024.10.09	00:59:56.369	0.61370	0.61461			6
2024.10.09	00:59:56.703	0.61369	0.61462			6
2024.10.09	00:59:58.203	0.61367				2
2024.10.09	00:59:58.562	0.61362				2
2024.10.09	00:59:58.876	0.61369				2
2024.10.09	00:59:59.185	0.61366				2
2024.10.09	00:59:59.499	0.61369				2
2024.10.09	00:59:59.801	0.61366				2
2024.10.09	01:00:00.103	0.61364				2
2024.10.09	01:00:00.404		0.61463			4
2024.10.09	01:00:00.729	0.61367	0.61446			6
2024.10.09	01:00:01.042	0.61356	0.61451			6
2024.10.09	01:00:01.404	0.61363	0.61458			6
2024.10.09	01:00:01.863	0.61379	0.61463			6
2024.10.09	01:00:02.189	0.61371				2
2024.10.09	01:00:02.885	0.61376	0.61464			6
2024.10.09	01:00:03.191	0.61374	0.61462			6
2024.10.09	01:00:03.749	0.61372	0.61458			6
2024.10.09	01:00:04.251	0.61371	0.61452			6
2024.10.09	01:00:04.557	0.61370				2
2024.10.09	01:00:04.861	0.61373	0.61454			6
2024.10.09	01:00:05.164	0.61377	0.61457			6
2024.10.09	01:00:05.467	0.61380	0.61460			6
2024.10.09	01:00:06.481	0.61376	0.61454			6
2024.10.09	01:00:06.955	0.61375	0.61453			6
2024.10.09	01:00:07.267	0.61379				2
2024.10.09	01:00:07.616		0.61454			4
2024.10.09	01:00:08.231		0.61455			4
2024.10.09	01:00:09.130	0.61382				2
2024.10.09	01:00:09.467	0.61384	0.61456			6
2024.10.09	01:00:11.121	0.61385				2
2024.10.09	01:00:11.592		0.61455			4
2024.10.09	01:00:12.731	0.61384				2
2024.10.09	01:00:13.060	0.61385				2
2024.10.09	01:00:13.385	0.61380	0.61450			6
2024.10.09	01:00:14.533		0.61448			4
2024.10.09	01:00:14.916	0.61381				2
2024.10.09	01:00:15.692		0.61447			4
2024.10.09	01:00:16.033		0.61446			4
2024.10.09	01:00:16.342	0.61376	0.61440			6
2024.10.09	01:00:16.661		0.61432			4
2024.10.09	01:00:16.962	0.61371	0.61418			6
2024.10.09	01:00:17.275	0.61373	0.61435			6
2024.10.09	01:00:17.732	0.61372				2
2024.10.09	01:00:18.229		0.61434			4
2024.10.09	01:00:19.576	0.61373				2
2024.10.09	01:00:21.705	0.61360	0.61424			6
2024.10.09	01:00:22.005	0.61363	0.61419			6
2024.10.09	01:00:22.932	0.61367	0.61420			6
2024.10.09	01:00:23.236	0.61371				2
2024.10.09	01:00:23.917		0.61421			4
2024.10.09	01:00:24.418		0.61425			4
2024.10.09	01:00:25.431		0.61419			4
2024.10.09	01:00:26.128	0.61367	0.61417			6
2024.10.09	01:00:26.802	0.61365				2
2024.10.09	01:00:28.018	0.61363	0.61414			6
2024.10.09	01:00:29.251	0.61364				2
2024.10.09	01:00:30.601	0.61365	0.61415			6
2024.10.09	01:00:31.980		0.61414			4
2024.10.09	01:00:32.283	0.61363	0.61407			6
2024.10.09	01:00:32.601		0.61411			4
2024.10.09	01:00:36.734	0.61361				2
2024.10.09	01:00:39.967	0.61362				2
2024.10.09	01:00:40.402	0.61364	0.61409			6
2024.10.09	01:00:41.010	0.61363	0.61407			6
2024.10.09	01:00:43.907	0.61356	0.61398			6
2024.10.09	01:00:44.209	0.61354	0.61396			6
2024.10.09	01:00:44.536		0.61395			4
2024.10.09	01:00:47.498	0.61355				2
2024.10.09	01:00:50.512	0.61353	0.61393			6
2024.10.09	01:00:50.814	0.61354				2
2024.10.09	01:00:51.217	0.61353	0.61392			6
2024.10.09	01:00:51.779		0.61393			4
2024.10.09	01:00:55.379	0.61354	0.61392			6
2024.10.09	01:01:00.312	0.61358	0.61393			6
2024.10.09	01:01:00.611	0.61359	0.61391			6
2024.10.09	01:01:00.924		0.61372			4
2024.10.09	01:01:01.227		0.61373			4
2024.10.09	01:01:04.330		0.61372			4
2024.10.09	01:01:04.641		0.61380			4
2024.10.09	01:01:05.230	0.61361	0.61378			6
2024.10.09	01:01:06.074	0.61364	0.61381			6
2024.10.09	01:01:08.461	0.61363				2
2024.10.09	01:01:12.962	0.61364				2
2024.10.09	01:01:14.431	0.61363				2
2024.10.09	01:01:15.187	0.61362	0.61379			6
2024.10.09	01:01:15.496	0.61363	0.61380			6
2024.10.09	01:01:18.474	0.61369				2
2024.10.09	01:01:18.775		0.61390			4
2024.10.09	01:01:21.703	0.61368				2
2024.10.09	01:01:23.703		0.61389			4
2024.10.09	01:01:32.352		0.61374			4
2024.10.09	01:01:48.698	0.61372				2
2024.10.09	01:01:49.001	0.61367	0.61370			6
2024.10.09	01:01:49.303	0.61364	0.61383			6
2024.10.09	01:01:51.377	0.61365				2
2024.10.09	01:01:56.032		0.61382			4
2024.10.09	01:01:58.400		0.61381			4
2024.10.09	01:02:00.130	0.61365				2
2024.10.09	01:02:01.439		0.61380			4
2024.10.09	01:02:06.445	0.61361	0.61375			6
2024.10.09	01:02:06.754	0.61358	0.61369			6
2024.10.09	01:02:07.702		0.61371			4
2024.10.09	01:02:10.321	0.61359				2
2024.10.09	01:02:11.509	0.61362	0.61373			6
2024.10.09	01:02:12.734	0.61361				2
2024.10.09	01:02:13.042		0.61372			4
2024.10.09	01:02:16.227	0.61359	0.61370			6
2024.10.09	01:02:21.556		0.61361			4
2024.10.09	01:02:33.098		0.61370			4
2024.10.09	01:02:34.129		0.61371			4
2024.10.09	01:02:35.916		0.61370			4
2024.10.09	01:02:37.693		0.61371			4
2024.10.09	01:02:39.509		0.61370			4
2024.10.09	01:02:40.970	0.61354	0.61368			6
2024.10.09	01:02:42.356		0.61367			4
2024.10.09	01:02:48.166	0.61361	0.61374			6
2024.10.09	01:02:53.301	0.61362	0.61376			6
2024.10.09	01:03:00.417	0.61362				2
2024.10.09	01:03:01.366	0.61363	0.61373			6
2024.10.09	01:03:01.671		0.61374			4
2024.10.09	01:03:31.080		0.61373			4
2024.10.09	01:03:32.153	0.61362				2
2024.10.09	01:03:35.296		0.61374			4
2024.10.09	01:03:44.234		0.61373			4
2024.10.09	01:03:46.148		0.61372			4
2024.10.09	01:03:47.883		0.61373			4
2024.10.09	01:03:52.029		0.61370			4
2024.10.09	01:03:53.179		0.61371			4
2024.10.09	01:03:54.437		0.61370			4
2024.10.09	01:03:57.434		0.61371			4
2024.10.09	01:04:00.188	0.61362				2
2024.10.09	01:04:25.307		0.61373			4
2024.10.09	01:04:30.789		0.61372			4
2024.10.09	01:04:48.261	0.61363				2
2024.10.09	01:05:01.628	0.61363				2
2024.10.09	01:05:34.035		0.61372			4
2024.10.09	01:05:41.812		0.61371			4
2024.10.09	01:05:49.086		0.61372			4
2024.10.09	01:06:01.520	0.61363				2
2024.10.09	01:06:26.892		0.61371			4
2024.10.09	01:06:56.018		0.61372			4
2024.10.09	01:06:57.183		0.61371			4
2024.10.09	01:07:00.430	0.61363				2
2024.10.09	01:07:42.464		0.61370			4
2024.10.09	01:07:45.721	0.61358	0.61366			6
2024.10.09	01:07:51.366	0.61359	0.61364			6
2024.10.09	01:08:01.661	0.61359	0.61365			6
2024.10.09	01:08:08.601	0.61358				2
2024.10.09	01:08:35.220		0.61364			4
2024.10.09	01:08:35.723		0.61363			4
2024.10.09	01:08:38.096	0.61364	0.61370			6
2024.10.09	01:08:40.121		0.61369			4
2024.10.09	01:08:40.421	0.61360	0.61367			6
2024.10.09	01:08:59.689		0.61368			4
2024.10.09	01:09:01.336	0.61360				2
2024.10.09	01:09:08.221		0.61367			4
2024.10.09	01:09:26.518	0.61359	0.61360			6
2024.10.09	01:09:31.549	0.61358	0.61359			6
2024.10.09	01:09:41.545		0.61366			4
2024.10.09	01:09:50.382	0.61361	0.61367			6
2024.10.09	01:10:01.334	0.61361				2
2024.10.09	01:10:21.149		0.61368			4
2024.10.09	01:10:22.400		0.61367			4
2024.10.09	01:10:41.570	0.61360	0.61366			6
2024.10.09	01:10:48.133	0.61365	0.61369			6
2024.10.09	01:10:48.787		0.61370			4
2024.10.09	01:11:01.033	0.61365				2
2024.10.09	01:11:02.042	0.61360	0.61367			6
2024.10.09	01:11:22.965		0.61366			4
2024.10.09	01:11:24.784		0.61367			4
2024.10.09	01:11:29.536	0.61361				2
2024.10.09	01:11:31.974		0.61368			4
2024.10.09	01:11:42.272	0.61364	0.61370			6
2024.10.09	01:12:02.214	0.61364				2
2024.10.09	01:12:03.486	0.61363				2
2024.10.09	01:12:29.672		0.61369			4
2024.10.09	01:12:36.709	0.61364	0.61370			6
2024.10.09	01:12:40.455	0.61359	0.61366			6
2024.10.09	01:12:52.932		0.61367			4
2024.10.09	01:12:53.874		0.61366			4
2024.10.09	01:12:54.769		0.61368			4
2024.10.09	01:12:56.600	0.61368	0.61375			6
2024.10.09	01:12:58.600	0.61369				2
2024.10.09	01:13:01.032	0.61369				2
2024.10.09	01:13:05.487	0.61368				2
2024.10.09	01:13:09.032		0.61374			4
2024.10.09	01:13:13.761	0.61369	0.61376			6
2024.10.09	01:13:14.063	0.61370	0.61377			6
2024.10.09	01:13:28.683	0.61369				2
2024.10.09	01:13:45.428	0.61370				2
2024.10.09	01:13:47.939	0.61372	0.61379			6
2024.10.09	01:13:51.508		0.61378			4
2024.10.09	01:13:53.412	0.61375	0.61382			6
2024.10.09	01:13:54.282	0.61374	0.61381			6
2024.10.09	01:14:01.505	0.61374	0.61382			6
2024.10.09	01:14:03.131	0.61372	0.61379			6
2024.10.09	01:14:03.434	0.61370				2
2024.10.09	01:14:04.358		0.61378			4
2024.10.09	01:14:05.855	0.61369				2
2024.10.09	01:14:08.131		0.61377			4
2024.10.09	01:14:08.926		0.61378			4
2024.10.09	01:14:12.935	0.61367	0.61374			6
2024.10.09	01:14:35.362	0.61365	0.61373			6
2024.10.09	01:14:48.350	0.61364				2
2024.10.09	01:14:50.357	0.61365				2
2024.10.09	01:14:53.545		0.61374			4
2024.10.09	01:14:56.239		0.61373			4
2024.10.09	01:15:00.977	0.61365	0.61372			6
2024.10.09	01:15:01.592		0.61374			4
2024.10.09	01:15:05.964	0.61367				2
2024.10.09	01:15:11.357		0.61373			4
2024.10.09	01:15:20.121	0.61365	0.61372			6
2024.10.09	01:15:21.450	0.61367	0.61374			6
2024.10.09	01:15:25.963		0.61373			4
2024.10.09	01:15:35.415		0.61372			4
2024.10.09	01:15:36.110		0.61373			4
2024.10.09	01:15:39.500		0.61374			4
2024.10.09	01:15:39.807		0.61373			4
2024.10.09	01:15:42.734		0.61372			4
2024.10.09	01:15:43.094		0.61373			4
2024.10.09	01:15:45.501		0.61372			4
2024.10.09	01:15:48.439		0.61373			4
2024.10.09	01:15:52.239	0.61372	0.61377			6
2024.10.09	01:16:00.505	0.61370	0.61374			6
2024.10.09	01:16:01.381	0.61369				2
2024.10.09	01:16:14.504	0.61368	0.61371			6
2024.10.09	01:16:15.838	0.61369	0.61374			6
2024.10.09	01:16:21.032	0.61368	0.61373			6
2024.10.09	01:16:31.016		0.61372			4
2024.10.09	01:16:32.700	0.61367				2
2024.10.09	01:16:39.216	0.61366				2
2024.10.09	01:16:44.585		0.61373			4
2024.10.09	01:16:46.102		0.61372			4
2024.10.09	01:16:59.712		0.61371			4
2024.10.09	01:17:03.511	0.61367				2
2024.10.09	01:17:12.660		0.61372			4
2024.10.09	01:17:33.276	0.61364	0.61368			6
2024.10.09	01:17:33.582		0.61369			4
2024.10.09	01:17:41.494	0.61362	0.61367			6
2024.10.09	01:17:41.914	0.61364	0.61369			6
2024.10.09	01:17:42.934	0.61368	0.61373			6
2024.10.09	01:18:00.810	0.61368				2
2024.10.09	01:18:10.612		0.61374			4
2024.10.09	01:18:10.926		0.61373			4
2024.10.09	01:18:14.372	0.61369	0.61374			6
2024.10.09	01:18:15.142	0.61368	0.61373			6
2024.10.09	01:18:31.631		0.61372			4
2024.10.09	01:18:32.313	0.61367	0.61371			6
2024.10.09	01:18:40.695	0.61368	0.61372			6
2024.10.09	01:18:53.841	0.61370	0.61374			6
2024.10.09	01:19:00.327	0.61370				2
2024.10.09	01:19:29.168	0.61368	0.61372			6
2024.10.09	01:19:29.593	0.61367	0.61371			6
2024.10.09	01:19:58.664	0.61368	0.61372			6
2024.10.09	01:20:00.317	0.61368	0.61373			6
2024.10.09	01:20:00.623	0.61369	0.61374			6
2024.10.09	01:20:00.963	0.61368	0.61372			6
2024.10.09	01:20:18.750		0.61371			4
2024.10.09	01:20:20.361	0.61365	0.61369			6
2024.10.09	01:20:30.060	0.61368	0.61374			6
2024.10.09	01:20:31.356	0.61371	0.61377			6
2024.10.09	01:20:32.354		0.61376			4
2024.10.09	01:20:33.764		0.61375			4
2024.10.09	01:20:35.398		0.61376			4
2024.10.09	01:20:38.281		0.61377			4
2024.10.09	01:20:41.155	0.61368	0.61373			6
2024.10.09	01:20:46.485		0.61372			4
2024.10.09	01:20:50.059	0.61366				2
2024.10.09	01:20:52.399		0.61371			4
2024.10.09	01:20:52.856	0.61368	0.61373			6
2024.10.09	01:20:55.332	0.61370	0.61374			6
2024.10.09	01:21:01.025	0.61370				2
2024.10.09	01:21:06.187	0.61373	0.61378			6
2024.10.09	01:21:16.765	0.61372				2
2024.10.09	01:21:18.496		0.61377			4
2024.10.09	01:21:44.827	0.61369	0.61374			6
2024.10.09	01:21:45.144	0.61368	0.61372			6
2024.10.09	01:21:48.703	0.61369	0.61374			6
2024.10.09	01:22:00.959	0.61369				2
2024.10.09	01:22:18.427	0.61374	0.61379			6
2024.10.09	01:22:22.465	0.61375				2
2024.10.09	01:22:40.530	0.61374				2
2024.10.09	01:22:42.339	0.61375				2
2024.10.09	01:22:43.661		0.61380			4
2024.10.09	01:22:43.969	0.61379	0.61384			6
2024.10.09	01:22:48.352	0.61384	0.61389			6
2024.10.09	01:22:50.531	0.61385				2
2024.10.09	01:22:58.073	0.61382	0.61386			6
2024.10.09	01:23:00.329	0.61382				2
2024.10.09	01:23:06.632	0.61381				2
2024.10.09	01:23:26.053		0.61387			4
2024.10.09	01:23:38.981	0.61380	0.61384			6
2024.10.09	01:23:41.973	0.61385	0.61389			6
2024.10.09	01:24:00.430	0.61385				2
2024.10.09	01:24:42.242		0.61389			4
2024.10.09	01:24:49.450	0.61384				2
2024.10.09	01:24:57.045	0.61383	0.61388			6
2024.10.09	01:25:01.220	0.61383				2
2024.10.09	01:25:12.192	0.61385	0.61389			6
2024.10.09	01:25:28.955	0.61388	0.61393			6
2024.10.09	01:25:29.301		0.61392			4
2024.10.09	01:25:34.033		0.61391			4
2024.10.09	01:25:36.316		0.61392			4
2024.10.09	01:26:03.136	0.61388				2
2024.10.09	01:26:11.957	0.61386	0.61391			6
2024.10.09	01:26:13.909		0.61390			4
2024.10.09	01:26:15.514		0.61391			4
2024.10.09	01:26:27.429	0.61385	0.61389			6
2024.10.09	01:27:00.210	0.61384				2
2024.10.09	01:27:00.512	0.61385				2
2024.10.09	01:27:03.170	0.61383	0.61387			6
2024.10.09	01:27:16.028		0.61386			4
2024.10.09	01:27:17.570		0.61387			4
2024.10.09	01:27:22.630	0.61384	0.61389			6
2024.10.09	01:27:22.957	0.61385				2
2024.10.09	01:27:23.949		0.61390			4
2024.10.09	01:27:24.265	0.61386				2
2024.10.09	01:27:27.356	0.61385	0.61389			6
2024.10.09	01:27:28.669	0.61388	0.61390			6
2024.10.09	01:27:30.582		0.61391			4
2024.10.09	01:27:32.672		0.61392			4
2024.10.09	01:27:36.782		0.61391			4
2024.10.09	01:27:47.503		0.61392			4
2024.10.09	01:27:52.778	0.61386	0.61391			6
2024.10.09	01:27:57.362		0.61390			4
2024.10.09	01:27:59.610		0.61391			4
2024.10.09	01:28:00.868	0.61386				2
2024.10.09	01:28:23.173		0.61390			4
2024.10.09	01:28:29.030		0.61387			4
2024.10.09	01:28:29.335		0.61390			4
2024.10.09	01:28:39.230	0.61385	0.61389			6
2024.10.09	01:28:43.788	0.61384	0.61388			6
2024.10.09	01:28:44.096	0.61385	0.61389			6
2024.10.09	01:28:50.768	0.61387	0.61390			6
2024.10.09	01:29:00.225	0.61387				2
2024.10.09	01:29:03.357	0.61384	0.61388			6
2024.10.09	01:29:05.926		0.61389			4
2024.10.09	01:29:06.247		0.61388			4
2024.10.09	01:29:07.282		0.61389			4
2024.10.09	01:29:08.332		0.61388			4
2024.10.09	01:29:09.292		0.61389			4
2024.10.09	01:29:09.686		0.61388			4
2024.10.09	01:29:11.561		0.61386			4
2024.10.09	01:29:15.234	0.61382	0.61385			6
2024.10.09	01:29:31.560	0.61381				2
2024.10.09	01:29:39.247		0.61387			4
2024.10.09	01:30:00.168	0.61381				2
2024.10.09	01:30:02.120	0.61380				2
2024.10.09	01:30:04.099	0.61381				2
2024.10.09	01:30:23.379		0.61386			4
2024.10.09	01:30:24.635		0.61387			4
2024.10.09	01:30:30.449	0.61382				2
2024.10.09	01:30:35.105	0.61380	0.61383			6
2024.10.09	01:30:50.162		0.61382			4
2024.10.09	01:30:57.061	0.61379	0.61381			6
2024.10.09	01:30:58.756		0.61382			4
2024.10.09	01:31:00.408	0.61379				2
2024.10.09	01:31:13.496		0.61384			4
2024.10.09	01:31:26.479	0.61380				2
2024.10.09	01:31:47.813	0.61373	0.61375			6
2024.10.09	01:31:48.427	0.61372				2
2024.10.09	01:31:51.988		0.61374			4
2024.10.09	01:31:53.076		0.61375			4
2024.10.09	01:31:53.381	0.61370	0.61374			6
2024.10.09	01:31:55.683	0.61377	0.61380			6
2024.10.09	01:32:00.138	0.61377				2
2024.10.09	01:32:05.952	0.61379	0.61381			6
2024.10.09	01:32:08.358		0.61380			4
2024.10.09	01:32:24.757	0.61377				2
2024.10.09	01:32:27.125		0.61379			4
2024.10.09	01:32:29.315	0.61376	0.61377			6
2024.10.09	01:32:39.450		0.61378			4
2024.10.09	01:32:40.634		0.61379			4
2024.10.09	01:32:45.454		0.61378			4
2024.10.09	01:32:57.426		0.61379			4
2024.10.09	01:33:00.144	0.61376				2
2024.10.09	01:33:17.676		0.61378			4
2024.10.09	01:33:21.429		0.61379			4
2024.10.09	01:33:35.056		0.61378			4
2024.10.09	01:33:36.147		0.61379			4
2024.10.09	01:33:38.270	0.61375	0.61378			6
2024.10.09	01:33:38.570		0.61377			4
2024.10.09	01:33:39.581		0.61379			4
2024.10.09	01:33:40.041		0.61377			4
2024.10.09	01:33:40.377		0.61378			4
2024.10.09	01:33:42.455		0.61379			4
2024.10.09	01:34:00.177	0.61375				2
2024.10.09	01:34:02.607		0.61377			4
2024.10.09	01:34:03.712		0.61378			4
2024.10.09	01:34:23.396	0.61372	0.61375			6
2024.10.09	01:34:27.024	0.61371	0.61374			6
2024.10.09	01:34:35.558	0.61372				2
2024.10.09	01:34:53.192	0.61374	0.61376			6
2024.10.09	01:34:53.508		0.61377			4
2024.10.09	01:34:54.241		0.61376			4
2024.10.09	01:34:55.799	0.61375	0.61378			6
2024.10.09	01:34:58.424	0.61374	0.61376			6
2024.10.09	01:35:00.363	0.61373	0.61375			6
2024.10.09	01:35:04.739		0.61378			4
2024.10.09	01:35:05.785		0.61375			4
2024.10.09	01:35:06.088	0.61374	0.61378			6
2024.10.09	01:35:07.401		0.61375			4
2024.10.09	01:35:13.030		0.61376			4
2024.10.09	01:35:14.063		0.61375			4
2024.10.09	01:35:20.688		0.61378			4
2024.10.09	01:35:21.413		0.61377			4
2024.10.09	01:35:21.806		0.61378			4
2024.10.09	01:35:22.447		0.61379			4
2024.10.09	01:35:26.779		0.61378			4
2024.10.09	01:35:34.322		0.61377			4
2024.10.09	01:35:47.560	0.61373	0.61375			6
2024.10.09	01:35:49.641	0.61371	0.61374			6
2024.10.09	01:36:01.387	0.61371				2
2024.10.09	01:36:04.610	0.61372	0.61375			6
2024.10.09	01:36:21.641	0.61371				2
2024.10.09	01:36:49.730		0.61374			4
2024.10.09	01:36:59.614	0.61372				2
2024.10.09	01:37:00.083	0.61372				2
2024.10.09	01:37:00.412	0.61371				2
2024.10.09	01:37:03.131		0.61373			4
2024.10.09	01:37:04.489	0.61370				2
2024.10.09	01:37:23.847	0.61367	0.61372			6
2024.10.09	01:37:42.649	0.61369	0.61374			6
2024.10.09	01:38:00.025	0.61369				2
2024.10.09	01:38:05.181	0.61373	0.61377			6
2024.10.09	01:38:09.067	0.61370	0.61374			6
2024.10.09	01:38:36.561	0.61369	0.61373			6
2024.10.09	01:38:40.371		0.61374			4
2024.10.09	01:38:40.810		0.61373			4
2024.10.09	01:39:00.992	0.61369				2
2024.10.09	01:39:12.043	0.61373	0.61377			6
2024.10.09	01:39:14.330		0.61378			4
2024.10.09	01:39:14.801		0.61377			4
2024.10.09	01:39:15.664		0.61378			4
2024.10.09	01:39:16.343		0.61377			4
2024.10.09	01:39:30.305	0.61374				2
2024.10.09	01:39:44.161		0.61375			4
2024.10.09	01:39:45.566		0.61377			4
2024.10.09	01:39:50.067	0.61371	0.61375			6
2024.10.09	01:40:00.367	0.61372	0.61376			6
2024.10.09	01:40:01.760		0.61377			4
2024.10.09	01:40:16.266	0.61371	0.61376			6
2024.10.09	01:40:17.317	0.61372	0.61377			6
2024.10.09	01:41:00.334	0.61372				2
2024.10.09	01:41:14.952		0.61376			4
2024.10.09	01:41:28.242		0.61375			4
2024.10.09	01:41:29.702	0.61371				2
2024.10.09	01:41:58.964	0.61372	0.61376			6
2024.10.09	01:41:59.990	0.61374	0.61377			6
2024.10.09	01:42:00.374	0.61374				2
2024.10.09	01:42:03.223	0.61373				2
2024.10.09	01:42:04.610		0.61376			4
2024.10.09	01:42:11.750		0.61377			4
2024.10.09	01:42:12.692	0.61374	0.61378			6
2024.10.09	01:42:44.864		0.61377			4
2024.10.09	01:42:56.786		0.61378			4
2024.10.09	01:43:00.131	0.61374				2
2024.10.09	01:43:11.960		0.61377			4
2024.10.09	01:43:17.243		0.61378			4
2024.10.09	01:43:18.313		0.61377			4
2024.10.09	01:43:22.093		0.61378			4
2024.10.09	01:43:27.515		0.61377			4
2024.10.09	01:43:31.367	0.61373				2
2024.10.09	01:43:31.706		0.61376			4
2024.10.09	01:43:48.924		0.61375			4
2024.10.09	01:43:50.689	0.61372				2
2024.10.09	01:43:58.602	0.61373				2
2024.10.09	01:44:00.379	0.61372				2
2024.10.09	01:44:03.421	0.61371	0.61374			6
2024.10.09	01:44:03.727	0.61374	0.61378			6
2024.10.09	01:44:08.339		0.61376			4
2024.10.09	01:44:08.680		0.61378			4
2024.10.09	01:44:09.344		0.61375			4
2024.10.09	01:44:09.739		0.61378			4
2024.10.09	01:44:11.162	0.61375				2
2024.10.09	01:44:11.469		0.61379			4
2024.10.09	01:44:16.636		0.61378			4
2024.10.09	01:44:17.915		0.61379			4
2024.10.09	01:44:21.688	0.61376				2
2024.10.09	01:44:29.703	0.61378	0.61382			6
2024.10.09	01:44:30.004	0.61379	0.61383			6
2024.10.09	01:44:45.467	0.61378	0.61380			6
2024.10.09	01:44:47.572		0.61379			4
2024.10.09	01:44:48.057		0.61380			4
2024.10.09	01:44:55.422	0.61380	0.61381			6
2024.10.09	01:44:55.723		0.61384			4
2024.10.09	01:44:58.326	0.61385	0.61389			6
2024.10.09	01:45:00.374	0.61385				2
2024.10.09	01:45:00.690	0.61384	0.61387			6
2024.10.09	01:45:05.445		0.61386			4
2024.10.09	01:45:08.832	0.61383	0.61385			6
2024.10.09	01:45:09.422		0.61384			4
2024.10.09	01:45:13.499		0.61385			4
2024.10.09	01:45:13.922	0.61382				2
2024.10.09	01:45:17.476	0.61383	0.61387			6
2024.10.09	01:45:18.710		0.61386			4
2024.10.09	01:45:19.022		0.61387			4
2024.10.09	01:45:20.181	0.61386				2
2024.10.09	01:45:20.484	0.61384				2
2024.10.09	01:45:21.478		0.61388			4
2024.10.09	01:45:21.779	0.61386				2
2024.10.09	01:45:22.430		0.61389			4
2024.10.09	01:45:48.892		0.61388			4
2024.10.09	01:46:00.418	0.61386				2
2024.10.09	01:46:03.084		0.61389			4
2024.10.09	01:46:06.745		0.61388			4
2024.10.09	01:46:19.464	0.61387	0.61389			6
2024.10.09	01:46:23.853	0.61390	0.61394			6
2024.10.09	01:46:45.832	0.61393	0.61396			6
2024.10.09	01:47:01.948	0.61393				2
2024.10.09	01:47:45.931	0.61391	0.61394			6
2024.10.09	01:48:00.372	0.61394	0.61395			6
2024.10.09	01:48:00.699	0.61391	0.61394			6
2024.10.09	01:48:01.161	0.61394	0.61395			6
2024.10.09	01:48:02.251	0.61396	0.61399			6
2024.10.09	01:48:02.598		0.61398			4
2024.10.09	01:48:11.879		0.61399			4
2024.10.09	01:48:17.717		0.61398			4
2024.10.09	01:48:18.963		0.61399			4
2024.10.09	01:48:19.797	0.61395	0.61398			6
2024.10.09	01:48:20.967		0.61399			4
2024.10.09	01:48:23.041	0.61391	0.61393			6
2024.10.09	01:48:35.491	0.61392	0.61394			6
2024.10.09	01:48:36.542	0.61391				2
2024.10.09	01:48:53.321	0.61390				2
2024.10.09	01:49:00.316	0.61390				2
2024.10.09	01:49:26.551		0.61393			4
2024.10.09	01:49:26.863	0.61389	0.61392			6
2024.10.09	01:49:30.074	0.61390	0.61393			6
2024.10.09	01:49:31.647	0.61391				2
2024.10.09	01:49:36.135	0.61393	0.61397			6
2024.10.09	01:49:36.445		0.61398			4
2024.10.09	01:49:37.383	0.61394				2
2024.10.09	01:49:40.761		0.61396			4
2024.10.09	01:49:46.362	0.61393				2
2024.10.09	01:49:47.365	0.61392	0.61395			6
2024.10.09	01:49:56.541		0.61394			4
2024.10.09	01:49:57.140		0.61395			4
2024.10.09	01:49:58.605		0.61394			4
2024.10.09	01:50:00.363	0.61392	0.61395			6
2024.10.09	01:50:00.673	0.61394	0.61398			6
2024.10.09	01:50:00.992		0.61397			4
2024.10.09	01:50:01.504		0.61396			4
2024.10.09	01:50:07.136	0.61393	0.61395			6
2024.10.09	01:50:08.144		0.61396			4
2024.10.09	01:50:09.394	0.61394				2
2024.10.09	01:50:10.517	0.61393				2
2024.10.09	01:50:11.452		0.61395			4
2024.10.09	01:50:19.320	0.61392	0.61393			6
2024.10.09	01:50:23.405	0.61393	0.61394			6
2024.10.09	01:50:24.059	0.61392	0.61393			6
2024.10.09	01:50:33.453	0.61395	0.61397			6
2024.10.09	01:50:33.763		0.61396			4
2024.10.09	01:50:35.564		0.61398			4
2024.10.09	01:50:36.272		0.61397			4
2024.10.09	01:50:44.522		0.61398			4
2024.10.09	01:50:51.524		0.61399			4
2024.10.09	01:50:51.827		0.61398			4
2024.10.09	01:50:54.961	0.61396	0.61399			6
2024.10.09	01:51:00.810	0.61396				2
2024.10.09	01:51:11.550	0.61397				2
2024.10.09	01:51:13.618	0.61399	0.61401			6
2024.10.09	01:51:14.364	0.61398	0.61400			6
2024.10.09	01:51:18.151		0.61399			4
2024.10.09	01:51:21.125		0.61400			4
2024.10.09	01:51:41.582	0.61404	0.61405			6
2024.10.09	01:51:48.263		0.61409			4
2024.10.09	01:51:50.789	0.61403				2
2024.10.09	01:51:53.987		0.61408			4
2024.10.09	01:51:54.324		0.61409			4
2024.10.09	01:51:59.589		0.61408			4
2024.10.09	01:51:59.955		0.61409			4
2024.10.09	01:52:00.511	0.61403				2
2024.10.09	01:52:02.099		0.61408			4
2024.10.09	01:52:03.562	0.61402				2
2024.10.09	01:52:08.863		0.61406			4
2024.10.09	01:52:12.690	0.61401				2
2024.10.09	01:52:25.767	0.61402				2
2024.10.09	01:52:34.789		0.61405			4
2024.10.09	01:52:36.647		0.61406			4
2024.10.09	01:52:40.257	0.61401				2
2024.10.09	01:52:40.610	0.61402				2
2024.10.09	01:52:43.706	0.61400	0.61404			6
2024.10.09	01:53:06.510	0.61400	0.61403			6
2024.10.09	01:53:07.495		0.61404			4
2024.10.09	01:53:09.841		0.61401			4
2024.10.09	01:53:10.147		0.61404			4
2024.10.09	01:53:30.620		0.61405			4
2024.10.09	01:54:00.879	0.61400				2
2024.10.09	01:54:30.705		0.61405			4
2024.10.09	01:54:48.156		0.61404			4
2024.10.09	01:54:49.436	0.61399				2
2024.10.09	01:54:50.421	0.61400				2
2024.10.09	01:54:57.186	0.61397	0.61402			6
2024.10.09	01:54:57.502		0.61401			4
2024.10.09	01:55:00.382	0.61397				2
2024.10.09	01:55:00.732		0.61402			4
2024.10.09	01:55:01.774	0.61396				2
2024.10.09	01:55:07.708	0.61397				2
2024.10.09	01:55:16.273		0.61401			4
2024.10.09	01:55:16.582		0.61402			4
2024.10.09	01:55:32.715		0.61400			4
2024.10.09	01:55:36.679		0.61401			4
2024.10.09	01:55:38.447		0.61402			4
2024.10.09	01:55:42.052		0.61401			4
2024.10.09	01:55:45.727		0.61402			4
2024.10.09	01:55:50.124	0.61398				2
2024.10.09	01:55:51.033	0.61399				2
2024.10.09	01:55:51.805	0.61398	0.61403			6
2024.10.09	01:56:00.343	0.61398				2
2024.10.09	01:56:07.271	0.61399				2
2024.10.09	01:56:09.008	0.61400				2
2024.10.09	01:56:10.436	0.61401	0.61405			6
2024.10.09	01:56:15.738	0.61400	0.61404			6
2024.10.09	01:56:30.336		0.61405			4
2024.10.09	01:56:32.400	0.61403	0.61407			6
2024.10.09	01:56:32.703		0.61406			4
2024.10.09	01:56:33.014	0.61402				2
2024.10.09	01:56:33.570	0.61403				2
2024.10.09	01:56:37.522	0.61402				2
2024.10.09	01:56:37.967		0.61405			4
2024.10.09	01:56:40.381	0.61406	0.61410			6
2024.10.09	01:56:40.701	0.61407				2
2024.10.09	01:57:00.618	0.61407				2
2024.10.09	01:57:02.687	0.61406	0.61409			6
2024.10.09	01:57:03.486	0.61404				2
2024.10.09	01:57:04.396	0.61405				2
2024.10.09	01:57:05.246	0.61403	0.61408			6
2024.10.09	01:57:10.262	0.61404	0.61409			6
2024.10.09	01:57:21.305	0.61405	0.61408			6
2024.10.09	01:57:30.371	0.61404				2
2024.10.09	01:57:46.970		0.61409			4
2024.10.09	01:58:00.645	0.61406	0.61411			6
2024.10.09	01:58:00.946		0.61410			4
2024.10.09	01:58:04.782	0.61405	0.61409			6
2024.10.09	01:58:09.583	0.61404	0.61408			6
2024.10.09	01:58:13.061	0.61403	0.61407			6
2024.10.09	01:58:15.306	0.61402				2
2024.10.09	01:58:18.694	0.61403				2
2024.10.09	01:58:20.943	0.61402				2
2024.10.09	01:58:23.199	0.61403				2
2024.10.09	01:58:39.762		0.61406			4
2024.10.09	01:58:40.082		0.61407			4
2024.10.09	01:58:40.804	0.61402	0.61406			6
2024.10.09	01:58:43.484		0.61405			4
2024.10.09	01:58:44.024	0.61399	0.61402			6
2024.10.09	01:58:44.685	0.61397				2
2024.10.09	01:58:46.528	0.61398				2
2024.10.09	01:58:55.991	0.61397	0.61403			6
2024.10.09	01:58:58.290		0.61402			4
2024.10.09	01:59:00.584	0.61397	0.61401			6
2024.10.09	01:59:01.277		0.61402			4
2024.10.09	01:59:18.734	0.61398	0.61403			6
2024.10.09	01:59:19.116	0.61399				2
2024.10.09	01:59:23.865	0.61400				2
2024.10.09	01:59:24.456	0.61398				2
2024.10.09	01:59:42.189	0.61399				2
2024.10.09	01:59:45.445		0.61402			4
2024.10.09	01:59:49.492		0.61403			4
2024.10.09	01:59:49.804	0.61400	0.61404			6
2024.10.09	01:59:57.071		0.61402			4
2024.10.09	01:59:57.376	0.61399				2
2024.10.09	02:00:00.312	0.61400	0.61404			6
2024.10.09	02:00:01.743		0.61405			4
2024.10.09	02:00:02.196		0.61403			4
2024.10.09	02:00:06.372		0.61402			4
2024.10.09	02:00:09.403	0.61395	0.61400			6
2024.10.09	02:00:10.059	0.61396	0.61399			6
2024.10.09	02:00:11.690	0.61395				2
2024.10.09	02:00:13.044		0.61398			4
2024.10.09	02:00:17.759		0.61399			4
2024.10.09	02:00:19.704	0.61394	0.61398			6
2024.10.09	02:00:23.475		0.61397			4
2024.10.09	02:00:26.473	0.61391	0.61392			6
2024.10.09	02:00:26.784	0.61389				2
2024.10.09	02:00:30.261	0.61387	0.61390			6
2024.10.09	02:00:31.937	0.61384	0.61387			6
2024.10.09	02:00:32.345		0.61388			4
2024.10.09	02:00:36.224		0.61387			4
2024.10.09	02:00:36.861	0.61382				2
2024.10.09	02:00:41.919	0.61381	0.61385			6
2024.10.09	02:00:43.012	0.61379	0.61383			6
2024.10.09	02:00:45.943	0.61380	0.61384			6
2024.10.09	02:00:47.289	0.61379				2
2024.10.09	02:00:47.908		0.61383			4
2024.10.09	02:00:53.263		0.61382			4
2024.10.09	02:00:56.056		0.61383			4
2024.10.09	02:00:58.474		0.61382			4
2024.10.09	02:01:00.209	0.61379	0.61383			6
2024.10.09	02:01:02.437		0.61382			4
2024.10.09	02:01:03.501		0.61383			4
2024.10.09	02:01:05.982	0.61381				2
2024.10.09	02:01:06.304	0.61380				2
2024.10.09	02:01:09.124	0.61382	0.61384			6
2024.10.09	02:01:10.193	0.61378	0.61383			6
2024.10.09	02:01:10.496		0.61382			4
2024.10.09	02:01:11.556	0.61376	0.61378			6
2024.10.09	02:01:13.910	0.61375				2
2024.10.09	02:01:14.648		0.61379			4
2024.10.09	02:01:16.891	0.61374	0.61376			6
2024.10.09	02:01:20.398	0.61375				2
2024.10.09	02:01:26.416	0.61376	0.61377			6
2024.10.09	02:01:29.996	0.61375				2
2024.10.09	02:01:31.793	0.61377	0.61378			6
2024.10.09	02:01:33.248		0.61379			4
2024.10.09	02:01:33.980		0.61378			4
2024.10.09	02:01:34.520		0.61379			4
2024.10.09	02:01:38.802	0.61376	0.61377			6
2024.10.09	02:01:40.279	0.61375				2
2024.10.09	02:01:40.584		0.61376			4
2024.10.09	02:01:43.378		0.61377			4
2024.10.09	02:01:44.301		0.61376			4
2024.10.09	02:01:44.604		0.61377			4
2024.10.09	02:01:45.621	0.61374	0.61376			6
2024.10.09	02:01:47.960	0.61377	0.61379			6
2024.10.09	02:01:48.451		0.61380			4
2024.10.09	02:01:52.132		0.61379			4
2024.10.09	02:01:52.838	0.61376	0.61378			6
2024.10.09	02:01:53.175		0.61377			4
2024.10.09	02:01:55.649	0.61375				2
2024.10.09	02:01:56.684	0.61371	0.61373			6
2024.10.09	02:01:57.229	0.61370	0.61371			6
2024.10.09	02:01:58.388	0.61371	0.61372			6
2024.10.09	02:01:58.810		0.61373			4
2024.10.09	02:02:00.531	0.61371	0.61372			6
2024.10.09	02:02:01.226	0.61369				2
2024.10.09	02:02:05.269	0.61363	0.61367			6
2024.10.09	02:02:06.271		0.61366			4
2024.10.09	02:02:06.582		0.61367			4
2024.10.09	02:02:08.021	0.61360	0.61363			6
2024.10.09	02:02:08.329	0.61359				2
2024.10.09	02:02:09.389		0.61364			4
2024.10.09	02:02:10.092	0.61354	0.61358			6
2024.10.09	02:02:10.405	0.61353				2
2024.10.09	02:02:12.598	0.61352				2
2024.10.09	02:02:12.906		0.61357			4
2024.10.09	02:02:13.232	0.61353				2
2024.10.09	02:02:13.563	0.61352				2
2024.10.09	02:02:14.968		0.61356			4
2024.10.09	02:02:16.380	0.61351	0.61355			6
2024.10.09	02:02:17.742		0.61356			4
2024.10.09	02:02:19.997	0.61349	0.61355			6
2024.10.09	02:02:20.329	0.61350	0.61354			6
2024.10.09	02:02:22.078	0.61349	0.61353			6
2024.10.09	02:02:22.414	0.61350				2
2024.10.09	02:02:23.020	0.61348				2
2024.10.09	02:02:25.224		0.61352			4
2024.10.09	02:02:27.994	0.61349	0.61353			6
2024.10.09	02:02:28.448	0.61350	0.61354			6
2024.10.09	02:02:30.722	0.61348	0.61353			6
2024.10.09	02:02:33.433	0.61347				2
2024.10.09	02:02:36.445		0.61352			4
2024.10.09	02:02:36.763	0.61346	0.61351			6
2024.10.09	02:02:37.073	0.61347	0.61352			6
2024.10.09	02:02:37.399	0.61346				2
2024.10.09	02:02:38.249	0.61345	0.61349			6
2024.10.09	02:02:41.624	0.61344				2
2024.10.09	02:02:42.731	0.61343				2
2024.10.09	02:02:43.933	0.61344				2
2024.10.09	02:03:00.432	0.61344				2
2024.10.09	02:03:01.254	0.61347	0.61352			6
2024.10.09	02:03:02.184	0.61346	0.61351			6
2024.10.09	02:03:02.493		0.61352			4
2024.10.09	02:03:04.566	0.61344	0.61349			6
2024.10.09	02:03:19.745		0.61348			4
2024.10.09	02:03:21.613	0.61349	0.61353			6
2024.10.09	02:03:21.923		0.61352			4
2024.10.09	02:03:22.239		0.61353			4
2024.10.09	02:03:23.180	0.61348				2
2024.10.09	02:03:25.060	0.61349				2
2024.10.09	02:03:28.189	0.61348				2
2024.10.09	02:03:31.742		0.61352			4
2024.10.09	02:03:33.835	0.61349				2
2024.10.09	02:03:35.224		0.61353			4
2024.10.09	02:03:51.367		0.61354			4
2024.10.09	02:04:00.039	0.61349				2
2024.10.09	02:04:00.608	0.61348				2
2024.10.09	02:04:02.647	0.61349				2
2024.10.09	02:04:07.631	0.61348				2
2024.10.09	02:04:10.311	0.61343	0.61347			6
2024.10.09	02:04:10.639		0.61348			4
2024.10.09	02:04:12.252		0.61347			4
2024.10.09	02:04:12.649		0.61348			4
2024.10.09	02:04:17.156	0.61339	0.61343			6
2024.10.09	02:04:18.328		0.61344			4
2024.10.09	02:04:22.905	0.61340				2
2024.10.09	02:04:28.304	0.61339				2
2024.10.09	02:04:29.952		0.61343			4
2024.10.09	02:04:32.347		0.61344			4
2024.10.09	02:04:40.100		0.61343			4
2024.10.09	02:05:00.206	0.61339				2
2024.10.09	02:05:01.429	0.61340				2
2024.10.09	02:05:02.729	0.61341				2
2024.10.09	02:05:05.976		0.61344			4
2024.10.09	02:05:07.999	0.61339	0.61343			6
2024.10.09	02:05:08.445	0.61340	0.61344			6
2024.10.09	02:05:10.600	0.61341				2
2024.10.09	02:05:27.175		0.61346			4
2024.10.09	02:05:27.536	0.61340	0.61345			6
2024.10.09	02:05:27.960		0.61344			4
2024.10.09	02:05:34.352	0.61338				2
2024.10.09	02:05:35.676		0.61342			4
2024.10.09	02:05:36.477		0.61343			4
2024.10.09	02:05:39.973		0.61344			4
2024.10.09	02:05:41.363	0.61339				2
2024.10.09	02:05:42.165	0.61336	0.61339			6
2024.10.09	02:05:42.492		0.61340			4
2024.10.09	02:05:47.284	0.61337				2
2024.10.09	02:05:47.678	0.61334	0.61338			6
2024.10.09	02:06:02.041	0.61334	0.61339			6
2024.10.09	02:06:11.802	0.61335				2
2024.10.09	02:06:25.975	0.61334	0.61338			6
2024.10.09	02:06:30.406		0.61339			4
2024.10.09	02:06:36.025		0.61338			4
2024.10.09	02:06:39.447	0.61335				2
2024.10.09	02:06:39.752	0.61334				2
2024.10.09	02:06:45.999		0.61337			4
2024.10.09	02:06:47.138		0.61338			4
2024.10.09	02:07:00.393	0.61334				2
2024.10.09	02:07:01.489	0.61330	0.61334			6
2024.10.09	02:07:09.315		0.61333			4
2024.10.09	02:07:13.824		0.61332			4
2024.10.09	02:07:14.147		0.61333			4
2024.10.09	02:07:15.451	0.61329				2
2024.10.09	02:07:16.833		0.61334			4
2024.10.09	02:07:17.479	0.61330				2
2024.10.09	02:07:24.385	0.61331				2
2024.10.09	02:07:30.572	0.61330				2
2024.10.09	02:07:45.591	0.61329				2
2024.10.09	02:07:47.675	0.61334	0.61339			6
2024.10.09	02:07:52.489	0.61335				2
2024.10.09	02:07:52.804	0.61334				2
2024.10.09	02:08:01.908	0.61334				2
2024.10.09	02:08:12.624		0.61338			4
2024.10.09	02:08:25.648	0.61330	0.61334			6
2024.10.09	02:08:26.815	0.61329				2
2024.10.09	02:08:37.240	0.61330				2
2024.10.09	02:08:38.116	0.61329				2
2024.10.09	02:08:41.836	0.61330				2
2024.10.09	02:09:01.440	0.61330				2
2024.10.09	02:09:03.495	0.61331				2
2024.10.09	02:09:09.928	0.61330				2
2024.10.09	02:09:19.363	0.61334	0.61338			6
2024.10.09	02:09:27.740	0.61335	0.61339			6
2024.10.09	02:09:29.591	0.61334				2
2024.10.09	02:09:31.366	0.61335	0.61340			6
2024.10.09	02:09:31.673		0.61339			4
2024.10.09	02:09:32.678	0.61334				2
2024.10.09	02:09:38.958	0.61335				2
2024.10.09	02:09:39.299	0.61334				2
2024.10.09	02:10:00.316	0.61334				2
2024.10.09	02:10:04.800		0.61338			4
2024.10.09	02:10:05.639		0.61339			4
2024.10.09	02:10:09.190		0.61338			4
2024.10.09	02:10:15.429	0.61335				2
2024.10.09	02:10:17.281		0.61339			4
2024.10.09	02:10:17.873	0.61334				2
2024.10.09	02:10:30.704	0.61332	0.61333			6
2024.10.09	02:10:31.021	0.61330				2
2024.10.09	02:10:34.953	0.61329				2
2024.10.09	02:10:36.723		0.61334			4
2024.10.09	02:10:37.126	0.61328				2
2024.10.09	02:10:46.621	0.61329				2
2024.10.09	02:11:00.144	0.61329				2
2024.10.09	02:11:09.027		0.61333			4
2024.10.09	02:11:12.617	0.61330				2
2024.10.09	02:11:22.012		0.61334			4
2024.10.09	02:11:33.731		0.61333			4
2024.10.09	02:11:36.687	0.61328				2
2024.10.09	02:11:51.053	0.61327				2
2024.10.09	02:11:55.257	0.61328				2
2024.10.09	02:11:57.395	0.61327				2
2024.10.09	02:12:01.004	0.61327				2
2024.10.09	02:12:02.190	0.61325	0.61329			6
2024.10.09	02:12:02.515	0.61324				2
2024.10.09	02:12:12.550	0.61325				2
2024.10.09	02:12:18.183	0.61324				2
2024.10.09	02:12:31.842	0.61325	0.61330			6
2024.10.09	02:12:33.293	0.61324	0.61329			6
2024.10.09	02:12:34.379	0.61325				2
2024.10.09	02:12:39.428	0.61324				2
2024.10.09	02:12:43.651	0.61325				2
2024.10.09	02:12:44.543	0.61324	0.61328			6
2024.10.09	02:12:54.330		0.61327			4
2024.10.09	02:12:56.119	0.61325				2
2024.10.09	02:13:01.975	0.61323				2
2024.10.09	02:13:04.975	0.61324	0.61328			6
2024.10.09	02:13:21.201	0.61322	0.61327			6
2024.10.09	02:13:24.424	0.61324	0.61328			6
2024.10.09	02:13:25.365		0.61329			4
2024.10.09	02:13:32.395	0.61325				2
2024.10.09	02:13:47.627		0.61326			4
2024.10.09	02:13:49.695	0.61326	0.61327			6
2024.10.09	02:13:50.147	0.61325	0.61326			6
2024.10.09	02:13:50.682	0.61319	0.61321			6
2024.10.09	02:13:50.990	0.61320				2
2024.10.09	02:13:51.737		0.61322			4
2024.10.09	02:14:00.363	0.61320				2
2024.10.09	02:14:05.422		0.61323			4
2024.10.09	02:14:05.730	0.61319	0.61322			6
2024.10.09	02:14:06.883		0.61323			4
2024.10.09	02:14:09.072	0.61320				2
2024.10.09	02:14:10.423		0.61322			4
2024.10.09	02:14:13.533	0.61319				2
2024.10.09	02:14:15.341	0.61315	0.61318			6
2024.10.09	02:14:29.014		0.61317			4
2024.10.09	02:14:30.616	0.61307	0.61310			6
2024.10.09	02:14:30.921	0.61308				2
2024.10.09	02:14:31.375		0.61309			4
2024.10.09	02:14:35.973	0.61305	0.61307			6
2024.10.09	02:14:41.648		0.61306			4
2024.10.09	02:14:47.510	0.61306	0.61307			6
2024.10.09	02:14:48.203	0.61305	0.61306			6
2024.10.09	02:14:52.124	0.61304				2
2024.10.09	02:14:53.172		0.61307			4
2024.10.09	02:14:53.803		0.61306			4
2024.10.09	02:15:00.121	0.61304				2
2024.10.09	02:15:00.437		0.61307			4
2024.10.09	02:15:08.970	0.61303	0.61306			6
2024.10.09	02:15:15.158		0.61305			4
2024.10.09	02:15:16.704	0.61299	0.61303			6
2024.10.09	02:15:17.220		0.61302			4
2024.10.09	02:15:17.673		0.61303			4
2024.10.09	02:15:22.760	0.61300				2
2024.10.09	02:15:44.504		0.61304			4
2024.10.09	02:15:44.852		0.61303			4
2024.10.09	02:15:51.709		0.61304			4
2024.10.09	02:15:57.621		0.61303			4
2024.10.09	02:16:00.195	0.61300				2
2024.10.09	02:16:04.449		0.61304			4
2024.10.09	02:16:06.539	0.61302				2
2024.10.09	02:16:06.960	0.61300				2
2024.10.09	02:16:10.120	0.61299	0.61303			6
2024.10.09	02:16:16.341	0.61300				2
2024.10.09	02:16:17.701	0.61301				2
2024.10.09	02:16:19.266		0.61304			4
2024.10.09	02:16:22.217	0.61298	0.61301			6
2024.10.09	02:16:33.459		0.61302			4
2024.10.09	02:16:33.845		0.61301			4
2024.10.09	02:16:36.766		0.61302			4
2024.10.09	02:16:40.415		0.61301			4
2024.10.09	02:16:43.108	0.61300	0.61302			6
2024.10.09	02:16:43.723		0.61303			4
2024.10.09	02:16:47.626	0.61299				2
2024.10.09	02:16:48.100	0.61298	0.61302			6
2024.10.09	02:16:49.695		0.61301			4
2024.10.09	02:16:50.736	0.61297	0.61300			6
2024.10.09	02:16:53.574	0.61298	0.61301			6
2024.10.09	02:16:55.127	0.61299	0.61302			6
2024.10.09	02:16:57.174	0.61298				2
2024.10.09	02:16:58.618		0.61301			4
2024.10.09	02:16:59.902		0.61302			4
2024.10.09	02:17:01.479	0.61298	0.61301			6
2024.10.09	02:17:08.213	0.61293	0.61296			6
2024.10.09	02:17:11.031		0.61298			4
2024.10.09	02:17:11.419		0.61297			4
2024.10.09	02:17:12.577		0.61296			4
2024.10.09	02:17:13.045	0.61289	0.61293			6
2024.10.09	02:17:23.641	0.61290	0.61294			6
2024.10.09	02:17:28.281	0.61289	0.61293			6
2024.10.09	02:17:52.651		0.61294			4
2024.10.09	02:17:55.772	0.61290				2
2024.10.09	02:18:00.999	0.61290				2
2024.10.09	02:18:01.429	0.61295	0.61298			6
2024.10.09	02:18:02.275	0.61294				2
2024.10.09	02:18:09.951	0.61286	0.61289			6
2024.10.09	02:18:10.272	0.61285				2
2024.10.09	02:18:10.901		0.61288			4
2024.10.09	02:18:12.301	0.61289	0.61290			6
2024.10.09	02:18:16.334	0.61285	0.61288			6
2024.10.09	02:18:17.437		0.61289			4
2024.10.09	02:18:19.854		0.61288			4
2024.10.09	02:18:39.711	0.61281	0.61284			6
2024.10.09	02:18:48.508	0.61283	0.61286			6
2024.10.09	02:18:50.810	0.61285	0.61288			6
2024.10.09	02:18:51.126		0.61287			4
2024.10.09	02:18:51.548		0.61288			4
2024.10.09	02:18:54.969	0.61286	0.61289			6
2024.10.09	02:18:56.011	0.61285				2
2024.10.09	02:18:56.323		0.61290			4
2024.10.09	02:19:00.188	0.61285	0.61289			6
2024.10.09	02:19:06.513		0.61288			4
2024.10.09	02:19:08.708	0.61280	0.61284			6
2024.10.09	02:19:09.417		0.61283			4
2024.10.09	02:19:10.544		0.61284			4
2024.10.09	02:19:42.338	0.61279				2
2024.10.09	02:19:46.616	0.61277	0.61281			6
2024.10.09	02:19:46.923		0.61282			4
2024.10.09	02:19:47.245	0.61279	0.61284			6
2024.10.09	02:19:55.252	0.61276	0.61279			6
2024.10.09	02:20:00.295	0.61276				2
2024.10.09	02:20:02.446	0.61275	0.61278			6
2024.10.09	02:20:08.131		0.61279			4
2024.10.09	02:20:13.265		0.61278			4
2024.10.09	02:20:16.232	0.61273	0.61277			6
2024.10.09	02:20:16.710	0.61272	0.61278			6
2024.10.09	02:20:18.624		0.61277			4
2024.10.09	02:20:31.132		0.61278			4
2024.10.09	02:20:31.468	0.61273	0.61277			6
2024.10.09	02:20:31.784	0.61271	0.61276			6
2024.10.09	02:20:32.931		0.61275			4
2024.10.09	02:20:35.431	0.61274				2
2024.10.09	02:20:35.732	0.61271				2
2024.10.09	02:20:40.719	0.61272	0.61276			6
2024.10.09	02:20:42.365	0.61274	0.61279			6
2024.10.09	02:20:44.512		0.61280			4
2024.10.09	02:20:47.831	0.61275	0.61279			6
2024.10.09	02:21:00.364	0.61275				2
2024.10.09	02:21:00.751		0.61278			4
2024.10.09	02:21:04.272	0.61277	0.61279			6
2024.10.09	02:21:07.173	0.61281	0.61283			6
2024.10.09	02:21:16.137		0.61282			4
2024.10.09	02:21:16.447		0.61283			4
2024.10.09	02:21:16.898		0.61282			4
2024.10.09	02:21:25.797	0.61285	0.61288			6
2024.10.09	02:21:29.738		0.61286			4
2024.10.09	02:21:38.072		0.61288			4
2024.10.09	02:21:39.403		0.61287			4
2024.10.09	02:21:43.162		0.61288			4
2024.10.09	02:21:50.162		0.61289			4
2024.10.09	02:21:50.657		0.61288			4
2024.10.09	02:21:59.330	0.61290	0.61294			6
2024.10.09	02:22:00.286	0.61286	0.61289			6
2024.10.09	02:22:15.426	0.61285				2
2024.10.09	02:22:17.182	0.61282	0.61285			6
2024.10.09	02:22:19.193	0.61287	0.61290			6
2024.10.09	02:22:20.338		0.61291			4
2024.10.09	02:22:25.395	0.61286	0.61288			6
2024.10.09	02:22:25.712		0.61289			4
2024.10.09	02:22:34.220	0.61284	0.61287			6
2024.10.09	02:22:37.030	0.61285	0.61288			6
2024.10.09	02:22:47.637	0.61284	0.61286			6
2024.10.09	02:22:48.761		0.61287			4
2024.10.09	02:22:50.633		0.61288			4
2024.10.09	02:23:00.740	0.61284				2
2024.10.09	02:23:05.468	0.61290	0.61293			6
2024.10.09	02:23:06.347	0.61291	0.61294			6
2024.10.09	02:23:09.672	0.61290				2
2024.10.09	02:23:18.595		0.61293			4
2024.10.09	02:23:21.692		0.61294			4
2024.10.09	02:23:23.815	0.61291				2
2024.10.09	02:23:24.187		0.61293			4
2024.10.09	02:23:27.786	0.61290				2
2024.10.09	02:23:32.753	0.61291	0.61294			6
2024.10.09	02:23:33.086	0.61290	0.61293			6
2024.10.09	02:23:39.479		0.61294			4
2024.10.09	02:23:40.485	0.61291				2
2024.10.09	02:23:42.199	0.61290				2
2024.10.09	02:23:45.678		0.61293			4
2024.10.09	02:23:53.185	0.61295	0.61299			6
2024.10.09	02:23:53.939	0.61296				2
2024.10.09	02:24:00.414	0.61296				2
2024.10.09	02:24:02.019	0.61295				2
2024.10.09	02:24:02.884		0.61298			4
2024.10.09	02:24:13.258	0.61294	0.61297			6
2024.10.09	02:24:17.903	0.61295	0.61298			6
2024.10.09	02:24:30.375	0.61292	0.61295			6
2024.10.09	02:24:40.821		0.61294			4
2024.10.09	02:24:45.907	0.61291				2
2024.10.09	02:25:02.615	0.61290	0.61293			6
2024.10.09	02:25:05.067	0.61289	0.61292			6
2024.10.09	02:25:09.941		0.61293			4
2024.10.09	02:25:11.381	0.61290				2
2024.10.09	02:25:16.675	0.61289				2
2024.10.09	02:25:21.170		0.61292			4
2024.10.09	02:25:43.863	0.61286	0.61287			6
2024.10.09	02:25:52.119	0.61285	0.61288			6
2024.10.09	02:25:53.523		0.61287			4
2024.10.09	02:25:54.231		0.61288			4
2024.10.09	02:25:57.527		0.61287			4
2024.10.09	02:26:00.306	0.61285				2
2024.10.09	02:26:02.931		0.61288			4
2024.10.09	02:26:03.950	0.61283	0.61285			6
2024.10.09	02:26:04.262	0.61285	0.61287			6
2024.10.09	02:26:04.570		0.61288			4
2024.10.09	02:26:05.020		0.61287			4
2024.10.09	02:26:05.561		0.61288			4
2024.10.09	02:26:05.906	0.61283	0.61287			6
2024.10.09	02:26:06.675	0.61284				2
2024.10.09	02:26:11.194		0.61288			4
2024.10.09	02:26:11.990	0.61285				2
2024.10.09	02:26:12.306	0.61284				2
2024.10.09	02:26:13.601	0.61285				2
2024.10.09	02:26:14.211	0.61284	0.61287			6
2024.10.09	02:26:14.812	0.61285				2
2024.10.09	02:26:15.277	0.61284				2
2024.10.09	02:26:18.084	0.61285				2
2024.10.09	02:26:20.302	0.61284				2
2024.10.09	02:26:21.122	0.61285	0.61288			6
2024.10.09	02:26:23.342	0.61286	0.61289			6
2024.10.09	02:26:31.932	0.61289	0.61292			6
2024.10.09	02:26:33.168	0.61290	0.61293			6
2024.10.09	02:26:33.499		0.61292			4
2024.10.09	02:26:33.798	0.61289	0.61293			6
2024.10.09	02:26:34.100	0.61290				2
2024.10.09	02:26:34.476	0.61289	0.61292			6
2024.10.09	02:26:34.780	0.61290	0.61293			6
2024.10.09	02:26:35.370	0.61291				2
2024.10.09	02:26:35.826	0.61290				2
2024.10.09	02:26:36.963	0.61292	0.61295			6
2024.10.09	02:26:46.731		0.61294			4
2024.10.09	02:27:00.418	0.61291				2
2024.10.09	02:27:25.827	0.61286	0.61289			6
2024.10.09	02:27:26.290		0.61288			4
2024.10.09	02:27:43.386	0.61288	0.61290			6
2024.10.09	02:27:50.716	0.61287	0.61289			6
2024.10.09	02:27:56.638	0.61288	0.61290			6
2024.10.09	02:28:00.369	0.61286	0.61288			6
2024.10.09	02:28:28.122	0.61285				2
2024.10.09	02:28:33.256	0.61286				2
2024.10.09	02:28:36.062	0.61285	0.61287			6
2024.10.09	02:28:41.269		0.61288			4
2024.10.09	02:28:46.432		0.61287			4
2024.10.09	02:28:49.617		0.61286			4
2024.10.09	02:28:51.359		0.61287			4
2024.10.09	02:28:52.017	0.61284	0.61285			6
2024.10.09	02:28:53.176		0.61286			4
2024.10.09	02:28:55.325		0.61287			4
2024.10.09	02:28:55.653		0.61286			4
2024.10.09	02:29:00.312	0.61284	0.61285			6
2024.10.09	02:29:01.263	0.61280	0.61284			6
2024.10.09	02:29:03.282	0.61282	0.61285			6
2024.10.09	02:29:27.965	0.61283	0.61287			6
2024.10.09	02:29:42.750	0.61282	0.61286			6
2024.10.09	02:29:54.492		0.61287			4
2024.10.09	02:29:56.214		0.61286			4
2024.10.09	02:30:00.280	0.61283				2
2024.10.09	02:30:00.587	0.61284	0.61288			6
2024.10.09	02:30:03.800	0.61285				2
2024.10.09	02:30:06.503	0.61284				2
2024.10.09	02:30:16.421	0.61285				2
2024.10.09	02:30:17.019	0.61284	0.61287			6
2024.10.09	02:30:21.837		0.61288			4
2024.10.09	02:30:33.508	0.61285				2
2024.10.09	02:30:35.544	0.61284				2
2024.10.09	02:30:43.502	0.61282	0.61284			6
2024.10.09	02:30:46.007	0.61283	0.61285			6
2024.10.09	02:30:48.729	0.61284				2
2024.10.09	02:30:57.383		0.61288			4
2024.10.09	02:31:01.001	0.61284				2
2024.10.09	02:31:07.871		0.61286			4
2024.10.09	02:31:41.013	0.61283	0.61285			6
2024.10.09	02:31:43.064	0.61284	0.61288			6
2024.10.09	02:31:43.998	0.61285	0.61289			6
2024.10.09	02:31:45.033		0.61288			4
2024.10.09	02:31:55.197	0.61288	0.61290			6
2024.10.09	02:31:55.824	0.61287				2
2024.10.09	02:31:59.406	0.61286	0.61288			6
2024.10.09	02:31:59.727	0.61285				2
2024.10.09	02:32:00.587	0.61285				2
2024.10.09	02:32:07.866	0.61282	0.61283			6
2024.10.09	02:32:08.173		0.61285			4
2024.10.09	02:32:09.130	0.61281	0.61283			6
2024.10.09	02:32:12.669	0.61276	0.61278			6
2024.10.09	02:32:13.376	0.61275				2
2024.10.09	02:32:18.923	0.61274	0.61277			6
2024.10.09	02:32:21.341		0.61276			4
2024.10.09	02:32:23.857	0.61275	0.61279			6
2024.10.09	02:32:25.192		0.61278			4
2024.10.09	02:32:39.491	0.61277	0.61280			6
2024.10.09	02:32:48.184	0.61276				2
2024.10.09	02:32:49.894		0.61279			4
2024.10.09	02:32:56.806	0.61274	0.61278			6
2024.10.09	02:32:58.122		0.61277			4
2024.10.09	02:33:00.444	0.61274				2
2024.10.09	02:33:03.577	0.61276	0.61279			6
2024.10.09	02:33:13.321		0.61280			4
2024.10.09	02:33:14.535	0.61277				2
2024.10.09	02:33:21.631	0.61274	0.61278			6
2024.10.09	02:33:26.641	0.61275				2
2024.10.09	02:33:27.320		0.61279			4
2024.10.09	02:33:58.854	0.61274	0.61278			6
2024.10.09	02:34:00.119	0.61274				2
2024.10.09	02:34:01.333		0.61276			4
2024.10.09	02:34:02.607		0.61277			4
2024.10.09	02:34:30.589	0.61275				2
2024.10.09	02:34:30.907		0.61278			4
2024.10.09	02:34:33.215		0.61277			4
2024.10.09	02:34:33.693		0.61278			4
2024.10.09	02:34:50.456		0.61277			4
2024.10.09	02:34:50.786		0.61278			4
2024.10.09	02:34:54.023	0.61272	0.61276			6
2024.10.09	02:34:56.813	0.61270	0.61275			6
2024.10.09	02:35:00.340	0.61270				2
2024.10.09	02:35:01.985		0.61273			4
2024.10.09	02:35:02.292	0.61269				2
2024.10.09	02:35:04.429		0.61272			4
2024.10.09	02:35:10.380	0.61272	0.61274			6
2024.10.09	02:35:10.684	0.61275	0.61279			6
2024.10.09	02:35:18.211		0.61278			4
2024.10.09	02:35:30.454	0.61274				2
2024.10.09	02:35:35.974	0.61275	0.61279			6
2024.10.09	02:35:40.493		0.61278			4
2024.10.09	02:35:41.546		0.61279			4
2024.10.09	02:35:45.210	0.61274	0.61278			6
2024.10.09	02:35:49.157	0.61273				2
2024.10.09	02:35:54.155		0.61277			4
2024.10.09	02:36:01.451	0.61273				2
2024.10.09	02:36:02.703		0.61276			4
2024.10.09	02:36:03.181		0.61277			4
2024.10.09	02:36:07.036	0.61274				2
2024.10.09	02:36:09.493	0.61273				2
2024.10.09	02:36:11.264		0.61278			4
2024.10.09	02:36:11.616	0.61274				2
2024.10.09	02:36:13.032		0.61277			4
2024.10.09	02:36:13.337		0.61278			4
2024.10.09	02:36:16.945	0.61273				2
2024.10.09	02:36:17.653	0.61275				2
2024.10.09	02:36:19.504	0.61274	0.61277			6
2024.10.09	02:36:25.103		0.61276			4
2024.10.09	02:36:25.406	0.61273				2
2024.10.09	02:36:42.737	0.61271	0.61275			6
2024.10.09	02:36:43.048	0.61270				2
2024.10.09	02:36:45.162	0.61272	0.61276			6
2024.10.09	02:36:45.464	0.61273	0.61277			6
2024.10.09	02:36:56.200	0.61274				2
2024.10.09	02:36:59.387	0.61273				2
2024.10.09	02:37:00.401	0.61273				2
2024.10.09	02:37:01.464	0.61274				2
2024.10.09	02:37:14.317	0.61273				2
2024.10.09	02:37:23.608	0.61274				2
2024.10.09	02:37:41.599		0.61278			4
2024.10.09	02:37:42.624	0.61275	0.61279			6
2024.10.09	02:37:52.282	0.61276				2
2024.10.09	02:38:00.316	0.61275				2
2024.10.09	02:38:01.425	0.61283	0.61287			6
2024.10.09	02:38:01.728		0.61285			4
2024.10.09	02:38:02.037	0.61279	0.61283			6
2024.10.09	02:38:04.921	0.61280				2
2024.10.09	02:38:05.433	0.61281				2
2024.10.09	02:38:05.834	0.61280				2
2024.10.09	02:38:12.094	0.61281	0.61284			6
2024.10.09	02:38:12.944	0.61280				2
2024.10.09	02:38:30.320	0.61279	0.61283			6
2024.10.09	02:38:42.183	0.61280	0.61284			6
2024.10.09	02:38:43.121	0.61284	0.61287			6
2024.10.09	02:38:43.427	0.61283				2
2024.10.09	02:38:54.651	0.61284	0.61288			6
2024.10.09	02:39:00.170	0.61284				2
2024.10.09	02:39:03.537		0.61287			4
2024.10.09	02:39:12.555		0.61288			4
2024.10.09	02:39:15.684		0.61287			4
2024.10.09	02:39:17.150	0.61285	0.61288			6
2024.10.09	02:39:17.674	0.61284				2
2024.10.09	02:39:31.306		0.61287			4
2024.10.09	02:39:46.388	0.61285	0.61288			6
2024.10.09	02:39:50.713	0.61284	0.61286			6
2024.10.09	02:39:54.407		0.61285			4
2024.10.09	02:39:57.415		0.61286			4
2024.10.09	02:40:00.016	0.61284				2
2024.10.09	02:40:00.477	0.61285	0.61288			6
2024.10.09	02:40:07.444	0.61288	0.61291			6
2024.10.09	02:40:10.273		0.61290			4
2024.10.09	02:40:15.145	0.61287				2
2024.10.09	02:40:22.076	0.61288				2
2024.10.09	02:40:23.166	0.61289				2
2024.10.09	02:40:27.374		0.61292			4
2024.10.09	02:40:27.680		0.61293			4
2024.10.09	02:40:38.967	0.61290				2
2024.10.09	02:40:41.929	0.61291				2
2024.10.09	02:40:48.760		0.61294			4
2024.10.09	02:41:00.263	0.61291				2
2024.10.09	02:41:04.275	0.61293	0.61296			6
2024.10.09	02:41:05.354		0.61295			4
2024.10.09	02:41:13.601	0.61292	0.61296			6
2024.10.09	02:41:15.761	0.61291	0.61295			6
2024.10.09	02:41:18.838	0.61290				2
2024.10.09	02:41:20.265	0.61289	0.61294			6
2024.10.09	02:41:21.695	0.61290				2
2024.10.09	02:41:39.441	0.61292				2
2024.10.09	02:41:39.744	0.61290				2
2024.10.09	02:41:42.426	0.61289				2
2024.10.09	02:42:00.301	0.61289				2
2024.10.09	02:42:14.228	0.61288	0.61293			6
2024.10.09	02:42:17.087		0.61294			4
2024.10.09	02:42:22.142		0.61293			4
2024.10.09	02:42:35.961	0.61289				2
2024.10.09	02:42:37.215	0.61288				2
2024.10.09	02:42:48.298	0.61290				2
2024.10.09	02:42:48.622	0.61294	0.61297			6
2024.10.09	02:42:48.943		0.61298			4
2024.10.09	02:42:50.083	0.61298	0.61302			6
2024.10.09	02:42:57.529	0.61299				2
2024.10.09	02:42:58.238	0.61298				2
2024.10.09	02:43:00.311	0.61299				2
2024.10.09	02:43:19.562	0.61300	0.61303			6
2024.10.09	02:43:28.018	0.61301				2
2024.10.09	02:43:30.640	0.61302	0.61304			6
2024.10.09	02:43:30.968	0.61301				2
2024.10.09	02:43:31.883		0.61303			4
2024.10.09	02:43:37.021	0.61299	0.61302			6
2024.10.09	02:43:37.361	0.61300	0.61303			6
2024.10.09	02:43:37.836	0.61298	0.61301			6
2024.10.09	02:43:40.849	0.61299	0.61302			6
2024.10.09	02:43:46.193	0.61300	0.61303			6
2024.10.09	02:44:01.116	0.61300				2
2024.10.09	02:44:20.780	0.61298	0.61304			6
2024.10.09	02:44:21.508	0.61299				2
2024.10.09	02:44:23.139	0.61300	0.61303			6
2024.10.09	02:44:48.522	0.61301	0.61304			6
2024.10.09	02:44:54.045		0.61303			4
2024.10.09	02:44:54.358	0.61300				2
2024.10.09	02:44:57.357	0.61299				2
2024.10.09	02:45:00.264	0.61299	0.61301			6
2024.10.09	02:45:00.575	0.61300	0.61302			6
2024.10.09	02:45:00.885		0.61303			4
2024.10.09	02:45:01.643	0.61301				2
2024.10.09	02:45:01.963	0.61310	0.61313			6
2024.10.09	02:45:02.266	0.61312				2
2024.10.09	02:45:02.921		0.61314			4
2024.10.09	02:45:04.491	0.61313	0.61315			6
2024.10.09	02:45:05.204	0.61315	0.61316			6
2024.10.09	02:45:05.523	0.61317	0.61318			6
2024.10.09	02:45:11.016		0.61319			4
2024.10.09	02:45:15.478	0.61316	0.61318			6
2024.10.09	02:45:20.468	0.61315	0.61317			6
2024.10.09	02:45:25.478	0.61316	0.61318			6
2024.10.09	02:45:30.066		0.61319			4
2024.10.09	02:45:30.378	0.61319	0.61323			6
2024.10.09	02:45:31.925	0.61320				2
2024.10.09	02:45:35.480	0.61322				2
2024.10.09	02:45:37.329	0.61321	0.61322			6
2024.10.09	02:45:42.142	0.61320	0.61321			6
2024.10.09	02:45:48.079		0.61322			4
2024.10.09	02:45:50.140	0.61319				2
2024.10.09	02:45:50.442		0.61321			4
2024.10.09	02:45:52.993	0.61317	0.61320			6
2024.10.09	02:45:58.922		0.61319			4
2024.10.09	02:45:59.991		0.61318			4
2024.10.09	02:46:00.309	0.61317				2
2024.10.09	02:46:02.333	0.61315				2
2024.10.09	02:46:02.743	0.61318	0.61321			6
2024.10.09	02:46:03.045	0.61319				2
2024.10.09	02:46:03.377		0.61320			4
2024.10.09	02:46:06.067		0.61322			4
2024.10.09	02:46:10.961	0.61318	0.61320			6
2024.10.09	02:46:14.457	0.61320	0.61323			6
2024.10.09	02:46:16.949		0.61322			4
2024.10.09	02:46:22.041		0.61324			4
2024.10.09	02:46:22.609		0.61323			4
2024.10.09	02:46:24.656		0.61321			4
2024.10.09	02:46:26.121		0.61322			4
2024.10.09	02:46:32.406		0.61323			4
2024.10.09	02:46:33.549		0.61322			4
2024.10.09	02:46:35.431		0.61321			4
2024.10.09	02:46:36.587		0.61322			4
2024.10.09	02:46:41.366		0.61323			4
2024.10.09	02:46:43.451		0.61322			4
2024.10.09	02:46:44.512		0.61323			4
2024.10.09	02:46:44.892	0.61321	0.61324			6
2024.10.09	02:46:45.249	0.61322				2
2024.10.09	02:46:46.668	0.61325	0.61328			6
2024.10.09	02:46:52.674		0.61327			4
2024.10.09	02:47:00.070	0.61325				2
2024.10.09	02:47:00.810	0.61324	0.61326			6
2024.10.09	02:47:04.696	0.61325	0.61328			6
2024.10.09	02:47:11.683	0.61327	0.61329			6
2024.10.09	02:47:12.080	0.61326				2
2024.10.09	02:47:12.746		0.61328			4
2024.10.09	02:47:20.691	0.61325				2
2024.10.09	02:47:41.007	0.61322	0.61324			6
2024.10.09	02:47:41.313	0.61319	0.61322			6
2024.10.09	02:47:43.705		0.61320			4
2024.10.09	02:47:44.022	0.61316	0.61318			6
2024.10.09	02:47:46.312		0.61319			4
2024.10.09	02:47:50.353	0.61317	0.61321			6
2024.10.09	02:47:50.687		0.61320			4
2024.10.09	02:47:54.738	0.61318				2
2024.10.09	02:47:59.583	0.61317				2
2024.10.09	02:47:59.886	0.61316				2
2024.10.09	02:48:00.528	0.61316				2
2024.10.09	02:48:05.441		0.61319			4
2024.10.09	02:48:06.515		0.61318			4
2024.10.09	02:48:07.379	0.61315	0.61317			6
2024.10.09	02:48:09.063		0.61318			4
2024.10.09	02:48:16.201	0.61317	0.61320			6
2024.10.09	02:48:16.838		0.61321			4
2024.10.09	02:48:19.794	0.61319	0.61323			6
2024.10.09	02:48:20.123		0.61324			4
2024.10.09	02:48:31.385		0.61323			4
2024.10.09	02:48:32.477		0.61322			4
2024.10.09	02:48:40.282	0.61316	0.61318			6
2024.10.09	02:48:40.597		0.61319			4
2024.10.09	02:48:41.266	0.61317	0.61320			6
2024.10.09	02:48:49.135		0.61319			4
2024.10.09	02:48:50.529	0.61316	0.61318			6
2024.10.09	02:48:51.967	0.61314	0.61316			6
2024.10.09	02:48:56.930	0.61315	0.61317			6
2024.10.09	02:49:00.402	0.61315				2
2024.10.09	02:49:01.815	0.61314	0.61315			6
2024.10.09	02:49:02.123		0.61316			4
2024.10.09	02:49:04.176	0.61315				2
2024.10.09	02:49:07.975	0.61316	0.61317			6
2024.10.09	02:49:19.106	0.61315				2
2024.10.09	02:49:22.009	0.61316				2
2024.10.09	02:49:22.375	0.61317	0.61318			6
2024.10.09	02:49:37.455	0.61316	0.61317			6
2024.10.09	02:50:00.441	0.61316	0.61318			6
2024.10.09	02:50:26.343	0.61314	0.61315			6
2024.10.09	02:50:27.310	0.61313				2
2024.10.09	02:50:34.358	0.61311	0.61314			6
2024.10.09	02:50:34.672	0.61310				2
2024.10.09	02:50:36.353		0.61312			4
2024.10.09	02:50:37.236	0.61309				2
2024.10.09	02:50:40.707	0.61308	0.61310			6
2024.10.09	02:50:41.029		0.61309			4
2024.10.09	02:50:44.342	0.61307				2
2024.10.09	02:50:50.476	0.61308	0.61310			6
2024.10.09	02:50:51.842	0.61307	0.61309			6
2024.10.09	02:50:52.149	0.61309	0.61310			6
2024.10.09	02:50:55.387	0.61306	0.61308			6
2024.10.09	02:50:55.731	0.61305				2
2024.10.09	02:50:56.379		0.61307			4
2024.10.09	02:50:59.680		0.61306			4
2024.10.09	02:51:00.433	0.61305				2
2024.10.09	02:51:01.371		0.61307			4
2024.10.09	02:51:03.439	0.61304	0.61306			6
2024.10.09	02:51:05.436		0.61307			4
2024.10.09	02:51:16.779	0.61305	0.61308			6
2024.10.09	02:51:20.341		0.61307			4
2024.10.09	02:51:32.064	0.61304	0.61306			6
2024.10.09	02:51:36.722	0.61305	0.61307			6
2024.10.09	02:51:37.111	0.61304				2
2024.10.09	02:51:37.654	0.61305				2
2024.10.09	02:51:38.127	0.61304				2
2024.10.09	02:51:38.846	0.61305				2
2024.10.09	02:51:39.169	0.61304				2
2024.10.09	02:51:48.391		0.61306			4
2024.10.09	02:51:51.266	0.61305	0.61307			6
2024.10.09	02:52:06.948	0.61305				2
2024.10.09	02:52:28.507		0.61308			4
2024.10.09	02:52:46.120	0.61303	0.61306			6
2024.10.09	02:52:46.452		0.61307			4
2024.10.09	02:52:49.497	0.61304				2
2024.10.09	02:52:52.270		0.61306			4
2024.10.09	02:52:52.630	0.61303				2
2024.10.09	02:52:56.055	0.61305	0.61308			6
2024.10.09	02:53:00.714	0.61305				2
2024.10.09	02:53:05.619	0.61304				2
2024.10.09	02:53:06.168	0.61305				2
2024.10.09	02:53:18.972		0.61307			4
2024.10.09	02:53:22.115	0.61308	0.61311			6
2024.10.09	02:53:22.423	0.61309	0.61313			6
2024.10.09	02:53:22.786	0.61310				2
2024.10.09	02:53:26.216	0.61312	0.61314			6
2024.10.09	02:53:26.688		0.61315			4
2024.10.09	02:53:28.880		0.61314			4
2024.10.09	02:53:30.931		0.61315			4
2024.10.09	02:53:31.627		0.61314			4
2024.10.09	02:53:48.421	0.61311				2
2024.10.09	02:53:49.235	0.61318	0.61321			6
2024.10.09	02:53:49.890		0.61320			4
2024.10.09	02:53:50.298	0.61316	0.61318			6
2024.10.09	02:53:54.263	0.61315	0.61316			6
2024.10.09	02:53:55.065	0.61314				2
2024.10.09	02:53:55.839	0.61315				2
2024.10.09	02:53:58.561	0.61314	0.61315			6
2024.10.09	02:53:58.922	0.61315	0.61316			6
2024.10.09	02:54:00.832	0.61314	0.61315			6
2024.10.09	02:54:07.120		0.61316			4
2024.10.09	02:54:08.102	0.61313	0.61315			6
2024.10.09	02:54:09.159	0.61311				2
2024.10.09	02:54:09.465	0.61312				2
2024.10.09	02:54:09.797	0.61313				2
2024.10.09	02:54:10.514	0.61312				2
2024.10.09	02:54:10.919	0.61313				2
2024.10.09	02:54:11.584	0.61310	0.61312			6
2024.10.09	02:54:34.913		0.61314			4
2024.10.09	02:54:40.219	0.61309	0.61313			6
2024.10.09	02:54:40.935		0.61312			4
2024.10.09	02:54:41.991	0.61308	0.61311			6
2024.10.09	02:54:42.625		0.61310			4
2024.10.09	02:54:42.986		0.61311			4
2024.10.09	02:54:43.775		0.61310			4
2024.10.09	02:54:44.256		0.61311			4
2024.10.09	02:54:51.898		0.61312			4
2024.10.09	02:54:52.516	0.61309	0.61313			6
2024.10.09	02:54:58.836	0.61303	0.61308			6
2024.10.09	02:54:59.872	0.61304	0.61309			6
2024.10.09	02:55:00.195	0.61304				2
2024.10.09	02:55:02.039	0.61305	0.61310			6
2024.10.09	02:55:05.971		0.61308			4
2024.10.09	02:55:06.900		0.61309			4
2024.10.09	02:55:07.665		0.61310			4
2024.10.09	02:55:11.852		0.61307			4
2024.10.09	02:55:12.166	0.61304				2
2024.10.09	02:55:14.149		0.61308			4
2024.10.09	02:55:20.508	0.61309	0.61313			6
2024.10.09	02:55:23.715	0.61308	0.61312			6
2024.10.09	02:55:24.886		0.61311			4
2024.10.09	02:55:25.208	0.61307				2
2024.10.09	02:55:26.482		0.61310			4
2024.10.09	02:55:26.841	0.61305	0.61309			6
2024.10.09	02:55:42.655		0.61308			4
2024.10.09	02:55:45.331		0.61309			4
2024.10.09	02:55:46.382		0.61308			4
2024.10.09	02:55:59.987	0.61304				2
2024.10.09	02:56:00.305	0.61304				2
2024.10.09	02:56:04.628	0.61305	0.61309			6
2024.10.09	02:56:04.935		0.61308			4
2024.10.09	02:56:07.290	0.61307	0.61311			6
2024.10.09	02:56:25.077	0.61304	0.61307			6
2024.10.09	02:56:28.447		0.61308			4
2024.10.09	02:56:36.900	0.61305				2
2024.10.09	02:56:37.215	0.61304				2
2024.10.09	02:56:46.180	0.61307	0.61310			6
2024.10.09	02:56:47.423		0.61311			4
2024.10.09	02:56:50.101	0.61306	0.61310			6
2024.10.09	02:56:56.129	0.61307				2
2024.10.09	02:56:56.833	0.61306				2
2024.10.09	02:57:00.537	0.61306				2
2024.10.09	02:57:01.621	0.61309	0.61314			6
2024.10.09	02:57:03.250		0.61313			4
2024.10.09	02:57:07.286		0.61312			4
2024.10.09	02:57:09.282		0.61311			4
2024.10.09	02:57:11.090	0.61308	0.61312			6
2024.10.09	02:57:11.535		0.61311			4
2024.10.09	02:57:11.913		0.61312			4
2024.10.09	02:57:32.706	0.61306	0.61309			6
2024.10.09	02:57:33.358	0.61305				2
2024.10.09	02:57:37.034	0.61304	0.61308			6
2024.10.09	02:57:42.228	0.61303	0.61306			6
2024.10.09	02:57:43.144		0.61307			4
2024.10.09	02:57:44.306		0.61308			4
2024.10.09	02:57:45.973	0.61304				2
2024.10.09	02:57:46.307		0.61309			4
2024.10.09	02:57:50.018	0.61305				2
2024.10.09	02:58:00.304	0.61305				2
2024.10.09	02:58:08.447	0.61304	0.61306			6
2024.10.09	02:58:18.873	0.61303				2
2024.10.09	02:58:19.379	0.61304	0.61307			6
2024.10.09	02:58:23.411	0.61305	0.61309			6
2024.10.09	02:58:28.071	0.61304	0.61308			6
2024.10.09	02:58:34.172	0.61305				2
2024.10.09	02:58:35.615	0.61306				2
2024.10.09	02:58:46.594	0.61305				2
2024.10.09	02:58:47.361	0.61308	0.61312			6
2024.10.09	02:58:52.984	0.61309				2
2024.10.09	02:58:53.304	0.61310	0.61313			6
2024.10.09	02:58:53.656	0.61311	0.61315			6
2024.10.09	02:58:56.102	0.61312				2
2024.10.09	02:59:00.365	0.61312				2
2024.10.09	02:59:01.389	0.61310	0.61314			6
2024.10.09	02:59:03.562	0.61309				2
2024.10.09	02:59:03.904	0.61308	0.61312			6
2024.10.09	02:59:04.500		0.61311			4
2024.10.09	02:59:05.757	0.61305	0.61310			6
2024.10.09	02:59:06.370	0.61304	0.61309			6
2024.10.09	02:59:07.347		0.61308			4
2024.10.09	02:59:07.966	0.61305				2
2024.10.09	02:59:11.742		0.61309			4
2024.10.09	02:59:12.479		0.61308			4
2024.10.09	02:59:15.163	0.61304				2
2024.10.09	02:59:31.705	0.61305				2
2024.10.09	02:59:34.465		0.61309			4
2024.10.09	02:59:35.492	0.61304				2
2024.10.09	02:59:37.478	0.61305				2
2024.10.09	02:59:49.376	0.61304				2
2024.10.09	02:59:50.316		0.61308			4
2024.10.09	02:59:51.041		0.61309			4
2024.10.09	02:59:54.493	0.61305	0.61310			6
2024.10.09	02:59:57.108		0.61309			4
2024.10.09	02:59:57.455	0.61304				2
2024.10.09	02:59:58.069		0.61310			4
2024.10.09	02:59:59.135	0.61305				2
2024.10.09	03:00:00.175	0.61305	0.61306			6
2024.10.09	03:00:00.478		0.61310			4
2024.10.09	03:00:00.810		0.61309			4
2024.10.09	03:00:01.122	0.61304	0.61308			6
2024.10.09	03:00:02.083	0.61301	0.61304			6
2024.10.09	03:00:03.850		0.61303			4
2024.10.09	03:00:04.169	0.61298	0.61302			6
2024.10.09	03:00:04.688	0.61299				2
2024.10.09	03:00:05.129	0.61298				2
2024.10.09	03:00:07.381		0.61301			4
2024.10.09	03:00:08.628	0.61300	0.61302			6
2024.10.09	03:00:09.208	0.61299	0.61304			6
2024.10.09	03:00:09.871	0.61298	0.61301			6
2024.10.09	03:00:10.498	0.61299	0.61302			6
2024.10.09	03:00:11.405	0.61300	0.61303			6
2024.10.09	03:00:12.121	0.61299	0.61302			6
2024.10.09	03:00:12.452		0.61303			4
2024.10.09	03:00:17.285	0.61303	0.61308			6
2024.10.09	03:00:17.612		0.61306			4
2024.10.09	03:00:18.048	0.61299	0.61304			6
2024.10.09	03:00:18.355		0.61303			4
2024.10.09	03:00:18.666		0.61302			4
2024.10.09	03:00:19.011		0.61303			4
2024.10.09	03:00:19.322		0.61302			4
2024.10.09	03:00:19.627	0.61298				2
2024.10.09	03:00:20.021		0.61301			4
2024.10.09	03:00:21.714	0.61299				2
2024.10.09	03:00:22.405	0.61298	0.61300			6
2024.10.09	03:00:24.011	0.61296	0.61298			6
2024.10.09	03:00:24.324	0.61295				2
2024.10.09	03:00:24.667		0.61296			4
2024.10.09	03:00:24.992	0.61293				2
2024.10.09	03:00:25.294	0.61294				2
2024.10.09	03:00:28.117		0.61295			4
2024.10.09	03:00:28.425	0.61297	0.61298			6
2024.10.09	03:00:28.734	0.61298	0.61300			6
2024.10.09	03:00:29.137		0.61301			4
2024.10.09	03:00:29.460	0.61299	0.61300			6
2024.10.09	03:00:30.401		0.61301			4
2024.10.09	03:00:30.705	0.61300	0.61302			6
2024.10.09	03:00:31.160	0.61301	0.61303			6
2024.10.09	03:00:31.566		0.61304			4
2024.10.09	03:00:33.688	0.61300				2
2024.10.09	03:00:35.004	0.61301	0.61305			6
2024.10.09	03:00:37.770	0.61300	0.61304			6
2024.10.09	03:00:38.128		0.61303			4
2024.10.09	03:00:38.443		0.61302			4
2024.10.09	03:00:38.842	0.61299	0.61301			6
2024.10.09	03:00:39.149		0.61300			4
2024.10.09	03:00:39.456	0.61296	0.61299			6
2024.10.09	03:00:41.582		0.61298			4
2024.10.09	03:00:41.958	0.61294	0.61295			6
2024.10.09	03:00:42.260	0.61285	0.61287			6
2024.10.09	03:00:42.563	0.61284				2
2024.10.09	03:00:42.868	0.61286				2
2024.10.09	03:00:45.358	0.61283	0.61284			6
2024.10.09	03:00:45.710	0.61282	0.61283			6
2024.10.09	03:00:46.027	0.61284	0.61286			6
2024.10.09	03:00:47.114		0.61285			4
2024.10.09	03:00:49.053		0.61286			4
2024.10.09	03:00:49.590		0.61285			4
2024.10.09	03:00:50.221	0.61285	0.61286			6
2024.10.09	03:00:50.575	0.61284	0.61287			6
2024.10.09	03:00:50.876		0.61288			4
2024.10.09	03:00:52.055		0.61289			4
2024.10.09	03:00:55.206	0.61287	0.61291			6
2024.10.09	03:00:55.508		0.61290			4
2024.10.09	03:00:56.409		0.61291			4
2024.10.09	03:00:56.742		0.61290			4
2024.10.09	03:00:57.060	0.61291	0.61295			6
2024.10.09	03:00:57.362		0.61296			4
2024.10.09	03:00:57.814		0.61295			4
2024.10.09	03:01:00.602	0.61295	0.61297			6
2024.10.09	03:01:00.904	0.61296	0.61299			6
2024.10.09	03:01:01.736	0.61295	0.61297			6
2024.10.09	03:01:02.052	0.61294				2
2024.10.09	03:01:03.481		0.61296			4
2024.10.09	03:01:03.804		0.61297			4
2024.10.09	03:01:04.852	0.61295	0.61298			6
2024.10.09	03:01:05.351		0.61299			4
2024.10.09	03:01:08.124	0.61297	0.61300			6
2024.10.09	03:01:08.487		0.61299			4
2024.10.09	03:01:08.910		0.61301			4
2024.10.09	03:01:09.266	0.61298	0.61302			6
2024.10.09	03:01:09.588		0.61301			4
2024.10.09	03:01:10.952	0.61299	0.61302			6
2024.10.09	03:01:14.455	0.61298				2
2024.10.09	03:01:15.376	0.61299				2
2024.10.09	03:01:15.682	0.61300				2
2024.10.09	03:01:16.081	0.61299				2
2024.10.09	03:01:16.985	0.61300				2
2024.10.09	03:01:17.997	0.61299	0.61303			6
2024.10.09	03:01:18.430	0.61300	0.61302			6
2024.10.09	03:01:20.566	0.61301	0.61305			6
2024.10.09	03:01:20.876	0.61299	0.61301			6
2024.10.09	03:01:21.645		0.61302			4
2024.10.09	03:01:25.567		0.61303			4
2024.10.09	03:01:25.872	0.61300				2
2024.10.09	03:01:26.651	0.61299				2
2024.10.09	03:01:27.843		0.61302			4
2024.10.09	03:01:31.749	0.61300	0.61303			6
2024.10.09	03:01:33.195	0.61301	0.61305			6
2024.10.09	03:01:33.887		0.61304			4
2024.10.09	03:01:36.344	0.61305	0.61309			6
2024.10.09	03:01:36.947		0.61310			4
2024.10.09	03:01:37.337		0.61309			4
2024.10.09	03:01:37.640	0.61310	0.61314			6
2024.10.09	03:01:38.348		0.61313			4
2024.10.09	03:01:38.687		0.61314			4
2024.10.09	03:01:39.467		0.61313			4
2024.10.09	03:01:39.775		0.61314			4
2024.10.09	03:01:40.083	0.61311	0.61315			6
2024.10.09	03:01:40.443		0.61314			4
2024.10.09	03:01:43.391	0.61309	0.61313			6
2024.10.09	03:01:43.722	0.61310	0.61314			6
2024.10.09	03:01:44.820		0.61315			4
2024.10.09	03:01:45.675		0.61313			4
2024.10.09	03:01:46.121		0.61314			4
2024.10.09	03:01:46.762	0.61311				2
2024.10.09	03:01:47.367	0.61310	0.61315			6
2024.10.09	03:01:48.113	0.61311				2
2024.10.09	03:01:49.380	0.61310				2
2024.10.09	03:01:51.726		0.61314			4
2024.10.09	03:01:53.340	0.61308	0.61312			6
2024.10.09	03:01:53.642		0.61313			4
2024.10.09	03:01:55.858	0.61309	0.61314			6
2024.10.09	03:01:57.342	0.61304	0.61307			6
2024.10.09	03:01:57.643	0.61303	0.61306			6
2024.10.09	03:01:58.741	0.61304				2
2024.10.09	03:01:59.376		0.61308			4
2024.10.09	03:01:59.796		0.61307			4
2024.10.09	03:02:00.102	0.61305	0.61308			6
2024.10.09	03:02:01.238	0.61303	0.61306			6
2024.10.09	03:02:02.731	0.61304	0.61307			6
2024.10.09	03:02:04.140		0.61308			4
2024.10.09	03:02:04.802	0.61307	0.61311			6
2024.10.09	03:02:05.103	0.61308				2
2024.10.09	03:02:05.452		0.61312			4
2024.10.09	03:02:05.871	0.61309				2
2024.10.09	03:02:06.545		0.61313			4
2024.10.09	03:02:06.921	0.61311	0.61314			6
2024.10.09	03:02:07.438	0.61309	0.61313			6
2024.10.09	03:02:07.992	0.61308	0.61311			6
2024.10.09	03:02:09.421	0.61309				2
2024.10.09	03:02:12.304	0.61304	0.61306			6
2024.10.09	03:02:12.610		0.61305			4
2024.10.09	03:02:14.354	0.61307	0.61309			6
2024.10.09	03:02:14.671	0.61306				2
2024.10.09	03:02:16.765	0.61314	0.61317			6
2024.10.09	03:02:17.066	0.61313	0.61315			6
2024.10.09	03:02:17.370	0.61315	0.61318			6
2024.10.09	03:02:18.353	0.61317	0.61319			6
2024.10.09	03:02:18.667		0.61318			4
2024.10.09	03:02:19.346	0.61316	0.61317			6
2024.10.09	03:02:19.683	0.61317	0.61318			6
2024.10.09	03:02:20.902	0.61319	0.61321			6
2024.10.09	03:02:21.205	0.61320	0.61322			6
2024.10.09	03:02:21.522	0.61321	0.61323			6
2024.10.09	03:02:23.332	0.61319	0.61321			6
2024.10.09	03:02:23.636	0.61318				2
2024.10.09	03:02:24.276	0.61319				2
2024.10.09	03:02:26.346		0.61322			4
2024.10.09	03:02:27.461	0.61318	0.61321			6
2024.10.09	03:02:27.963	0.61317	0.61319			6
2024.10.09	03:02:32.837		0.61318			4
2024.10.09	03:02:33.230		0.61319			4
2024.10.09	03:02:34.846	0.61316	0.61317			6
2024.10.09	03:02:35.940		0.61318			4
2024.10.09	03:02:36.405	0.61315	0.61317			6
2024.10.09	03:02:37.042		0.61318			4
2024.10.09	03:02:40.825		0.61317			4
2024.10.09	03:02:45.322		0.61318			4
2024.10.09	03:02:47.510		0.61319			4
2024.10.09	03:02:48.917		0.61317			4
2024.10.09	03:02:53.687		0.61318			4
2024.10.09	03:02:54.986		0.61317			4
2024.10.09	03:02:56.501		0.61318			4
2024.10.09	03:02:59.202		0.61316			4
2024.10.09	03:02:59.505	0.61312	0.61314			6
2024.10.09	03:02:59.815		0.61315			4
2024.10.09	03:03:00.138	0.61312				2
2024.10.09	03:03:06.080	0.61313				2
2024.10.09	03:03:12.464	0.61311	0.61313			6
2024.10.09	03:03:13.158	0.61314	0.61316			6
2024.10.09	03:03:13.463		0.61315			4
2024.10.09	03:03:13.815		0.61317			4
2024.10.09	03:03:16.745	0.61315	0.61318			6
2024.10.09	03:03:18.833	0.61316	0.61319			6
2024.10.09	03:03:19.567	0.61319	0.61322			6
2024.10.09	03:03:19.909	0.61318	0.61321			6
2024.10.09	03:03:20.222	0.61319	0.61322			6
2024.10.09	03:03:20.567	0.61320	0.61323			6
2024.10.09	03:03:23.010		0.61322			4
2024.10.09	03:03:24.499		0.61323			4
2024.10.09	03:03:24.802	0.61319	0.61322			6
2024.10.09	03:03:25.104	0.61321	0.61324			6
2024.10.09	03:03:25.738	0.61320				2
2024.10.09	03:03:29.179	0.61323	0.61326			6
2024.10.09	03:03:29.483	0.61324				2
2024.10.09	03:03:29.784	0.61325	0.61329			6
2024.10.09	03:03:30.105		0.61328			4
2024.10.09	03:03:35.955	0.61324	0.61325			6
2024.10.09	03:03:36.268		0.61326			4
2024.10.09	03:03:37.063		0.61327			4
2024.10.09	03:03:37.426	0.61325				2
2024.10.09	03:03:39.193		0.61328			4
2024.10.09	03:03:43.519	0.61326	0.61329			6
2024.10.09	03:03:44.560		0.61328			4
2024.10.09	03:03:45.212	0.61325	0.61327			6
2024.10.09	03:03:47.302	0.61324				2
2024.10.09	03:03:49.406	0.61325	0.61328			6
2024.10.09	03:03:49.853	0.61324	0.61327			6
2024.10.09	03:03:50.647		0.61325			4
2024.10.09	03:03:52.821	0.61322				2
2024.10.09	03:03:53.429		0.61324			4
2024.10.09	03:03:56.028	0.61320	0.61323			6
2024.10.09	03:03:58.902	0.61318	0.61321			6
2024.10.09	03:03:59.843	0.61321	0.61322			6
2024.10.09	03:04:00.168	0.61320				2
2024.10.09	03:04:00.538		0.61323			4
2024.10.09	03:04:00.910	0.61319				2
2024.10.09	03:04:02.103	0.61321				2
2024.10.09	03:04:03.076	0.61319	0.61321			6
2024.10.09	03:04:03.383		0.61323			4
