<DATE>	<TIME>	<BID>	<ASK>	<LAST>	<VOLUME>	<FLAGS>
2024.12.13	00:00:00.426	0.57680	0.57759			6
2024.12.13	00:00:05.609	0.57597	0.57797			6
2024.12.13	00:01:00.178	0.57597				2
2024.12.13	00:01:05.622		0.57797			4
2024.12.13	00:02:00.153	0.57597				2
2024.12.13	00:02:05.595	0.57596	0.57796			6
2024.12.13	00:03:00.017	0.57596				2
2024.12.13	00:03:05.762		0.57796			4
2024.12.13	00:04:00.233	0.57596				2
2024.12.13	00:04:05.977		0.57796			4
2024.12.13	00:05:00.246	0.57596				2
2024.12.13	00:05:05.989		0.57796			4
2024.12.13	00:05:29.371	0.57653				2
2024.12.13	00:05:31.186	0.57658				2
2024.12.13	00:05:55.978		0.57809			4
2024.12.13	00:05:56.885		0.57796			4
2024.12.13	00:06:00.211	0.57658				2
2024.12.13	00:06:21.120		0.57756			4
2024.12.13	00:06:23.793		0.57758			4
2024.12.13	00:06:25.320		0.57756			4
2024.12.13	00:06:36.440		0.57757			4
2024.12.13	00:06:38.954	0.57653	0.57756			6
2024.12.13	00:06:39.365	0.57658	0.57757			6
2024.12.13	00:06:49.061		0.57756			4
2024.12.13	00:06:52.158		0.57757			4
2024.12.13	00:06:55.380	0.57659				2
2024.12.13	00:07:01.667	0.57658				2
2024.12.13	00:07:32.344		0.57758			4
2024.12.13	00:07:44.644		0.57759			4
2024.12.13	00:08:00.367	0.57658	0.57753			6
2024.12.13	00:08:08.533	0.57654				2
2024.12.13	00:08:10.046		0.57752			4
2024.12.13	00:08:13.673	0.57650				2
2024.12.13	00:08:13.976	0.57658				2
2024.12.13	00:08:14.277	0.57652	0.57753			6
2024.12.13	00:08:14.883	0.57651	0.57752			6
2024.12.13	00:08:15.488	0.57652				2
2024.12.13	00:08:18.513	0.57651				2
2024.12.13	00:08:21.234	0.57661	0.57755			6
2024.12.13	00:08:22.139	0.57658				2
2024.12.13	00:08:22.745		0.57753			4
2024.12.13	00:08:23.350	0.57657				2
2024.12.13	00:08:25.164	0.57658				2
2024.12.13	00:08:25.466	0.57657				2
2024.12.13	00:08:26.978	0.57658				2
2024.12.13	00:08:27.281	0.57657				2
2024.12.13	00:08:28.186	0.57658				2
2024.12.13	00:08:28.489	0.57655				2
2024.12.13	00:08:29.096	0.57657				2
2024.12.13	00:08:29.397	0.57658				2
2024.12.13	00:08:29.700	0.57657				2
2024.12.13	00:08:31.514	0.57658				2
2024.12.13	00:08:32.421		0.57752			4
2024.12.13	00:08:33.026	0.57657				2
2024.12.13	00:08:34.236	0.57658	0.57753			6
2024.12.13	00:08:36.655		0.57752			4
2024.12.13	00:08:47.372	0.57659				2
2024.12.13	00:08:47.674		0.57751			4
2024.12.13	00:08:52.229	0.57660				2
2024.12.13	00:08:57.370		0.57750			4
2024.12.13	00:08:59.185		0.57751			4
2024.12.13	00:09:00.093	0.57660				2
2024.12.13	00:09:03.721		0.57750			4
2024.12.13	00:09:04.628		0.57753			4
2024.12.13	00:09:30.634		0.57752			4
2024.12.13	00:09:33.658		0.57751			4
2024.12.13	00:09:37.284		0.57750			4
2024.12.13	00:09:40.611		0.57748			4
2024.12.13	00:09:41.216	0.57659				2
2024.12.13	00:09:43.937		0.57746			4
2024.12.13	00:09:48.777	0.57660				2
2024.12.13	00:09:49.684		0.57745			4
2024.12.13	00:09:54.552	0.57659				2
2024.12.13	00:10:00.298	0.57659				2
2024.12.13	00:10:06.951	0.57660				2
2024.12.13	00:10:08.762	0.57659				2
2024.12.13	00:10:12.394	0.57655				2
2024.12.13	00:10:14.833	0.57656				2
2024.12.13	00:10:30.587	0.57655				2
2024.12.13	00:10:35.128	0.57653	0.57748			6
2024.12.13	00:10:35.730		0.57750			4
2024.12.13	00:10:36.032	0.57657	0.57745			6
2024.12.13	00:10:39.662		0.57744			4
2024.12.13	00:10:42.686		0.57742			4
2024.12.13	00:10:44.802	0.57648	0.57745			6
2024.12.13	00:10:45.103		0.57746			4
2024.12.13	00:10:47.220		0.57745			4
2024.12.13	00:10:47.523		0.57746			4
2024.12.13	00:10:48.734		0.57745			4
2024.12.13	00:10:52.363		0.57742			4
2024.12.13	00:10:53.572		0.57741			4
2024.12.13	00:11:00.274	0.57648				2
2024.12.13	00:11:00.576		0.57740			4
2024.12.13	00:11:02.996		0.57739			4
2024.12.13	00:11:03.298		0.57745			4
2024.12.13	00:11:03.600	0.57658				2
2024.12.13	00:11:06.374		0.57747			4
2024.12.13	00:11:07.583	0.57649				2
2024.12.13	00:11:07.886	0.57648				2
2024.12.13	00:11:08.792	0.57658				2
2024.12.13	00:11:12.421	0.57648				2
2024.12.13	00:11:13.632	0.57658				2
2024.12.13	00:11:46.589		0.57746			4
2024.12.13	00:11:51.426	0.57657	0.57729			6
2024.12.13	00:11:51.748	0.57658				2
2024.12.13	00:11:52.095	0.57656				2
2024.12.13	00:11:52.400		0.57739			4
2024.12.13	00:11:54.520		0.57736			4
2024.12.13	00:11:56.940		0.57735			4
2024.12.13	00:11:57.846		0.57734			4
2024.12.13	00:11:59.357		0.57735			4
2024.12.13	00:12:00.265	0.57656				2
2024.12.13	00:12:01.776	0.57657	0.57733			6
2024.12.13	00:12:02.851	0.57656	0.57740			6
2024.12.13	00:12:03.771		0.57733			4
2024.12.13	00:12:05.283		0.57732			4
2024.12.13	00:12:09.840		0.57730			4
2024.12.13	00:12:10.746		0.57724			4
2024.12.13	00:12:20.449	0.57657				2
2024.12.13	00:12:23.046	0.57656				2
2024.12.13	00:12:43.142		0.57720			4
2024.12.13	00:12:47.408		0.57728			4
2024.12.13	00:12:47.711		0.57727			4
2024.12.13	00:12:48.616		0.57725			4
2024.12.13	00:12:48.920		0.57719			4
2024.12.13	00:12:50.452		0.57721			4
2024.12.13	00:12:57.181		0.57720			4
2024.12.13	00:13:00.205	0.57656				2
2024.12.13	00:13:30.132		0.57719			4
2024.12.13	00:13:31.949		0.57720			4
2024.12.13	00:13:32.553		0.57718			4
2024.12.13	00:14:00.167	0.57656				2
2024.12.13	00:14:11.151		0.57717			4
2024.12.13	00:14:15.687		0.57716			4
2024.12.13	00:14:22.339		0.57719			4
2024.12.13	00:14:37.455		0.57720			4
2024.12.13	00:14:53.527		0.57719			4
2024.12.13	00:15:00.178	0.57656				2
2024.12.13	00:15:08.493		0.57720			4
2024.12.13	00:15:08.796		0.57719			4
2024.12.13	00:15:14.541		0.57720			4
2024.12.13	00:15:41.553		0.57719			4
2024.12.13	00:15:42.459		0.57720			4
2024.12.13	00:15:50.622	0.57657				2
2024.12.13	00:15:53.946		0.57721			4
2024.12.13	00:15:56.667		0.57720			4
2024.12.13	00:15:57.875	0.57658				2
2024.12.13	00:15:59.992		0.57721			4
2024.12.13	00:16:00.293	0.57658				2
2024.12.13	00:16:02.108	0.57659				2
2024.12.13	00:16:07.248	0.57658				2
2024.12.13	00:16:07.552	0.57656				2
2024.12.13	00:16:08.457	0.57657				2
2024.12.13	00:16:08.760		0.57719			4
2024.12.13	00:16:10.271	0.57658				2
2024.12.13	00:16:10.878	0.57652	0.57735			6
2024.12.13	00:16:12.085	0.57653				2
2024.12.13	00:16:12.386	0.57650	0.57737			6
2024.12.13	00:16:12.690	0.57649	0.57736			6
2024.12.13	00:16:13.596	0.57650				2
2024.12.13	00:16:20.553		0.57735			4
2024.12.13	00:16:23.576		0.57736			4
2024.12.13	00:16:28.765	0.57649	0.57735			6
2024.12.13	00:16:30.578	0.57650				2
2024.12.13	00:16:38.443	0.57649				2
2024.12.13	00:16:44.491	0.57656				2
2024.12.13	00:16:46.959		0.57734			4
2024.12.13	00:16:47.865		0.57735			4
2024.12.13	00:16:49.074		0.57734			4
2024.12.13	00:16:49.378	0.57658				2
2024.12.13	00:16:50.586	0.57659	0.57731			6
2024.12.13	00:16:52.099	0.57660	0.57732			6
2024.12.13	00:16:54.518	0.57661	0.57733			6
2024.12.13	00:16:54.820		0.57734			4
2024.12.13	00:17:00.261	0.57661				2
2024.12.13	00:17:02.076		0.57735			4
2024.12.13	00:17:02.681	0.57662				2
2024.12.13	00:17:04.797		0.57734			4
2024.12.13	00:17:06.308	0.57663	0.57735			6
2024.12.13	00:17:08.121	0.57662				2
2024.12.13	00:17:10.539		0.57734			4
2024.12.13	00:17:12.052	0.57661				2
2024.12.13	00:17:14.168	0.57660	0.57733			6
2024.12.13	00:17:14.471	0.57658	0.57731			6
2024.12.13	00:17:19.357		0.57730			4
2024.12.13	00:17:22.986		0.57729			4
2024.12.13	00:17:45.056		0.57728			4
2024.12.13	00:17:52.915		0.57730			4
2024.12.13	00:17:57.151		0.57729			4
2024.12.13	00:18:00.173	0.57658				2
2024.12.13	00:18:00.474		0.57730			4
2024.12.13	00:18:04.403	0.57659	0.57727			6
2024.12.13	00:18:05.312		0.57726			4
2024.12.13	00:18:05.615		0.57728			4
2024.12.13	00:18:05.918		0.57727			4
2024.12.13	00:18:07.174		0.57728			4
2024.12.13	00:18:07.478		0.57727			4
2024.12.13	00:18:08.436		0.57730			4
2024.12.13	00:18:09.040		0.57727			4
2024.12.13	00:18:09.343		0.57728			4
2024.12.13	00:18:19.320	0.57660				2
2024.12.13	00:18:19.621	0.57659	0.57729			6
2024.12.13	00:18:20.831	0.57660	0.57730			6
2024.12.13	00:18:21.131	0.57659	0.57729			6
2024.12.13	00:18:23.552	0.57661	0.57731			6
2024.12.13	00:18:24.155	0.57659	0.57729			6
2024.12.13	00:18:25.062		0.57730			4
2024.12.13	00:18:27.784		0.57729			4
2024.12.13	00:18:29.598	0.57661	0.57730			6
2024.12.13	00:18:29.901	0.57664				2
2024.12.13	00:18:30.804	0.57665	0.57731			6
2024.12.13	00:18:31.410	0.57664	0.57730			6
2024.12.13	00:18:32.620	0.57665	0.57731			6
2024.12.13	00:18:37.760	0.57664	0.57730			6
2024.12.13	00:18:59.522	0.57665	0.57731			6
2024.12.13	00:19:00.126	0.57665				2
2024.12.13	00:19:03.453	0.57666	0.57732			6
2024.12.13	00:19:10.099	0.57665	0.57731			6
2024.12.13	00:19:26.729	0.57671				2
2024.12.13	00:19:27.032		0.57733			4
2024.12.13	00:19:28.543		0.57734			4
2024.12.13	00:19:28.842	0.57668				2
2024.12.13	00:19:29.146	0.57666	0.57731			6
2024.12.13	00:19:30.960	0.57661	0.57730			6
2024.12.13	00:19:32.775	0.57664	0.57731			6
2024.12.13	00:19:42.143		0.57730			4
2024.12.13	00:19:50.306		0.57731			4
2024.12.13	00:19:54.540		0.57730			4
2024.12.13	00:19:55.143		0.57731			4
2024.12.13	00:20:00.284	0.57664				2
2024.12.13	00:20:02.700	0.57662	0.57729			6
2024.12.13	00:20:11.772		0.57728			4
2024.12.13	00:20:19.936		0.57729			4
2024.12.13	00:20:28.703	0.57663				2
2024.12.13	00:20:32.333	0.57662				2
2024.12.13	00:20:47.754	0.57663	0.57730			6
2024.12.13	00:21:00.203	0.57663				2
2024.12.13	00:21:01.109	0.57664	0.57731			6
2024.12.13	00:21:07.760		0.57729			4
2024.12.13	00:21:08.364		0.57730			4
2024.12.13	00:21:12.900	0.57663				2
2024.12.13	00:21:17.135	0.57664	0.57731			6
2024.12.13	00:21:50.091		0.57730			4
2024.12.13	00:21:52.811		0.57731			4
2024.12.13	00:21:53.416	0.57662	0.57734			6
2024.12.13	00:22:00.069	0.57662				2
2024.12.13	00:22:31.868		0.57733			4
2024.12.13	00:22:43.711		0.57734			4
2024.12.13	00:22:50.062	0.57664	0.57732			6
2024.12.13	00:23:00.041	0.57664				2
2024.12.13	00:23:01.250	0.57665				2
2024.12.13	00:23:48.120		0.57731			4
2024.12.13	00:23:50.841		0.57732			4
2024.12.13	00:24:00.219	0.57665				2
2024.12.13	00:24:02.941	0.57666				2
2024.12.13	00:24:05.055	0.57665	0.57734			6
2024.12.13	00:24:07.174	0.57663	0.57732			6
2024.12.13	00:24:14.783		0.57730			4
2024.12.13	00:24:16.293		0.57731			4
2024.12.13	00:24:22.042	0.57665				2
2024.12.13	00:24:22.346		0.57734			4
2024.12.13	00:24:41.394	0.57664	0.57733			6
2024.12.13	00:24:46.232	0.57663	0.57731			6
2024.12.13	00:24:47.443	0.57664	0.57730			6
2024.12.13	00:24:49.259		0.57727			4
2024.12.13	00:24:50.165	0.57665	0.57731			6
2024.12.13	00:24:51.072	0.57664				2
2024.12.13	00:24:55.610		0.57727			4
2024.12.13	00:24:57.750	0.57662				2
2024.12.13	00:24:59.587	0.57660				2
2024.12.13	00:25:00.191	0.57660				2
2024.12.13	00:25:01.099	0.57659				2
2024.12.13	00:25:04.421	0.57660				2
2024.12.13	00:25:08.355	0.57662	0.57729			6
2024.12.13	00:25:08.658	0.57660	0.57724			6
2024.12.13	00:25:08.960	0.57659				2
2024.12.13	00:25:10.170		0.57722			4
2024.12.13	00:25:22.568	0.57660				2
2024.12.13	00:25:29.671	0.57658	0.57717			6
2024.12.13	00:25:37.571	0.57659				2
2024.12.13	00:25:38.492	0.57660				2
2024.12.13	00:25:40.911	0.57661				2
2024.12.13	00:26:00.012	0.57661				2
2024.12.13	00:26:01.221	0.57662				2
2024.12.13	00:26:02.731		0.57720			4
2024.12.13	00:26:04.241	0.57665				2
2024.12.13	00:26:04.548		0.57729			4
2024.12.13	00:26:07.618		0.57720			4
2024.12.13	00:26:08.386		0.57728			4
2024.12.13	00:26:09.171	0.57667				2
2024.12.13	00:26:09.581		0.57723			4
2024.12.13	00:26:15.780	0.57666				2
2024.12.13	00:26:19.705	0.57667				2
2024.12.13	00:26:29.442	0.57666				2
2024.12.13	00:26:32.279	0.57667				2
2024.12.13	00:26:33.967		0.57721			4
2024.12.13	00:26:47.969	0.57666				2
2024.12.13	00:26:48.301	0.57665				2
2024.12.13	00:26:50.794	0.57664				2
2024.12.13	00:26:51.108	0.57666				2
2024.12.13	00:27:01.154	0.57666				2
2024.12.13	00:27:03.222		0.57728			4
2024.12.13	00:27:08.273	0.57665	0.57726			6
2024.12.13	00:27:13.133	0.57666	0.57727			6
2024.12.13	00:27:13.738		0.57720			4
2024.12.13	00:27:18.305	0.57663	0.57704			6
2024.12.13	00:27:23.361	0.57656				2
2024.12.13	00:27:28.338		0.57699			4
2024.12.13	00:27:28.688	0.57653	0.57696			6
2024.12.13	00:27:32.149	0.57646				2
2024.12.13	00:27:35.528	0.57644	0.57698			6
2024.12.13	00:27:43.069	0.57643				2
2024.12.13	00:27:45.235	0.57644				2
2024.12.13	00:27:55.071	0.57643				2
2024.12.13	00:27:56.779	0.57641				2
2024.12.13	00:28:00.625	0.57641				2
2024.12.13	00:28:03.715	0.57639	0.57695			6
2024.12.13	00:28:10.990	0.57638	0.57693			6
2024.12.13	00:28:17.338	0.57637				2
2024.12.13	00:28:45.539		0.57691			4
2024.12.13	00:28:55.101		0.57693			4
2024.12.13	00:29:00.461	0.57637				2
2024.12.13	00:29:35.412	0.57641	0.57692			6
2024.12.13	00:29:50.641		0.57691			4
2024.12.13	00:29:51.640		0.57693			4
2024.12.13	00:29:53.623		0.57692			4
2024.12.13	00:29:57.803		0.57694			4
2024.12.13	00:30:00.445	0.57641				2
2024.12.13	00:30:00.952		0.57695			4
2024.12.13	00:30:01.286		0.57694			4
2024.12.13	00:30:18.391		0.57695			4
2024.12.13	00:30:19.273		0.57694			4
2024.12.13	00:30:29.340		0.57692			4
2024.12.13	00:30:31.071	0.57643				2
2024.12.13	00:30:38.377	0.57644				2
2024.12.13	00:30:39.841	0.57643				2
2024.12.13	00:30:48.621	0.57644				2
2024.12.13	00:30:52.780	0.57645				2
2024.12.13	00:30:56.003	0.57646				2
2024.12.13	00:30:57.769	0.57645				2
2024.12.13	00:31:00.367	0.57645				2
2024.12.13	00:31:01.968	0.57644				2
2024.12.13	00:31:02.904	0.57643				2
2024.12.13	00:31:09.494	0.57642				2
2024.12.13	00:31:09.992	0.57643				2
2024.12.13	00:31:11.870	0.57644				2
2024.12.13	00:31:12.648	0.57648				2
2024.12.13	00:31:22.967	0.57649				2
2024.12.13	00:31:29.579		0.57692			4
2024.12.13	00:31:32.677	0.57643	0.57693			6
2024.12.13	00:31:33.124	0.57641	0.57692			6
2024.12.13	00:31:34.166	0.57640				2
2024.12.13	00:31:34.498	0.57641				2
2024.12.13	00:31:46.480	0.57642				2
2024.12.13	00:31:50.888	0.57644				2
2024.12.13	00:32:00.383	0.57644				2
2024.12.13	00:32:06.740		0.57695			4
2024.12.13	00:32:15.474	0.57645				2
2024.12.13	00:32:28.673	0.57646				2
2024.12.13	00:32:29.828	0.57642				2
2024.12.13	00:32:46.480	0.57643				2
2024.12.13	00:33:00.456	0.57644				2
2024.12.13	00:33:02.521	0.57645				2
2024.12.13	00:33:05.925	0.57644	0.57696			6
2024.12.13	00:33:31.292	0.57643				2
2024.12.13	00:33:39.023		0.57697			4
2024.12.13	00:33:42.959	0.57642				2
2024.12.13	00:34:01.074	0.57642				2
2024.12.13	00:34:33.390		0.57696			4
2024.12.13	00:34:34.768		0.57697			4
2024.12.13	00:34:38.645	0.57641				2
2024.12.13	00:34:39.426		0.57694			4
2024.12.13	00:34:39.957		0.57695			4
2024.12.13	00:34:41.318		0.57696			4
2024.12.13	00:34:48.253	0.57642	0.57697			6
2024.12.13	00:34:49.981	0.57639	0.57692			6
2024.12.13	00:34:50.687	0.57638				2
2024.12.13	00:34:53.605	0.57637				2
2024.12.13	00:34:56.147		0.57691			4
2024.12.13	00:35:00.176	0.57637	0.57688			6
2024.12.13	00:35:00.837	0.57636				2
2024.12.13	00:35:04.278	0.57639	0.57690			6
2024.12.13	00:35:30.753	0.57638				2
2024.12.13	00:35:31.541	0.57636	0.57689			6
2024.12.13	00:35:34.736	0.57635				2
2024.12.13	00:35:37.367		0.57688			4
2024.12.13	00:35:38.977	0.57634	0.57687			6
2024.12.13	00:35:42.777		0.57688			4
2024.12.13	00:35:43.592	0.57635				2
2024.12.13	00:35:46.985		0.57687			4
2024.12.13	00:35:48.449		0.57690			4
2024.12.13	00:35:48.765		0.57688			4
2024.12.13	00:35:49.856		0.57689			4
2024.12.13	00:35:50.845		0.57688			4
2024.12.13	00:35:52.363		0.57687			4
2024.12.13	00:35:55.745	0.57634				2
2024.12.13	00:36:03.838	0.57635	0.57688			6
2024.12.13	00:36:07.375		0.57689			4
2024.12.13	00:36:07.748	0.57636				2
2024.12.13	00:36:08.070		0.57690			4
2024.12.13	00:36:09.837	0.57635				2
2024.12.13	00:36:15.481		0.57689			4
2024.12.13	00:36:19.738	0.57636				2
2024.12.13	00:36:31.739	0.57635				2
2024.12.13	00:36:34.735	0.57636				2
2024.12.13	00:36:49.491	0.57637	0.57690			6
2024.12.13	00:36:51.783	0.57636	0.57689			6
2024.12.13	00:36:53.682		0.57690			4
2024.12.13	00:36:55.972		0.57691			4
2024.12.13	00:36:58.666	0.57642	0.57694			6
2024.12.13	00:36:59.106	0.57646				2
2024.12.13	00:37:00.245	0.57646				2
2024.12.13	00:37:04.133	0.57641				2
2024.12.13	00:37:24.197	0.57646				2
2024.12.13	00:37:30.173	0.57641				2
2024.12.13	00:37:52.720	0.57646				2
2024.12.13	00:37:58.583	0.57641				2
2024.12.13	00:38:07.050	0.57641	0.57694			6
2024.12.13	00:38:19.934	0.57646				2
2024.12.13	00:38:25.825	0.57641				2
2024.12.13	00:38:47.243	0.57646				2
2024.12.13	00:38:52.401	0.57641				2
2024.12.13	00:39:01.292	0.57641				2
2024.12.13	00:39:07.069		0.57694			4
2024.12.13	00:39:12.510	0.57646				2
2024.12.13	00:39:17.654	0.57641				2
2024.12.13	00:39:32.875	0.57642				2
2024.12.13	00:39:40.186	0.57646				2
2024.12.13	00:39:45.863	0.57642				2
2024.12.13	00:40:01.292	0.57642				2
2024.12.13	00:40:06.282	0.57641				2
2024.12.13	00:40:08.113	0.57642	0.57694			6
2024.12.13	00:40:08.666	0.57646				2
2024.12.13	00:40:09.210	0.57642				2
2024.12.13	00:40:11.300	0.57646				2
2024.12.13	00:40:12.051	0.57642				2
2024.12.13	00:40:14.081	0.57646				2
2024.12.13	00:40:14.606	0.57642				2
2024.12.13	00:40:16.701	0.57646				2
2024.12.13	00:40:17.273	0.57642				2
2024.12.13	00:40:19.663	0.57646				2
2024.12.13	00:40:20.003	0.57642				2
2024.12.13	00:40:22.247	0.57646				2
2024.12.13	00:40:22.832	0.57642				2
2024.12.13	00:40:24.954	0.57646				2
2024.12.13	00:40:25.485	0.57642				2
2024.12.13	00:40:27.042	0.57639	0.57692			6
2024.12.13	00:40:34.766	0.57638				2
2024.12.13	00:41:00.813	0.57638				2
2024.12.13	00:41:02.472	0.57639				2
2024.12.13	00:41:03.392	0.57638				2
2024.12.13	00:41:27.878		0.57692			4
2024.12.13	00:41:38.989	0.57643				2
2024.12.13	00:42:00.504	0.57644				2
2024.12.13	00:42:01.432	0.57643				2
2024.12.13	00:42:04.975	0.57642				2
2024.12.13	00:42:05.735	0.57641				2
2024.12.13	00:42:13.562	0.57645	0.57695			6
2024.12.13	00:42:13.874	0.57641				2
2024.12.13	00:42:17.142	0.57642				2
2024.12.13	00:42:20.578	0.57643				2
2024.12.13	00:42:22.254	0.57642				2
2024.12.13	00:42:24.792	0.57643				2
2024.12.13	00:42:34.389	0.57647				2
2024.12.13	00:42:58.785		0.57693			4
2024.12.13	00:43:00.379	0.57647				2
2024.12.13	00:43:08.464		0.57696			4
2024.12.13	00:43:19.256		0.57694			4
2024.12.13	00:43:22.367		0.57697			4
2024.12.13	00:43:33.562	0.57645				2
2024.12.13	00:43:56.993	0.57646				2
2024.12.13	00:44:00.336	0.57648	0.57698			6
2024.12.13	00:44:01.584	0.57649				2
2024.12.13	00:44:02.412	0.57651				2
2024.12.13	00:44:02.913	0.57649				2
2024.12.13	00:44:04.381		0.57702			4
2024.12.13	00:44:04.739	0.57648				2
2024.12.13	00:44:05.172	0.57651				2
2024.12.13	00:44:05.485	0.57648				2
2024.12.13	00:44:07.948	0.57651				2
2024.12.13	00:44:08.470	0.57648				2
2024.12.13	00:44:10.647	0.57652				2
2024.12.13	00:44:19.453		0.57701			4
2024.12.13	00:44:25.769		0.57702			4
2024.12.13	00:44:30.399	0.57649				2
2024.12.13	00:44:30.712	0.57652				2
2024.12.13	00:44:31.991		0.57699			4
2024.12.13	00:44:39.605		0.57698			4
2024.12.13	00:44:41.549		0.57699			4
2024.12.13	00:44:56.741		0.57700			4
2024.12.13	00:44:57.812		0.57702			4
2024.12.13	00:44:59.114		0.57701			4
2024.12.13	00:45:00.480	0.57652	0.57702			6
2024.12.13	00:45:01.967		0.57704			4
2024.12.13	00:45:04.104		0.57702			4
2024.12.13	00:45:05.009		0.57703			4
2024.12.13	00:45:05.540	0.57653				2
2024.12.13	00:45:05.847	0.57652	0.57704			6
2024.12.13	00:45:08.009	0.57667	0.57690			6
2024.12.13	00:45:11.302		0.57688			4
2024.12.13	00:45:11.951	0.57666	0.57687			6
2024.12.13	00:45:21.404	0.57665				2
2024.12.13	00:45:22.249	0.57666	0.57688			6
2024.12.13	00:45:24.848		0.57689			4
2024.12.13	00:45:26.784	0.57665	0.57688			6
2024.12.13	00:45:27.612		0.57687			4
2024.12.13	00:45:29.304	0.57666				2
2024.12.13	00:45:37.967		0.57686			4
2024.12.13	00:45:42.582		0.57687			4
2024.12.13	00:45:46.816		0.57688			4
2024.12.13	00:45:54.327	0.57667				2
2024.12.13	00:45:57.631		0.57689			4
2024.12.13	00:45:58.390	0.57666	0.57688			6
2024.12.13	00:46:01.153	0.57666				2
2024.12.13	00:46:07.069		0.57689			4
2024.12.13	00:46:09.232	0.57674	0.57699			6
2024.12.13	00:46:12.645	0.57673	0.57698			6
2024.12.13	00:46:13.175		0.57699			4
2024.12.13	00:46:28.592	0.57672				2
2024.12.13	00:46:30.472		0.57695			4
2024.12.13	00:46:30.790	0.57673				2
2024.12.13	00:46:33.136	0.57674				2
2024.12.13	00:46:35.337	0.57675	0.57696			6
2024.12.13	00:46:39.301	0.57673	0.57694			6
2024.12.13	00:46:40.138	0.57670	0.57691			6
2024.12.13	00:46:41.741		0.57690			4
2024.12.13	00:46:42.225		0.57689			4
2024.12.13	00:46:42.553	0.57669				2
2024.12.13	00:46:44.712	0.57668				2
2024.12.13	00:46:45.692		0.57688			4
2024.12.13	00:46:48.686		0.57689			4
2024.12.13	00:47:01.173	0.57664				2
2024.12.13	00:47:02.126	0.57663	0.57700			6
2024.12.13	00:47:03.656	0.57662	0.57699			6
2024.12.13	00:47:03.959	0.57665	0.57689			6
2024.12.13	00:47:13.043	0.57664				2
2024.12.13	00:47:14.387		0.57688			4
2024.12.13	00:47:17.107		0.57687			4
2024.12.13	00:47:22.575	0.57663				2
2024.12.13	00:47:29.433	0.57664	0.57688			6
2024.12.13	00:47:29.750	0.57663	0.57687			6
2024.12.13	00:47:45.139	0.57662				2
2024.12.13	00:47:57.459	0.57663				2
2024.12.13	00:48:01.399	0.57665				2
2024.12.13	00:48:21.467		0.57688			4
2024.12.13	00:48:29.751		0.57687			4
2024.12.13	00:48:39.912	0.57663	0.57688			6
2024.12.13	00:48:42.090		0.57687			4
2024.12.13	00:48:53.434	0.57665				2
2024.12.13	00:48:59.267		0.57688			4
2024.12.13	00:49:00.683	0.57665	0.57689			6
2024.12.13	00:49:08.548		0.57690			4
2024.12.13	00:49:11.561		0.57687			4
2024.12.13	00:49:13.620		0.57688			4
2024.12.13	00:49:13.926		0.57689			4
2024.12.13	00:49:15.771		0.57690			4
2024.12.13	00:49:22.310		0.57691			4
2024.12.13	00:49:34.923	0.57664				2
2024.12.13	00:49:39.317	0.57667	0.57692			6
2024.12.13	00:49:43.966		0.57693			4
2024.12.13	00:49:56.960	0.57668				2
2024.12.13	00:49:57.488		0.57690			4
2024.12.13	00:50:00.681	0.57668				2
2024.12.13	00:50:03.728	0.57666	0.57689			6
2024.12.13	00:50:04.198	0.57667				2
2024.12.13	00:50:04.670		0.57691			4
2024.12.13	00:50:05.023	0.57666				2
2024.12.13	00:50:05.328	0.57668	0.57692			6
2024.12.13	00:50:05.656	0.57667				2
2024.12.13	00:50:11.002		0.57690			4
2024.12.13	00:50:14.753	0.57666	0.57692			6
2024.12.13	00:50:24.220		0.57690			4
2024.12.13	00:50:26.101		0.57692			4
2024.12.13	00:50:32.759		0.57693			4
2024.12.13	00:50:41.269	0.57667	0.57694			6
2024.12.13	00:50:51.492	0.57669	0.57697			6
2024.12.13	00:51:00.435	0.57669				2
2024.12.13	00:51:21.769		0.57696			4
2024.12.13	00:51:28.668	0.57670				2
2024.12.13	00:51:29.318		0.57694			4
2024.12.13	00:51:30.788		0.57693			4
2024.12.13	00:51:31.735		0.57692			4
2024.12.13	00:51:32.337		0.57693			4
2024.12.13	00:51:32.651		0.57692			4
2024.12.13	00:51:37.071		0.57691			4
2024.12.13	00:51:40.649		0.57690			4
2024.12.13	00:51:41.087		0.57692			4
2024.12.13	00:51:43.931	0.57668	0.57690			6
2024.12.13	00:51:44.767	0.57671	0.57692			6
2024.12.13	00:51:46.235	0.57669				2
2024.12.13	00:51:51.573		0.57691			4
2024.12.13	00:51:55.185	0.57670	0.57692			6
2024.12.13	00:51:58.444		0.57691			4
2024.12.13	00:52:00.737	0.57668	0.57692			6
2024.12.13	00:52:03.009	0.57670	0.57691			6
2024.12.13	00:52:13.657	0.57668	0.57690			6
2024.12.13	00:52:13.976		0.57691			4
2024.12.13	00:52:19.112		0.57692			4
2024.12.13	00:52:22.217	0.57669				2
2024.12.13	00:52:23.205		0.57693			4
2024.12.13	00:52:23.591		0.57692			4
2024.12.13	00:52:27.763		0.57695			4
2024.12.13	00:52:29.496	0.57668				2
2024.12.13	00:52:37.971		0.57692			4
2024.12.13	00:52:38.343		0.57691			4
2024.12.13	00:52:46.434		0.57690			4
2024.12.13	00:52:59.577	0.57667				2
2024.12.13	00:53:01.034	0.57667				2
2024.12.13	00:53:01.635	0.57668	0.57691			6
2024.12.13	00:53:05.271		0.57690			4
2024.12.13	00:53:17.342		0.57689			4
2024.12.13	00:53:17.758		0.57696			4
2024.12.13	00:53:19.369	0.57667				2
2024.12.13	00:53:20.601	0.57669	0.57695			6
2024.12.13	00:53:22.846		0.57696			4
2024.12.13	00:53:23.591	0.57670				2
2024.12.13	00:53:27.513		0.57692			4
2024.12.13	00:53:27.846	0.57669				2
2024.12.13	00:53:30.165		0.57689			4
2024.12.13	00:53:30.466	0.57668	0.57690			6
2024.12.13	00:53:32.904	0.57665				2
2024.12.13	00:53:42.909	0.57668				2
2024.12.13	00:53:57.401		0.57691			4
2024.12.13	00:54:00.612	0.57668				2
2024.12.13	00:54:05.763		0.57696			4
2024.12.13	00:54:07.542	0.57667				2
2024.12.13	00:54:07.932	0.57668				2
2024.12.13	00:54:11.570		0.57695			4
2024.12.13	00:54:13.162		0.57694			4
2024.12.13	00:54:13.973		0.57690			4
2024.12.13	00:54:15.329		0.57689			4
2024.12.13	00:54:23.404		0.57695			4
2024.12.13	00:54:23.704	0.57667	0.57696			6
2024.12.13	00:54:24.586	0.57668				2
2024.12.13	00:54:27.483		0.57691			4
2024.12.13	00:54:31.874		0.57692			4
2024.12.13	00:54:34.441		0.57691			4
2024.12.13	00:54:44.037		0.57692			4
2024.12.13	00:54:44.845	0.57667	0.57689			6
2024.12.13	00:54:46.110		0.57692			4
2024.12.13	00:55:02.271	0.57667				2
2024.12.13	00:55:03.581	0.57658	0.57681			6
2024.12.13	00:55:03.885	0.57656				2
2024.12.13	00:55:04.381		0.57680			4
2024.12.13	00:55:04.812		0.57679			4
2024.12.13	00:55:05.240	0.57655				2
2024.12.13	00:55:07.642	0.57657	0.57680			6
2024.12.13	00:55:14.158	0.57652	0.57677			6
2024.12.13	00:55:17.276	0.57651				2
2024.12.13	00:55:18.009	0.57652	0.57678			6
2024.12.13	00:55:19.481		0.57677			4
2024.12.13	00:55:21.117	0.57650	0.57676			6
2024.12.13	00:55:22.570	0.57665	0.57680			6
2024.12.13	00:55:23.097	0.57670				2
2024.12.13	00:55:23.697	0.57668				2
2024.12.13	00:55:25.396	0.57664	0.57688			6
2024.12.13	00:55:26.629		0.57689			4
2024.12.13	00:55:27.672	0.57661	0.57685			6
2024.12.13	00:55:28.293	0.57658	0.57684			6
2024.12.13	00:55:28.606	0.57657	0.57682			6
2024.12.13	00:55:29.691		0.57681			4
2024.12.13	00:55:34.313	0.57656	0.57680			6
2024.12.13	00:55:34.841	0.57651	0.57675			6
2024.12.13	00:55:36.115		0.57674			4
2024.12.13	00:55:39.366	0.57647	0.57670			6
2024.12.13	00:55:40.941	0.57653	0.57679			6
2024.12.13	00:55:42.319	0.57655				2
2024.12.13	00:55:46.076	0.57654	0.57680			6
2024.12.13	00:55:47.575	0.57655	0.57679			6
2024.12.13	00:55:51.647	0.57656	0.57683			6
2024.12.13	00:55:51.957	0.57655	0.57682			6
2024.12.13	00:55:53.865	0.57656	0.57683			6
2024.12.13	00:55:55.851	0.57657				2
2024.12.13	00:55:58.290	0.57655	0.57681			6
2024.12.13	00:56:01.818	0.57656	0.57682			6
2024.12.13	00:56:02.348	0.57655				2
2024.12.13	00:56:03.755	0.57654	0.57679			6
2024.12.13	00:56:04.623	0.57653	0.57678			6
2024.12.13	00:56:05.945		0.57676			4
2024.12.13	00:56:07.360		0.57677			4
2024.12.13	00:56:13.554		0.57676			4
2024.12.13	00:56:13.857		0.57677			4
2024.12.13	00:56:16.380		0.57676			4
2024.12.13	00:56:24.160	0.57652				2
2024.12.13	00:56:25.735	0.57651				2
2024.12.13	00:56:26.473	0.57652				2
2024.12.13	00:56:29.276		0.57675			4
2024.12.13	00:56:30.767	0.57651				2
2024.12.13	00:56:31.162	0.57652				2
2024.12.13	00:56:39.567	0.57651				2
2024.12.13	00:56:48.937	0.57652				2
2024.12.13	00:56:57.348	0.57651	0.57676			6
2024.12.13	00:56:58.767	0.57652				2
2024.12.13	00:57:00.190	0.57652				2
2024.12.13	00:57:12.925	0.57651				2
2024.12.13	00:57:32.184	0.57650				2
2024.12.13	00:57:44.680	0.57652	0.57678			6
2024.12.13	00:57:44.997		0.57679			4
2024.12.13	00:57:47.958	0.57653				2
2024.12.13	00:57:54.651		0.57680			4
2024.12.13	00:57:58.882	0.57654				2
2024.12.13	00:58:01.293	0.57654				2
2024.12.13	00:58:04.207	0.57652	0.57678			6
2024.12.13	00:58:04.658	0.57654	0.57680			6
2024.12.13	00:58:05.180	0.57651	0.57677			6
2024.12.13	00:58:05.566	0.57652	0.57678			6
2024.12.13	00:58:07.697	0.57651				2
2024.12.13	00:58:14.936	0.57652				2
2024.12.13	00:58:19.687	0.57650	0.57677			6
2024.12.13	00:58:30.103		0.57676			4
2024.12.13	00:58:30.425		0.57677			4
2024.12.13	00:58:32.120		0.57675			4
2024.12.13	00:58:33.766		0.57674			4
2024.12.13	00:58:38.300		0.57673			4
2024.12.13	00:58:40.984		0.57672			4
2024.12.13	00:58:47.850		0.57675			4
2024.12.13	00:58:55.554		0.57674			4
2024.12.13	00:58:57.608	0.57647	0.57673			6
2024.12.13	00:58:57.942		0.57675			4
2024.12.13	00:58:58.675		0.57674			4
2024.12.13	00:59:00.771	0.57647				2
2024.12.13	00:59:12.128	0.57646	0.57673			6
2024.12.13	00:59:12.467		0.57674			4
2024.12.13	00:59:13.230	0.57647	0.57673			6
2024.12.13	00:59:16.925		0.57671			4
2024.12.13	00:59:17.291		0.57672			4
2024.12.13	00:59:17.594		0.57670			4
2024.12.13	00:59:21.693	0.57639	0.57658			6
2024.12.13	00:59:22.003	0.57637	0.57655			6
2024.12.13	00:59:23.136	0.57636				2
2024.12.13	00:59:23.776	0.57635				2
2024.12.13	00:59:25.256	0.57633	0.57650			6
2024.12.13	00:59:25.588	0.57632	0.57649			6
2024.12.13	00:59:25.905	0.57630				2
2024.12.13	00:59:26.207	0.57629	0.57646			6
2024.12.13	00:59:27.034	0.57628				2
2024.12.13	00:59:27.379	0.57629				2
2024.12.13	00:59:27.680	0.57628				2
2024.12.13	00:59:28.752	0.57624				2
2024.12.13	00:59:30.624	0.57625				2
2024.12.13	00:59:32.222	0.57623				2
2024.12.13	00:59:34.097	0.57625				2
2024.12.13	00:59:35.220	0.57623				2
2024.12.13	00:59:35.615	0.57624				2
2024.12.13	00:59:35.923	0.57625	0.57645			6
2024.12.13	00:59:36.241	0.57626	0.57650			6
2024.12.13	00:59:36.543	0.57623	0.57645			6
2024.12.13	00:59:41.878	0.57624				2
2024.12.13	00:59:42.888	0.57622				2
2024.12.13	00:59:44.577	0.57624				2
2024.12.13	00:59:47.828	0.57623	0.57649			6
2024.12.13	00:59:48.139	0.57624				2
2024.12.13	00:59:48.973	0.57625				2
2024.12.13	00:59:51.073	0.57624				2
2024.12.13	00:59:51.928	0.57623				2
2024.12.13	00:59:52.714		0.57650			4
2024.12.13	00:59:53.504	0.57624	0.57651			6
2024.12.13	00:59:54.445	0.57625	0.57647			6
2024.12.13	00:59:54.745		0.57651			4
2024.12.13	00:59:55.061		0.57646			4
2024.12.13	00:59:55.373	0.57623				2
2024.12.13	00:59:55.677	0.57621	0.57645			6
2024.12.13	00:59:56.270	0.57624	0.57650			6
2024.12.13	00:59:56.574	0.57626				2
2024.12.13	00:59:56.886	0.57623				2
2024.12.13	00:59:57.454	0.57625				2
2024.12.13	00:59:58.204	0.57624	0.57645			6
2024.12.13	00:59:58.537	0.57626	0.57650			6
2024.12.13	00:59:58.842		0.57645			4
2024.12.13	00:59:59.161	0.57622				2
2024.12.13	00:59:59.493	0.57623				2
2024.12.13	00:59:59.897	0.57624				2
2024.12.13	01:00:00.203	0.57626	0.57636			6
2024.12.13	01:00:00.509		0.57632			4
2024.12.13	01:00:00.847	0.57625				2
2024.12.13	01:00:01.163	0.57627				2
2024.12.13	01:00:01.540	0.57628				2
2024.12.13	01:00:01.909	0.57627	0.57635			6
2024.12.13	01:00:02.229		0.57634			4
2024.12.13	01:00:02.552	0.57620	0.57656			6
2024.12.13	01:00:02.856	0.57621	0.57657			6
2024.12.13	01:00:03.759	0.57620	0.57656			6
2024.12.13	01:00:04.364	0.57626	0.57634			6
2024.12.13	01:00:04.796	0.57628				2
2024.12.13	01:00:05.191	0.57630				2
2024.12.13	01:00:05.541	0.57633	0.57636			6
2024.12.13	01:00:06.149	0.57630	0.57641			6
2024.12.13	01:00:06.467	0.57632				2
2024.12.13	01:00:06.783	0.57634	0.57644			6
2024.12.13	01:00:07.085	0.57633				2
2024.12.13	01:00:07.387	0.57629				2
2024.12.13	01:00:07.691	0.57630	0.57639			6
2024.12.13	01:00:10.413	0.57631	0.57640			6
2024.12.13	01:00:18.269	0.57635	0.57644			6
2024.12.13	01:00:27.084	0.57630	0.57639			6
2024.12.13	01:00:40.101	0.57632	0.57637			6
2024.12.13	01:00:46.781	0.57633	0.57638			6
2024.12.13	01:01:00.100	0.57633				2
2024.12.13	01:01:02.519	0.57639	0.57644			6
2024.12.13	01:01:05.541	0.57638	0.57643			6
2024.12.13	01:01:11.587	0.57640	0.57644			6
2024.12.13	01:01:28.515	0.57639	0.57643			6
2024.12.13	01:01:28.817	0.57637	0.57642			6
2024.12.13	01:01:39.098	0.57639	0.57644			6
2024.12.13	01:01:46.351	0.57638	0.57641			6
2024.12.13	01:01:49.074		0.57640			4
2024.12.13	01:01:49.376	0.57633	0.57638			6
2024.12.13	01:01:51.218	0.57634	0.57639			6
2024.12.13	01:01:52.446	0.57633	0.57638			6
2024.12.13	01:02:00.004	0.57633				2
2024.12.13	01:02:39.128	0.57634				2
2024.12.13	01:02:41.245	0.57631	0.57634			6
2024.12.13	01:02:41.547	0.57629	0.57633			6
2024.12.13	01:02:42.151	0.57628				2
2024.12.13	01:02:45.778	0.57629	0.57634			6
2024.12.13	01:02:52.428	0.57628	0.57633			6
2024.12.13	01:02:59.532	0.57627	0.57632			6
2024.12.13	01:03:00.135	0.57627				2
2024.12.13	01:03:04.671	0.57626	0.57631			6
2024.12.13	01:03:10.109	0.57627	0.57632			6
2024.12.13	01:03:13.132	0.57628	0.57633			6
2024.12.13	01:03:15.250	0.57629				2
2024.12.13	01:03:31.895	0.57628	0.57632			6
2024.12.13	01:03:32.829		0.57631			4
2024.12.13	01:03:33.133	0.57623	0.57628			6
2024.12.13	01:03:40.185	0.57624				2
2024.12.13	01:03:43.207	0.57626	0.57631			6
2024.12.13	01:03:45.627	0.57623	0.57628			6
2024.12.13	01:04:00.186	0.57623				2
2024.12.13	01:04:01.394	0.57624				2
2024.12.13	01:04:02.301	0.57623	0.57627			6
2024.12.13	01:04:05.630	0.57624	0.57628			6
2024.12.13	01:04:15.348		0.57625			4
2024.12.13	01:04:15.660	0.57618	0.57622			6
2024.12.13	01:04:15.975	0.57619	0.57623			6
2024.12.13	01:04:16.278	0.57618				2
2024.12.13	01:04:26.083	0.57619	0.57624			6
2024.12.13	01:04:39.685	0.57620	0.57625			6
2024.12.13	01:04:43.011	0.57621				2
2024.12.13	01:04:43.312	0.57622				2
2024.12.13	01:04:45.126		0.57626			4
2024.12.13	01:04:48.172	0.57624	0.57628			6
2024.12.13	01:04:49.126	0.57623				2
2024.12.13	01:04:50.366	0.57624				2
2024.12.13	01:04:51.576	0.57623	0.57627			6
2024.12.13	01:05:00.038	0.57623				2
2024.12.13	01:05:05.480	0.57624	0.57628			6
2024.12.13	01:05:09.407	0.57625	0.57629			6
2024.12.13	01:05:09.713	0.57626				2
2024.12.13	01:05:11.573	0.57625				2
2024.12.13	01:05:20.390	0.57630	0.57634			6
2024.12.13	01:05:21.297	0.57632	0.57636			6
2024.12.13	01:05:22.256	0.57631				2
2024.12.13	01:05:23.513	0.57633	0.57638			6
2024.12.13	01:05:24.422	0.57636	0.57639			6
2024.12.13	01:05:24.724		0.57640			4
2024.12.13	01:05:25.520		0.57641			4
2024.12.13	01:05:34.648	0.57637				2
2024.12.13	01:05:36.158	0.57636				2
2024.12.13	01:05:37.065	0.57635	0.57640			6
2024.12.13	01:05:41.296	0.57636	0.57641			6
2024.12.13	01:05:43.111	0.57635	0.57640			6
2024.12.13	01:05:43.412	0.57638	0.57643			6
2024.12.13	01:05:44.922	0.57637	0.57642			6
2024.12.13	01:05:45.224	0.57638	0.57643			6
2024.12.13	01:05:56.104	0.57637	0.57642			6
2024.12.13	01:05:56.407	0.57642	0.57647			6
2024.12.13	01:06:00.084	0.57642				2
2024.12.13	01:06:01.596	0.57647	0.57652			6
2024.12.13	01:06:05.526	0.57648	0.57653			6
2024.12.13	01:06:06.432	0.57647	0.57652			6
2024.12.13	01:06:17.361	0.57646	0.57651			6
2024.12.13	01:06:18.570	0.57644	0.57649			6
2024.12.13	01:06:38.019	0.57649	0.57654			6
2024.12.13	01:06:44.715	0.57652	0.57657			6
2024.12.13	01:06:46.832	0.57654	0.57658			6
2024.12.13	01:06:47.133		0.57659			4
2024.12.13	01:06:47.737	0.57652	0.57657			6
2024.12.13	01:07:00.131	0.57652				2
2024.12.13	01:07:00.734	0.57653	0.57658			6
2024.12.13	01:07:03.759	0.57655	0.57660			6
2024.12.13	01:07:05.267	0.57657	0.57662			6
2024.12.13	01:07:09.501	0.57655	0.57660			6
2024.12.13	01:07:11.919		0.57658			4
2024.12.13	01:07:32.521		0.57657			4
2024.12.13	01:07:33.176		0.57659			4
2024.12.13	01:07:43.149	0.57656				2
2024.12.13	01:07:48.894	0.57655				2
2024.12.13	01:07:49.196		0.57657			4
2024.12.13	01:08:00.077	0.57655				2
2024.12.13	01:08:01.590		0.57659			4
2024.12.13	01:08:05.271	0.57654	0.57657			6
2024.12.13	01:08:05.876	0.57655				2
2024.12.13	01:08:06.781	0.57654				2
2024.12.13	01:08:27.989	0.57655	0.57658			6
2024.12.13	01:08:28.292		0.57659			4
2024.12.13	01:08:36.199	0.57656				2
2024.12.13	01:08:37.108	0.57655				2
2024.12.13	01:08:43.453	0.57656				2
2024.12.13	01:08:48.942	0.57658	0.57660			6
2024.12.13	01:08:49.248	0.57661	0.57665			6
2024.12.13	01:08:54.130	0.57662				2
2024.12.13	01:09:00.175	0.57662	0.57666			6
2024.12.13	01:09:00.478	0.57663	0.57667			6
2024.12.13	01:09:05.920	0.57662	0.57666			6
2024.12.13	01:09:31.110		0.57664			4
2024.12.13	01:09:31.412	0.57658	0.57662			6
2024.12.13	01:09:31.714	0.57657	0.57661			6
2024.12.13	01:09:36.397	0.57654	0.57658			6
2024.12.13	01:09:37.304	0.57653				2
2024.12.13	01:09:38.216	0.57650	0.57655			6
2024.12.13	01:09:47.933	0.57652	0.57656			6
2024.12.13	01:09:48.236	0.57654	0.57659			6
2024.12.13	01:09:52.468	0.57657	0.57662			6
2024.12.13	01:09:52.770	0.57659	0.57664			6
2024.12.13	01:10:00.022	0.57659				2
2024.12.13	01:10:00.328	0.57658	0.57663			6
2024.12.13	01:10:05.515	0.57657	0.57662			6
2024.12.13	01:10:05.817	0.57656	0.57661			6
2024.12.13	01:10:06.120	0.57659	0.57664			6
2024.12.13	01:10:10.653	0.57660	0.57665			6
2024.12.13	01:10:11.561	0.57661	0.57666			6
2024.12.13	01:10:13.072	0.57665	0.57670			6
2024.12.13	01:10:16.145	0.57666	0.57671			6
2024.12.13	01:10:18.866	0.57665	0.57670			6
2024.12.13	01:10:20.981	0.57667	0.57672			6
2024.12.13	01:10:23.096	0.57668	0.57673			6
2024.12.13	01:10:23.400	0.57669	0.57674			6
2024.12.13	01:10:25.562	0.57668	0.57673			6
2024.12.13	01:10:30.449	0.57669	0.57674			6
2024.12.13	01:10:34.131	0.57670	0.57675			6
2024.12.13	01:10:40.781	0.57673	0.57676			6
2024.12.13	01:10:44.154		0.57677			4
2024.12.13	01:10:44.758		0.57676			4
2024.12.13	01:10:46.271		0.57677			4
2024.12.13	01:10:53.271	0.57672	0.57674			6
2024.12.13	01:10:53.576	0.57666	0.57671			6
2024.12.13	01:10:54.230	0.57665				2
2024.12.13	01:10:55.740		0.57669			4
2024.12.13	01:11:00.468	0.57665				2
2024.12.13	01:11:06.756	0.57663	0.57668			6
2024.12.13	01:11:11.659	0.57665	0.57669			6
2024.12.13	01:11:13.118		0.57668			4
2024.12.13	01:11:13.423		0.57669			4
2024.12.13	01:11:14.064	0.57664	0.57668			6
2024.12.13	01:11:36.749	0.57665	0.57670			6
2024.12.13	01:11:37.054	0.57668				2
2024.12.13	01:11:56.821	0.57664	0.57668			6
2024.12.13	01:11:58.665		0.57667			4
2024.12.13	01:11:58.969		0.57668			4
2024.12.13	01:12:00.225	0.57664				2
2024.12.13	01:12:11.109	0.57666	0.57670			6
2024.12.13	01:12:14.415		0.57669			4
2024.12.13	01:12:21.104	0.57665				2
2024.12.13	01:12:21.708	0.57666				2
2024.12.13	01:12:29.265	0.57665				2
2024.12.13	01:12:29.569	0.57666				2
2024.12.13	01:12:34.735		0.57668			4
2024.12.13	01:12:37.264	0.57665				2
2024.12.13	01:13:01.266	0.57665				2
2024.12.13	01:13:09.268	0.57664				2
2024.12.13	01:13:18.420		0.57667			4
2024.12.13	01:13:25.071	0.57663	0.57666			6
2024.12.13	01:13:27.486	0.57664	0.57667			6
2024.12.13	01:13:36.878	0.57663	0.57666			6
2024.12.13	01:13:42.622	0.57664	0.57667			6
2024.12.13	01:13:50.482	0.57663	0.57666			6
2024.12.13	01:14:00.155	0.57663				2
2024.12.13	01:14:17.784	0.57664				2
2024.12.13	01:14:25.263	0.57663				2
2024.12.13	01:14:27.878	0.57664				2
2024.12.13	01:14:28.850	0.57663				2
2024.12.13	01:14:46.384	0.57660	0.57663			6
2024.12.13	01:14:46.685	0.57657	0.57660			6
2024.12.13	01:14:47.292	0.57654	0.57659			6
2024.12.13	01:14:49.711	0.57655	0.57660			6
2024.12.13	01:14:56.056	0.57654	0.57659			6
2024.12.13	01:14:59.986	0.57652	0.57657			6
2024.12.13	01:15:00.290	0.57652				2
2024.12.13	01:15:04.825	0.57653				2
2024.12.13	01:15:06.336	0.57657	0.57662			6
2024.12.13	01:15:06.645	0.57658				2
2024.12.13	01:15:06.993		0.57663			4
2024.12.13	01:15:11.978	0.57654	0.57658			6
2024.12.13	01:15:12.282	0.57657	0.57662			6
2024.12.13	01:15:19.939	0.57656	0.57661			6
2024.12.13	01:15:22.056	0.57655	0.57660			6
2024.12.13	01:15:22.406	0.57654	0.57659			6
2024.12.13	01:15:27.544	0.57655	0.57660			6
2024.12.13	01:15:40.344	0.57656	0.57661			6
2024.12.13	01:15:47.642	0.57658	0.57662			6
2024.12.13	01:15:55.198	0.57656	0.57661			6
2024.12.13	01:16:00.133	0.57656				2
2024.12.13	01:16:10.716	0.57657				2
2024.12.13	01:16:26.484	0.57658	0.57663			6
2024.12.13	01:16:36.255	0.57659				2
2024.12.13	01:16:43.812	0.57658	0.57662			6
2024.12.13	01:16:44.114	0.57657	0.57661			6
2024.12.13	01:16:49.556	0.57658	0.57662			6
2024.12.13	01:16:51.369		0.57663			4
2024.12.13	01:16:51.672	0.57659				2
2024.12.13	01:16:59.227	0.57660				2
2024.12.13	01:17:00.133	0.57660				2
2024.12.13	01:17:06.186	0.57664	0.57669			6
2024.12.13	01:17:08.647	0.57663	0.57668			6
2024.12.13	01:17:08.948		0.57667			4
2024.12.13	01:17:09.253	0.57659	0.57665			6
2024.12.13	01:17:09.559	0.57666	0.57671			6
2024.12.13	01:17:10.209		0.57672			4
2024.12.13	01:17:14.669	0.57667				2
2024.12.13	01:17:15.598		0.57673			4
2024.12.13	01:17:15.902	0.57668				2
2024.12.13	01:17:22.067	0.57667				2
2024.12.13	01:17:22.377	0.57668				2
2024.12.13	01:17:22.704	0.57667				2
2024.12.13	01:17:25.378	0.57668				2
2024.12.13	01:17:26.027	0.57667				2
2024.12.13	01:17:26.347	0.57668				2
2024.12.13	01:17:35.146	0.57667				2
2024.12.13	01:17:47.391		0.57672			4
2024.12.13	01:17:47.996	0.57668	0.57673			6
2024.12.13	01:17:58.762	0.57669	0.57674			6
2024.12.13	01:17:59.987	0.57670	0.57675			6
2024.12.13	01:18:00.289	0.57669	0.57674			6
2024.12.13	01:18:01.196	0.57668	0.57673			6
2024.12.13	01:18:03.312	0.57669	0.57674			6
2024.12.13	01:18:24.826	0.57672	0.57677			6
2024.12.13	01:18:25.130	0.57673	0.57678			6
2024.12.13	01:18:27.832	0.57678	0.57684			6
2024.12.13	01:18:28.156	0.57679	0.57685			6
2024.12.13	01:18:29.857	0.57680				2
2024.12.13	01:18:30.472	0.57679				2
2024.12.13	01:18:35.552	0.57677	0.57683			6
2024.12.13	01:18:38.515		0.57682			4
2024.12.13	01:18:43.977		0.57683			4
2024.12.13	01:18:47.145		0.57682			4
2024.12.13	01:18:48.060	0.57676				2
2024.12.13	01:18:50.479	0.57677				2
2024.12.13	01:18:51.082	0.57686	0.57692			6
2024.12.13	01:18:53.198	0.57685	0.57691			6
2024.12.13	01:18:53.501	0.57686	0.57692			6
2024.12.13	01:18:56.877	0.57685	0.57690			6
2024.12.13	01:18:57.229	0.57686	0.57692			6
2024.12.13	01:19:00.252	0.57686				2
2024.12.13	01:19:02.973	0.57687	0.57693			6
2024.12.13	01:19:03.464	0.57688	0.57694			6
2024.12.13	01:19:04.079		0.57693			4
2024.12.13	01:19:07.103	0.57687				2
2024.12.13	01:19:11.001		0.57692			4
2024.12.13	01:19:17.080	0.57686				2
2024.12.13	01:19:17.384	0.57685	0.57691			6
2024.12.13	01:19:17.689	0.57684	0.57690			6
2024.12.13	01:19:18.302	0.57686	0.57692			6
2024.12.13	01:19:20.154	0.57685	0.57691			6
2024.12.13	01:19:22.571	0.57684	0.57690			6
2024.12.13	01:19:22.879	0.57685	0.57691			6
2024.12.13	01:19:26.856	0.57684	0.57690			6
2024.12.13	01:19:38.646	0.57685	0.57691			6
2024.12.13	01:19:45.647		0.57690			4
2024.12.13	01:19:46.255		0.57691			4
2024.12.13	01:19:51.138	0.57686	0.57692			6
2024.12.13	01:19:57.185	0.57685	0.57691			6
2024.12.13	01:20:00.257	0.57685	0.57690			6
2024.12.13	01:20:00.861		0.57691			4
2024.12.13	01:20:05.698	0.57683	0.57689			6
2024.12.13	01:20:06.002	0.57679	0.57685			6
2024.12.13	01:20:07.612	0.57678	0.57684			6
2024.12.13	01:20:11.428	0.57683	0.57688			6
2024.12.13	01:20:11.747		0.57689			4
2024.12.13	01:20:13.628	0.57680	0.57685			6
2024.12.13	01:20:14.265	0.57681	0.57687			6
2024.12.13	01:20:14.573	0.57680	0.57686			6
2024.12.13	01:20:15.523	0.57683	0.57689			6
2024.12.13	01:20:16.322	0.57687				2
2024.12.13	01:20:16.624		0.57693			4
2024.12.13	01:20:26.001	0.57685	0.57690			6
2024.12.13	01:20:26.306		0.57691			4
2024.12.13	01:20:28.721	0.57687	0.57692			6
2024.12.13	01:20:29.326		0.57693			4
2024.12.13	01:20:30.882	0.57686	0.57692			6
2024.12.13	01:20:31.796	0.57688	0.57694			6
2024.12.13	01:20:44.844	0.57692				2
2024.12.13	01:20:45.149	0.57693	0.57698			6
2024.12.13	01:20:46.407	0.57694				2
2024.12.13	01:20:49.127	0.57687	0.57692			6
2024.12.13	01:20:49.430	0.57686				2
2024.12.13	01:20:53.013	0.57687				2
2024.12.13	01:20:57.643	0.57686	0.57691			6
2024.12.13	01:21:00.160	0.57686				2
2024.12.13	01:21:01.369	0.57690	0.57695			6
2024.12.13	01:21:02.275		0.57692			4
2024.12.13	01:21:04.340	0.57689				2
2024.12.13	01:21:05.247	0.57690	0.57696			6
2024.12.13	01:21:09.530	0.57689	0.57695			6
2024.12.13	01:21:16.182	0.57690	0.57696			6
2024.12.13	01:21:18.649	0.57689	0.57695			6
2024.12.13	01:21:27.467	0.57690				2
2024.12.13	01:21:35.979	0.57689	0.57690			6
2024.12.13	01:21:36.286	0.57682	0.57687			6
2024.12.13	01:21:36.586	0.57681				2
2024.12.13	01:21:36.888	0.57680	0.57686			6
2024.12.13	01:21:39.607	0.57681				2
2024.12.13	01:21:39.910		0.57687			4
2024.12.13	01:21:40.214	0.57680	0.57686			6
2024.12.13	01:21:48.179	0.57683	0.57688			6
2024.12.13	01:21:48.526	0.57682				2
2024.12.13	01:21:50.642	0.57681	0.57687			6
2024.12.13	01:21:53.663	0.57682	0.57688			6
2024.12.13	01:21:58.500	0.57681	0.57686			6
2024.12.13	01:21:59.760		0.57687			4
2024.12.13	01:22:00.062	0.57681				2
2024.12.13	01:22:06.349		0.57686			4
2024.12.13	01:22:06.661		0.57687			4
2024.12.13	01:22:08.776	0.57680	0.57686			6
2024.12.13	01:22:10.591	0.57678	0.57684			6
2024.12.13	01:22:10.894	0.57679	0.57685			6
2024.12.13	01:22:16.570	0.57678	0.57684			6
2024.12.13	01:22:18.076		0.57683			4
2024.12.13	01:22:18.398		0.57684			4
2024.12.13	01:22:19.336		0.57683			4
2024.12.13	01:22:42.623	0.57682	0.57687			6
2024.12.13	01:22:43.230		0.57688			4
2024.12.13	01:22:49.504	0.57683				2
2024.12.13	01:22:50.350		0.57687			4
2024.12.13	01:22:57.691	0.57682	0.57686			6
2024.12.13	01:22:57.994		0.57687			4
2024.12.13	01:23:00.109	0.57682	0.57686			6
2024.12.13	01:23:00.410	0.57681				2
2024.12.13	01:23:00.712	0.57680	0.57685			6
2024.12.13	01:23:01.015	0.57682	0.57686			6
2024.12.13	01:23:01.316	0.57681				2
2024.12.13	01:23:03.436	0.57680	0.57685			6
2024.12.13	01:23:07.715		0.57684			4
2024.12.13	01:23:10.134	0.57679				2
2024.12.13	01:23:14.366	0.57680				2
2024.12.13	01:23:16.480	0.57679	0.57683			6
2024.12.13	01:23:33.126		0.57682			4
2024.12.13	01:23:38.010	0.57682	0.57683			6
2024.12.13	01:23:38.316	0.57684	0.57687			6
2024.12.13	01:23:39.249	0.57683	0.57688			6
2024.12.13	01:23:44.136	0.57684				2
2024.12.13	01:23:45.648	0.57681	0.57685			6
2024.12.13	01:23:46.270	0.57680				2
2024.12.13	01:23:47.814	0.57679	0.57684			6
2024.12.13	01:23:54.163	0.57680				2
2024.12.13	01:23:55.676	0.57682	0.57686			6
2024.12.13	01:23:56.279	0.57681				2
2024.12.13	01:23:58.091	0.57679	0.57684			6
2024.12.13	01:24:00.260	0.57679				2
2024.12.13	01:24:02.376	0.57680				2
2024.12.13	01:24:08.441	0.57679	0.57683			6
2024.12.13	01:24:08.742	0.57680	0.57684			6
2024.12.13	01:24:18.192	0.57681	0.57685			6
2024.12.13	01:24:19.400		0.57684			4
2024.12.13	01:24:26.054	0.57682	0.57685			6
2024.12.13	01:24:27.581	0.57685	0.57688			6
2024.12.13	01:24:28.216	0.57684	0.57687			6
2024.12.13	01:24:30.635	0.57680	0.57683			6
2024.12.13	01:24:32.147	0.57679	0.57684			6
2024.12.13	01:24:36.378	0.57680				2
2024.12.13	01:24:51.239		0.57683			4
2024.12.13	01:24:53.676	0.57678	0.57681			6
2024.12.13	01:24:55.218		0.57682			4
2024.12.13	01:24:56.125		0.57681			4
2024.12.13	01:25:00.055	0.57678				2
2024.12.13	01:25:03.682	0.57679	0.57682			6
2024.12.13	01:25:12.468	0.57678	0.57681			6
2024.12.13	01:25:19.115	0.57679				2
2024.12.13	01:25:25.461	0.57674	0.57676			6
2024.12.13	01:25:26.097	0.57673	0.57675			6
2024.12.13	01:25:26.399	0.57675	0.57677			6
2024.12.13	01:25:27.005	0.57673	0.57675			6
2024.12.13	01:25:27.306	0.57672				2
2024.12.13	01:25:31.236	0.57673	0.57676			6
2024.12.13	01:25:31.840	0.57674	0.57677			6
2024.12.13	01:25:35.772	0.57676	0.57679			6
2024.12.13	01:25:36.696	0.57677	0.57680			6
2024.12.13	01:25:37.905	0.57679	0.57681			6
2024.12.13	01:25:38.841		0.57682			4
2024.12.13	01:25:53.701	0.57678	0.57681			6
2024.12.13	01:25:54.307	0.57679				2
2024.12.13	01:25:55.231	0.57678				2
2024.12.13	01:25:56.170	0.57679				2
2024.12.13	01:25:59.796	0.57677	0.57679			6
2024.12.13	01:26:00.099	0.57676	0.57678			6
2024.12.13	01:26:01.326	0.57675				2
2024.12.13	01:26:10.126	0.57676				2
2024.12.13	01:26:12.562	0.57675	0.57677			6
2024.12.13	01:26:12.866	0.57676	0.57678			6
2024.12.13	01:26:15.589	0.57672	0.57674			6
2024.12.13	01:26:16.219	0.57671				2
2024.12.13	01:26:29.369	0.57672				2
2024.12.13	01:26:51.204	0.57671	0.57673			6
2024.12.13	01:26:52.411	0.57669	0.57671			6
2024.12.13	01:27:00.298	0.57669				2
2024.12.13	01:27:07.607	0.57674	0.57676			6
2024.12.13	01:27:08.230	0.57673				2
2024.12.13	01:27:15.010	0.57674				2
2024.12.13	01:27:22.366		0.57677			4
2024.12.13	01:27:29.366	0.57675				2
2024.12.13	01:28:00.198	0.57675				2
2024.12.13	01:28:01.405	0.57667	0.57669			6
2024.12.13	01:28:02.331		0.57670			4
2024.12.13	01:28:07.602	0.57666				2
2024.12.13	01:28:11.231		0.57669			4
2024.12.13	01:28:27.858	0.57667				2
2024.12.13	01:28:29.065	0.57670	0.57674			6
2024.12.13	01:28:30.275		0.57675			4
2024.12.13	01:28:37.833	0.57671				2
2024.12.13	01:28:38.436	0.57668	0.57673			6
2024.12.13	01:28:42.115	0.57670	0.57675			6
2024.12.13	01:28:47.215		0.57676			4
2024.12.13	01:28:48.403		0.57675			4
2024.12.13	01:28:49.017		0.57674			4
2024.12.13	01:28:49.319		0.57673			4
2024.12.13	01:28:50.226		0.57674			4
2024.12.13	01:28:52.341		0.57673			4
2024.12.13	01:28:54.810		0.57674			4
2024.12.13	01:29:00.256	0.57670				2
2024.12.13	01:29:08.719		0.57673			4
2024.12.13	01:29:16.579		0.57674			4
2024.12.13	01:29:19.602		0.57673			4
2024.12.13	01:29:19.906		0.57674			4
2024.12.13	01:29:20.207		0.57673			4
2024.12.13	01:29:25.062		0.57672			4
2024.12.13	01:29:27.480	0.57677	0.57678			6
2024.12.13	01:29:27.784	0.57678	0.57681			6
2024.12.13	01:29:28.418		0.57682			4
2024.12.13	01:29:34.312	0.57677				2
2024.12.13	01:29:37.584	0.57675	0.57681			6
2024.12.13	01:29:47.458	0.57676				2
2024.12.13	01:29:48.672	0.57677	0.57682			6
2024.12.13	01:29:53.568	0.57676	0.57681			6
2024.12.13	01:29:54.816	0.57677				2
2024.12.13	01:29:59.350		0.57682			4
2024.12.13	01:30:00.281	0.57676	0.57681			6
2024.12.13	01:30:01.064	0.57677	0.57682			6
2024.12.13	01:30:01.365	0.57678				2
2024.12.13	01:30:02.171	0.57677	0.57683			6
2024.12.13	01:30:03.989	0.57678	0.57682			6
2024.12.13	01:30:11.097	0.57677				2
2024.12.13	01:30:14.763	0.57678	0.57683			6
2024.12.13	01:30:18.393		0.57682			4
2024.12.13	01:30:19.601	0.57679	0.57683			6
2024.12.13	01:30:19.986	0.57678				2
2024.12.13	01:30:24.311		0.57682			4
2024.12.13	01:30:24.941	0.57679				2
2024.12.13	01:30:25.545	0.57678				2
2024.12.13	01:30:30.080	0.57677	0.57681			6
2024.12.13	01:30:30.386	0.57675	0.57680			6
2024.12.13	01:30:32.244	0.57674	0.57676			6
2024.12.13	01:30:32.551		0.57677			4
2024.12.13	01:30:33.202		0.57679			4
2024.12.13	01:30:34.110		0.57678			4
2024.12.13	01:30:37.485		0.57679			4
2024.12.13	01:30:37.791	0.57675				2
2024.12.13	01:30:52.044	0.57677				2
2024.12.13	01:30:52.347		0.57682			4
2024.12.13	01:30:52.652	0.57679				2
2024.12.13	01:30:53.304		0.57683			4
2024.12.13	01:30:55.800	0.57680	0.57684			6
2024.12.13	01:30:57.333	0.57681				2
2024.12.13	01:30:57.635	0.57680				2
2024.12.13	01:30:57.938	0.57678	0.57683			6
2024.12.13	01:31:00.105	0.57678				2
2024.12.13	01:31:00.405	0.57679				2
2024.12.13	01:31:10.101		0.57682			4
2024.12.13	01:31:23.101	0.57680				2
2024.12.13	01:31:24.917	0.57673	0.57675			6
2024.12.13	01:31:25.537	0.57674	0.57676			6
2024.12.13	01:31:26.152	0.57673	0.57677			6
2024.12.13	01:31:36.476		0.57676			4
2024.12.13	01:31:44.328		0.57677			4
2024.12.13	01:31:47.966	0.57674				2
2024.12.13	01:31:48.268	0.57675	0.57678			6
2024.12.13	01:31:48.620	0.57674				2
2024.12.13	01:31:50.535	0.57673	0.57677			6
2024.12.13	01:31:53.556		0.57675			4
2024.12.13	01:32:00.411	0.57672	0.57676			6
2024.12.13	01:32:09.374		0.57675			4
2024.12.13	01:32:20.560	0.57670	0.57673			6
2024.12.13	01:32:21.165	0.57671				2
2024.12.13	01:32:22.377	0.57670				2
2024.12.13	01:32:23.885	0.57672	0.57674			6
2024.12.13	01:32:25.397	0.57671				2
2024.12.13	01:32:26.303	0.57672				2
2024.12.13	01:32:32.975	0.57674	0.57676			6
2024.12.13	01:32:33.581	0.57673	0.57675			6
2024.12.13	01:32:46.931	0.57672	0.57674			6
2024.12.13	01:32:48.744	0.57671	0.57673			6
2024.12.13	01:32:57.239	0.57674	0.57676			6
2024.12.13	01:32:57.542	0.57675	0.57677			6
2024.12.13	01:33:00.007	0.57675				2
2024.12.13	01:33:22.981	0.57676	0.57678			6
2024.12.13	01:33:23.285	0.57675	0.57677			6
2024.12.13	01:33:30.235	0.57673	0.57675			6
2024.12.13	01:33:32.069	0.57674				2
2024.12.13	01:33:35.396	0.57675	0.57677			6
2024.12.13	01:33:41.743	0.57673	0.57675			6
2024.12.13	01:33:46.911	0.57674	0.57676			6
2024.12.13	01:33:47.214	0.57673	0.57675			6
2024.12.13	01:33:48.119	0.57674	0.57676			6
2024.12.13	01:33:48.421	0.57675	0.57677			6
2024.12.13	01:33:48.724	0.57674	0.57676			6
2024.12.13	01:33:52.956	0.57675	0.57677			6
2024.12.13	01:33:56.301	0.57674	0.57676			6
2024.12.13	01:34:00.229	0.57674				2
2024.12.13	01:34:38.719	0.57675	0.57677			6
2024.12.13	01:34:56.280	0.57681	0.57682			6
2024.12.13	01:34:58.396		0.57683			4
2024.12.13	01:35:00.207	0.57681				2
2024.12.13	01:35:13.812	0.57679	0.57681			6
2024.12.13	01:35:14.116	0.57680	0.57682			6
2024.12.13	01:35:30.185	0.57681	0.57683			6
2024.12.13	01:35:36.835	0.57682	0.57684			6
2024.12.13	01:35:37.139	0.57681	0.57683			6
2024.12.13	01:35:48.322	0.57685	0.57687			6
2024.12.13	01:35:49.230	0.57684				2
2024.12.13	01:35:53.457	0.57685				2
2024.12.13	01:35:53.763	0.57686	0.57688			6
2024.12.13	01:35:58.745	0.57685				2
2024.12.13	01:36:00.416	0.57686				2
2024.12.13	01:36:44.847	0.57685	0.57687			6
2024.12.13	01:36:59.050	0.57686				2
2024.12.13	01:36:59.357	0.57685				2
2024.12.13	01:37:00.008	0.57685				2
2024.12.13	01:37:02.426	0.57686	0.57688			6
2024.12.13	01:38:00.258	0.57686				2
2024.12.13	01:38:02.727		0.57688			4
2024.12.13	01:38:16.073	0.57688	0.57690			6
2024.12.13	01:38:16.380	0.57687	0.57689			6
2024.12.13	01:38:18.241	0.57688	0.57690			6
2024.12.13	01:38:18.548	0.57686	0.57688			6
2024.12.13	01:38:23.180	0.57684	0.57686			6
2024.12.13	01:38:31.342	0.57682	0.57684			6
2024.12.13	01:38:32.550	0.57679	0.57681			6
2024.12.13	01:38:32.853	0.57678	0.57680			6
2024.12.13	01:38:34.365	0.57677	0.57681			6
2024.12.13	01:38:34.967	0.57678				2
2024.12.13	01:38:38.294		0.57682			4
2024.12.13	01:38:39.804	0.57680				2
2024.12.13	01:38:40.410	0.57679	0.57683			6
2024.12.13	01:38:44.692	0.57680				2
2024.12.13	01:38:50.181		0.57682			4
2024.12.13	01:39:00.157	0.57680				2
2024.12.13	01:39:21.920	0.57679				2
2024.12.13	01:39:22.229	0.57680				2
2024.12.13	01:39:26.506	0.57679				2
2024.12.13	01:39:26.809	0.57680				2
2024.12.13	01:39:27.412	0.57682	0.57685			6
2024.12.13	01:39:28.319		0.57686			4
2024.12.13	01:39:31.090	0.57683	0.57687			6
2024.12.13	01:39:53.156		0.57686			4
2024.12.13	01:40:00.157	0.57683				2
2024.12.13	01:40:11.440	0.57682	0.57685			6
2024.12.13	01:40:17.183	0.57683	0.57686			6
2024.12.13	01:40:36.277	0.57684				2
2024.12.13	01:40:37.486	0.57683	0.57685			6
2024.12.13	01:40:42.625	0.57684	0.57686			6
2024.12.13	01:41:00.231	0.57684				2
2024.12.13	01:41:04.565	0.57683	0.57685			6
2024.12.13	01:41:08.192	0.57685	0.57687			6
2024.12.13	01:41:08.493	0.57686	0.57688			6
2024.12.13	01:41:08.796	0.57687	0.57689			6
2024.12.13	01:41:09.099	0.57685				2
2024.12.13	01:41:09.473		0.57690			4
2024.12.13	01:41:10.390	0.57686				2
2024.12.13	01:41:15.227	0.57683	0.57687			6
2024.12.13	01:41:16.134	0.57682				2
2024.12.13	01:41:17.945	0.57683				2
2024.12.13	01:41:18.250	0.57682				2
2024.12.13	01:41:19.457	0.57683				2
2024.12.13	01:41:30.389	0.57680	0.57684			6
2024.12.13	01:41:30.693	0.57679	0.57683			6
2024.12.13	01:41:31.297		0.57684			4
2024.12.13	01:41:41.019	0.57678				2
2024.12.13	01:41:50.389		0.57683			4
2024.12.13	01:41:59.153	0.57682				2
2024.12.13	01:41:59.456		0.57687			4
2024.12.13	01:42:00.059	0.57683				2
2024.12.13	01:42:00.365	0.57681	0.57686			6
2024.12.13	01:42:02.531		0.57687			4
2024.12.13	01:42:05.761	0.57683				2
2024.12.13	01:42:12.869	0.57682				2
2024.12.13	01:42:23.298	0.57684	0.57688			6
2024.12.13	01:42:23.832	0.57683	0.57687			6
2024.12.13	01:42:24.168	0.57682				2
2024.12.13	01:42:25.169	0.57684	0.57689			6
2024.12.13	01:42:25.478	0.57683				2
2024.12.13	01:42:29.730	0.57684				2
2024.12.13	01:42:30.335	0.57683	0.57686			6
2024.12.13	01:42:33.861	0.57684				2
2024.12.13	01:42:35.234	0.57683				2
2024.12.13	01:42:37.258	0.57684	0.57685			6
2024.12.13	01:42:38.431	0.57683				2
2024.12.13	01:42:42.797	0.57684	0.57686			6
2024.12.13	01:42:43.188	0.57683				2
2024.12.13	01:42:43.936	0.57684				2
2024.12.13	01:42:53.464	0.57683				2
2024.12.13	01:42:54.703		0.57685			4
2024.12.13	01:42:58.722	0.57682				2
2024.12.13	01:43:00.261	0.57682				2
2024.12.13	01:43:00.562	0.57683				2
2024.12.13	01:43:13.577		0.57686			4
2024.12.13	01:43:24.793	0.57682	0.57685			6
2024.12.13	01:43:25.115	0.57683				2
2024.12.13	01:43:25.896	0.57682				2
2024.12.13	01:43:29.377		0.57684			4
2024.12.13	01:43:36.026	0.57681				2
2024.12.13	01:43:42.373	0.57683				2
2024.12.13	01:43:42.675		0.57686			4
2024.12.13	01:43:43.279		0.57687			4
2024.12.13	01:43:47.208		0.57686			4
2024.12.13	01:44:00.206	0.57683				2
2024.12.13	01:44:07.155	0.57691	0.57694			6
2024.12.13	01:44:07.492	0.57689	0.57693			6
2024.12.13	01:44:09.620		0.57692			4
2024.12.13	01:44:09.927		0.57693			4
2024.12.13	01:44:13.637	0.57688				2
2024.12.13	01:44:19.228	0.57689				2
2024.12.13	01:44:32.981	0.57687	0.57692			6
2024.12.13	01:44:46.471	0.57690	0.57694			6
2024.12.13	01:44:49.346	0.57691	0.57695			6
2024.12.13	01:44:49.666		0.57696			4
2024.12.13	01:44:52.051	0.57692				2
2024.12.13	01:44:52.398		0.57697			4
2024.12.13	01:44:58.440	0.57693	0.57698			6
2024.12.13	01:44:59.416	0.57694				2
2024.12.13	01:45:00.864	0.57694				2
2024.12.13	01:45:01.223	0.57695				2
2024.12.13	01:45:02.259	0.57696				2
2024.12.13	01:45:10.937		0.57699			4
2024.12.13	01:45:17.000		0.57700			4
2024.12.13	01:45:17.380	0.57695				2
2024.12.13	01:45:20.681	0.57696				2
2024.12.13	01:45:22.422		0.57699			4
2024.12.13	01:45:23.934	0.57700	0.57703			6
2024.12.13	01:45:25.142		0.57704			4
2024.12.13	01:45:50.811	0.57705	0.57709			6
2024.12.13	01:45:55.567	0.57706	0.57710			6
2024.12.13	01:46:00.753	0.57706				2
2024.12.13	01:46:24.071	0.57710	0.57714			6
2024.12.13	01:46:25.031		0.57713			4
2024.12.13	01:46:26.232	0.57707	0.57712			6
2024.12.13	01:46:26.544		0.57711			4
2024.12.13	01:46:30.682	0.57710	0.57714			6
2024.12.13	01:46:57.757		0.57713			4
2024.12.13	01:47:00.005	0.57710				2
2024.12.13	01:47:03.983	0.57709				2
2024.12.13	01:47:04.284		0.57712			4
2024.12.13	01:47:05.193	0.57710	0.57713			6
2024.12.13	01:47:05.796	0.57707	0.57711			6
2024.12.13	01:47:33.477		0.57710			4
2024.12.13	01:47:35.618	0.57706	0.57709			6
2024.12.13	01:47:56.425	0.57707				2
2024.12.13	01:48:00.075	0.57707				2
2024.12.13	01:48:30.630	0.57706	0.57708			6
2024.12.13	01:49:00.225	0.57706				2
2024.12.13	01:49:03.852	0.57701	0.57703			6
2024.12.13	01:49:04.154		0.57704			4
2024.12.13	01:49:06.601	0.57702	0.57706			6
2024.12.13	01:49:06.903	0.57705				2
2024.12.13	01:49:07.213	0.57706	0.57709			6
2024.12.13	01:49:08.164		0.57710			4
2024.12.13	01:49:11.810	0.57705				2
2024.12.13	01:49:25.618	0.57706	0.57711			6
2024.12.13	01:49:27.156	0.57705				2
2024.12.13	01:49:33.127		0.57710			4
2024.12.13	01:49:45.291	0.57708	0.57712			6
2024.12.13	01:49:54.798	0.57709	0.57713			6
2024.12.13	01:49:58.791	0.57706	0.57710			6
2024.12.13	01:49:59.397	0.57705				2
2024.12.13	01:50:00.055	0.57705				2
2024.12.13	01:50:02.881	0.57704	0.57709			6
2024.12.13	01:50:08.465	0.57705	0.57710			6
2024.12.13	01:50:12.496	0.57704	0.57709			6
2024.12.13	01:50:13.099	0.57707	0.57710			6
2024.12.13	01:50:14.005	0.57705				2
2024.12.13	01:50:15.876	0.57707				2
2024.12.13	01:50:17.131	0.57706				2
2024.12.13	01:50:17.764	0.57705	0.57709			6
2024.12.13	01:50:18.494	0.57706	0.57710			6
2024.12.13	01:50:19.145		0.57711			4
2024.12.13	01:50:29.427		0.57710			4
2024.12.13	01:50:30.523	0.57708	0.57713			6
2024.12.13	01:50:40.355		0.57712			4
2024.12.13	01:50:43.983		0.57713			4
2024.12.13	01:50:48.234		0.57712			4
2024.12.13	01:50:57.052	0.57709	0.57713			6
2024.12.13	01:51:00.073	0.57709				2
2024.12.13	01:51:04.943	0.57710	0.57714			6
2024.12.13	01:51:06.152		0.57713			4
2024.12.13	01:51:11.592	0.57711	0.57714			6
2024.12.13	01:51:13.456	0.57713	0.57716			6
2024.12.13	01:51:15.270		0.57717			4
2024.12.13	01:51:17.183		0.57716			4
2024.12.13	01:51:18.696	0.57715	0.57718			6
2024.12.13	01:51:20.207		0.57719			4
2024.12.13	01:51:21.416	0.57714	0.57718			6
2024.12.13	01:51:22.020	0.57715	0.57719			6
2024.12.13	01:51:22.322	0.57714	0.57718			6
2024.12.13	01:51:22.927	0.57715	0.57719			6
2024.12.13	01:51:23.531	0.57714	0.57718			6
2024.12.13	01:51:24.741	0.57715	0.57719			6
2024.12.13	01:51:25.044	0.57713	0.57717			6
2024.12.13	01:51:26.253		0.57716			4
2024.12.13	01:51:27.582	0.57712				2
2024.12.13	01:51:34.477	0.57711	0.57714			6
2024.12.13	01:51:35.475	0.57710				2
2024.12.13	01:51:45.249		0.57713			4
2024.12.13	01:51:48.877	0.57708	0.57711			6
2024.12.13	01:51:50.389		0.57712			4
2024.12.13	01:51:51.301	0.57707	0.57711			6
2024.12.13	01:51:59.255		0.57710			4
2024.12.13	01:51:59.858	0.57706	0.57709			6
2024.12.13	01:52:00.163	0.57706				2
2024.12.13	01:52:02.581	0.57705	0.57708			6
2024.12.13	01:52:16.336	0.57706				2
2024.12.13	01:52:19.963		0.57707			4
2024.12.13	01:52:20.267	0.57703	0.57705			6
2024.12.13	01:52:21.172	0.57702	0.57706			6
2024.12.13	01:52:22.432		0.57707			4
2024.12.13	01:52:22.755		0.57706			4
2024.12.13	01:52:23.963		0.57707			4
2024.12.13	01:52:26.352		0.57706			4
2024.12.13	01:52:27.419	0.57703				2
2024.12.13	01:52:28.980	0.57702				2
2024.12.13	01:52:30.501	0.57701	0.57703			6
2024.12.13	01:52:33.014	0.57700				2
2024.12.13	01:52:34.374	0.57697	0.57700			6
2024.12.13	01:52:42.224	0.57696				2
2024.12.13	01:52:47.716	0.57697	0.57701			6
2024.12.13	01:52:57.733	0.57698	0.57702			6
2024.12.13	01:52:59.014	0.57699				2
2024.12.13	01:52:59.318	0.57698				2
2024.12.13	01:53:00.076	0.57698				2
2024.12.13	01:53:01.737	0.57700	0.57704			6
2024.12.13	01:53:02.576	0.57701	0.57705			6
2024.12.13	01:53:02.882	0.57702	0.57707			6
2024.12.13	01:53:05.536	0.57703				2
2024.12.13	01:53:21.484	0.57704	0.57709			6
2024.12.13	01:53:22.605	0.57705				2
2024.12.13	01:53:23.373	0.57704	0.57707			6
2024.12.13	01:53:24.009	0.57703				2
2024.12.13	01:53:32.724	0.57701	0.57704			6
2024.12.13	01:53:36.365	0.57700				2
2024.12.13	01:53:37.670	0.57698	0.57702			6
2024.12.13	01:53:40.014		0.57701			4
2024.12.13	01:53:40.832		0.57702			4
2024.12.13	01:53:48.147		0.57701			4
2024.12.13	01:53:50.703		0.57703			4
2024.12.13	01:53:51.077		0.57702			4
2024.12.13	01:53:52.190		0.57701			4
2024.12.13	01:53:54.794	0.57697	0.57702			6
2024.12.13	01:53:59.505		0.57701			4
2024.12.13	01:54:00.001	0.57697				2
2024.12.13	01:54:03.717	0.57696	0.57700			6
2024.12.13	01:54:05.620	0.57697	0.57701			6
2024.12.13	01:54:12.488	0.57695	0.57698			6
2024.12.13	01:54:12.872		0.57699			4
2024.12.13	01:54:45.206	0.57696				2
2024.12.13	01:54:45.837	0.57695				2
2024.12.13	01:54:48.026	0.57696				2
2024.12.13	01:54:48.660	0.57695				2
2024.12.13	01:54:51.128	0.57696				2
2024.12.13	01:54:51.429	0.57695	0.57698			6
2024.12.13	01:54:53.869	0.57696	0.57699			6
2024.12.13	01:54:54.171	0.57695	0.57698			6
2024.12.13	01:54:56.590	0.57696	0.57699			6
2024.12.13	01:54:57.194	0.57695	0.57698			6
2024.12.13	01:54:59.613	0.57696	0.57699			6
2024.12.13	01:54:59.914	0.57695	0.57698			6
2024.12.13	01:55:00.215	0.57695				2
2024.12.13	01:55:02.332	0.57696	0.57699			6
2024.12.13	01:55:02.636	0.57695	0.57698			6
2024.12.13	01:55:04.146	0.57696				2
2024.12.13	01:55:05.053	0.57697	0.57699			6
2024.12.13	01:55:05.658	0.57696	0.57698			6
2024.12.13	01:55:06.866	0.57697	0.57699			6
2024.12.13	01:55:10.194	0.57696	0.57698			6
2024.12.13	01:55:26.820	0.57694	0.57696			6
2024.12.13	01:55:30.144	0.57695	0.57697			6
2024.12.13	01:55:31.082	0.57694	0.57696			6
2024.12.13	01:55:31.385	0.57693				2
2024.12.13	01:55:33.803	0.57692	0.57695			6
2024.12.13	01:55:34.105		0.57694			4
2024.12.13	01:55:34.409		0.57695			4
2024.12.13	01:55:35.314	0.57691	0.57694			6
2024.12.13	01:55:36.221		0.57695			4
2024.12.13	01:55:37.381		0.57694			4
2024.12.13	01:55:45.240	0.57692				2
2024.12.13	01:55:53.101	0.57693	0.57695			6
2024.12.13	01:55:58.540	0.57695	0.57697			6
2024.12.13	01:55:59.146	0.57694				2
2024.12.13	01:55:59.750	0.57695	0.57698			6
2024.12.13	01:56:00.052	0.57695				2
2024.12.13	01:56:03.140	0.57694	0.57697			6
2024.12.13	01:56:09.275	0.57695				2
2024.12.13	01:56:10.786	0.57694	0.57696			6
2024.12.13	01:56:25.920	0.57693	0.57695			6
2024.12.13	01:56:30.809	0.57694	0.57696			6
2024.12.13	01:56:31.111	0.57695	0.57697			6
2024.12.13	01:56:34.134	0.57696	0.57698			6
2024.12.13	01:56:34.737	0.57695	0.57697			6
2024.12.13	01:56:38.699	0.57694	0.57696			6
2024.12.13	01:56:48.399	0.57693	0.57695			6
2024.12.13	01:56:50.842	0.57694	0.57696			6
2024.12.13	01:56:51.447	0.57693	0.57695			6
2024.12.13	01:56:53.582	0.57694	0.57696			6
2024.12.13	01:56:54.519	0.57693	0.57695			6
2024.12.13	01:56:57.563	0.57694	0.57696			6
2024.12.13	01:57:00.284	0.57694				2
2024.12.13	01:57:04.548	0.57693	0.57695			6
2024.12.13	01:57:08.803	0.57690	0.57692			6
2024.12.13	01:57:09.132	0.57689				2
2024.12.13	01:57:14.222	0.57690				2
2024.12.13	01:57:23.289	0.57694	0.57696			6
2024.12.13	01:57:24.198	0.57693	0.57697			6
2024.12.13	01:57:30.544	0.57695	0.57699			6
2024.12.13	01:57:35.818	0.57694	0.57697			6
2024.12.13	01:57:37.637	0.57693				2
2024.12.13	01:57:37.980	0.57694				2
2024.12.13	01:57:38.608	0.57693				2
2024.12.13	01:57:40.054	0.57694	0.57698			6
2024.12.13	01:57:40.559	0.57693	0.57697			6
2024.12.13	01:57:40.923	0.57694				2
2024.12.13	01:57:41.225	0.57693				2
2024.12.13	01:57:43.213	0.57695				2
2024.12.13	01:57:43.847	0.57694				2
2024.12.13	01:57:46.266	0.57695				2
2024.12.13	01:57:46.871	0.57694				2
2024.12.13	01:57:47.474		0.57698			4
2024.12.13	01:57:47.782		0.57697			4
2024.12.13	01:57:55.132	0.57693	0.57696			6
2024.12.13	01:57:56.292	0.57692	0.57695			6
2024.12.13	01:57:58.811	0.57691	0.57694			6
2024.12.13	01:58:00.018	0.57691				2
2024.12.13	01:58:00.321		0.57695			4
2024.12.13	01:58:01.381	0.57690	0.57693			6
2024.12.13	01:58:13.170	0.57691				2
2024.12.13	01:58:15.286	0.57692	0.57694			6
2024.12.13	01:58:16.194	0.57693				2
2024.12.13	01:58:18.329	0.57692				2
2024.12.13	01:58:18.631	0.57693	0.57695			6
2024.12.13	01:58:18.933	0.57694	0.57696			6
2024.12.13	01:58:20.141	0.57693	0.57697			6
2024.12.13	01:58:21.382		0.57696			4
2024.12.13	01:58:27.125	0.57694	0.57697			6
2024.12.13	01:58:27.729	0.57693	0.57696			6
2024.12.13	01:58:29.844	0.57695	0.57698			6
2024.12.13	01:58:30.144	0.57696	0.57699			6
2024.12.13	01:58:30.450	0.57695	0.57698			6
2024.12.13	01:58:31.408		0.57699			4
2024.12.13	01:58:32.619	0.57696				2
2024.12.13	01:58:33.271	0.57695				2
2024.12.13	01:58:35.441	0.57696				2
2024.12.13	01:58:36.044	0.57695				2
2024.12.13	01:58:38.147	0.57696				2
2024.12.13	01:58:38.764	0.57695	0.57698			6
2024.12.13	01:58:40.953	0.57696	0.57699			6
2024.12.13	01:58:41.586	0.57695	0.57698			6
2024.12.13	01:58:43.702	0.57696	0.57699			6
2024.12.13	01:58:44.307	0.57695	0.57698			6
2024.12.13	01:58:46.787	0.57696	0.57699			6
2024.12.13	01:58:47.126	0.57695	0.57698			6
2024.12.13	01:58:48.336	0.57696				2
2024.12.13	01:58:48.639	0.57697	0.57700			6
2024.12.13	01:58:49.112	0.57696	0.57699			6
2024.12.13	01:58:53.424	0.57697				2
2024.12.13	01:58:54.028		0.57698			4
2024.12.13	01:58:54.332	0.57694	0.57696			6
2024.12.13	01:58:54.636	0.57696	0.57698			6
2024.12.13	01:58:54.937	0.57695	0.57697			6
2024.12.13	01:58:55.240		0.57698			4
2024.12.13	01:58:59.931	0.57697	0.57700			6
2024.12.13	01:59:00.361	0.57696	0.57699			6
2024.12.13	01:59:00.663		0.57698			4
2024.12.13	01:59:03.365		0.57699			4
2024.12.13	01:59:04.161	0.57695	0.57698			6
2024.12.13	01:59:07.816		0.57699			4
2024.12.13	01:59:08.348		0.57698			4
2024.12.13	01:59:16.742	0.57694	0.57697			6
2024.12.13	01:59:28.533		0.57696			4
2024.12.13	01:59:30.180		0.57697			4
2024.12.13	01:59:43.422	0.57695				2
2024.12.13	01:59:47.054	0.57696	0.57698			6
2024.12.13	01:59:48.278	0.57695				2
2024.12.13	01:59:52.070	0.57696	0.57699			6
2024.12.13	01:59:52.706	0.57695	0.57698			6
2024.12.13	01:59:54.366	0.57696				2
2024.12.13	01:59:54.672	0.57697	0.57699			6
2024.12.13	01:59:55.303		0.57700			4
2024.12.13	01:59:56.437		0.57701			4
2024.12.13	02:00:00.110	0.57697	0.57700			6
2024.12.13	02:00:00.423		0.57699			4
2024.12.13	02:00:00.727	0.57693	0.57696			6
2024.12.13	02:00:01.347		0.57697			4
2024.12.13	02:00:02.336		0.57698			4
2024.12.13	02:00:03.932		0.57699			4
2024.12.13	02:00:04.560		0.57698			4
2024.12.13	02:00:06.768	0.57691	0.57695			6
2024.12.13	02:00:07.084	0.57692	0.57698			6
2024.12.13	02:00:08.855	0.57693				2
2024.12.13	02:00:10.007		0.57697			4
2024.12.13	02:00:10.311		0.57698			4
2024.12.13	02:00:11.120	0.57692				2
2024.12.13	02:00:11.444		0.57697			4
2024.12.13	02:00:11.769		0.57698			4
2024.12.13	02:00:12.213		0.57697			4
2024.12.13	02:00:12.527		0.57698			4
2024.12.13	02:00:13.384		0.57697			4
2024.12.13	02:00:19.357	0.57691	0.57694			6
2024.12.13	02:00:19.675	0.57690				2
2024.12.13	02:00:20.282		0.57695			4
2024.12.13	02:00:25.891	0.57689				2
2024.12.13	02:00:26.222	0.57690				2
2024.12.13	02:00:26.526	0.57689				2
2024.12.13	02:00:27.779	0.57685	0.57689			6
2024.12.13	02:00:28.083		0.57690			4
2024.12.13	02:00:31.866		0.57689			4
2024.12.13	02:00:33.171	0.57679	0.57682			6
2024.12.13	02:00:33.479		0.57683			4
2024.12.13	02:00:33.780	0.57678				2
2024.12.13	02:00:34.220	0.57681	0.57686			6
2024.12.13	02:00:34.562	0.57682				2
2024.12.13	02:00:35.069		0.57687			4
2024.12.13	02:00:35.378		0.57686			4
2024.12.13	02:00:35.688		0.57687			4
2024.12.13	02:00:36.057	0.57681	0.57686			6
2024.12.13	02:00:36.359	0.57682	0.57687			6
2024.12.13	02:00:36.662		0.57686			4
2024.12.13	02:00:37.301	0.57678	0.57683			6
2024.12.13	02:00:41.098		0.57682			4
2024.12.13	02:00:41.407		0.57683			4
2024.12.13	02:00:43.059	0.57677	0.57681			6
2024.12.13	02:00:43.931		0.57683			4
2024.12.13	02:00:47.101	0.57682	0.57687			6
2024.12.13	02:00:47.402	0.57687	0.57690			6
2024.12.13	02:00:47.703	0.57685	0.57689			6
2024.12.13	02:00:48.037	0.57686	0.57691			6
2024.12.13	02:00:48.686		0.57690			4
2024.12.13	02:00:49.033		0.57691			4
2024.12.13	02:00:50.526	0.57684	0.57688			6
2024.12.13	02:00:50.829	0.57683				2
2024.12.13	02:00:51.468		0.57687			4
2024.12.13	02:00:52.103		0.57688			4
2024.12.13	02:00:54.475	0.57686	0.57690			6
2024.12.13	02:00:54.839	0.57683	0.57687			6
2024.12.13	02:00:56.879	0.57684	0.57689			6
2024.12.13	02:00:57.726	0.57685				2
2024.12.13	02:01:00.413	0.57686	0.57690			6
2024.12.13	02:01:02.307	0.57684	0.57689			6
2024.12.13	02:01:07.059	0.57683	0.57686			6
2024.12.13	02:01:07.362	0.57677	0.57681			6
2024.12.13	02:01:08.997	0.57676	0.57679			6
2024.12.13	02:01:09.312	0.57674	0.57678			6
2024.12.13	02:01:09.656		0.57677			4
2024.12.13	02:01:09.982	0.57673				2
2024.12.13	02:01:10.804	0.57674	0.57679			6
2024.12.13	02:01:13.792	0.57673	0.57677			6
2024.12.13	02:01:14.106	0.57671	0.57676			6
2024.12.13	02:01:16.075	0.57672				2
2024.12.13	02:01:16.679	0.57671				2
2024.12.13	02:01:18.744	0.57672				2
2024.12.13	02:01:19.046	0.57671				2
2024.12.13	02:01:20.141	0.57669	0.57674			6
2024.12.13	02:01:21.469	0.57670				2
2024.12.13	02:01:21.815	0.57669				2
2024.12.13	02:01:22.439		0.57673			4
2024.12.13	02:01:22.747		0.57674			4
2024.12.13	02:01:28.351	0.57666	0.57671			6
2024.12.13	02:01:29.197	0.57667				2
2024.12.13	02:01:29.841		0.57672			4
2024.12.13	02:01:31.026	0.57668	0.57673			6
2024.12.13	02:01:31.709	0.57669	0.57674			6
2024.12.13	02:01:32.077	0.57668	0.57672			6
2024.12.13	02:01:32.409	0.57667	0.57671			6
2024.12.13	02:01:32.814		0.57672			4
2024.12.13	02:01:33.188		0.57671			4
2024.12.13	02:01:34.456	0.57668				2
2024.12.13	02:01:34.805	0.57667				2
2024.12.13	02:01:35.394	0.57668	0.57673			6
2024.12.13	02:01:35.912	0.57669				2
2024.12.13	02:01:36.586	0.57668	0.57672			6
2024.12.13	02:01:36.892	0.57667				2
2024.12.13	02:01:37.433		0.57671			4
2024.12.13	02:01:38.082	0.57665	0.57669			6
2024.12.13	02:01:38.796	0.57666	0.57671			6
2024.12.13	02:01:41.899	0.57667				2
2024.12.13	02:01:42.910	0.57666				2
2024.12.13	02:01:43.522		0.57669			4
2024.12.13	02:01:44.272		0.57670			4
2024.12.13	02:01:44.585		0.57671			4
2024.12.13	02:01:50.092	0.57670	0.57674			6
2024.12.13	02:01:50.398	0.57671				2
2024.12.13	02:01:51.847	0.57670				2
2024.12.13	02:01:53.272	0.57669				2
2024.12.13	02:01:54.041	0.57670				2
2024.12.13	02:01:54.347	0.57669				2
2024.12.13	02:01:54.796	0.57667	0.57671			6
2024.12.13	02:01:55.133		0.57670			4
2024.12.13	02:01:55.444	0.57666	0.57671			6
2024.12.13	02:02:00.056	0.57666				2
2024.12.13	02:02:01.854	0.57667				2
2024.12.13	02:02:03.522		0.57672			4
2024.12.13	02:02:04.636		0.57671			4
2024.12.13	02:02:05.903	0.57666	0.57670			6
2024.12.13	02:02:08.042		0.57671			4
2024.12.13	02:02:09.954	0.57667				2
2024.12.13	02:02:11.802	0.57666	0.57670			6
2024.12.13	02:02:13.778		0.57671			4
2024.12.13	02:02:15.616	0.57667				2
2024.12.13	02:02:19.445	0.57668	0.57672			6
2024.12.13	02:02:21.462	0.57667	0.57671			6
2024.12.13	02:02:22.661		0.57672			4
2024.12.13	02:02:24.062	0.57671	0.57675			6
2024.12.13	02:02:25.216	0.57669	0.57673			6
2024.12.13	02:02:25.524	0.57667	0.57671			6
2024.12.13	02:02:25.903	0.57668	0.57672			6
2024.12.13	02:02:26.254	0.57669	0.57673			6
2024.12.13	02:02:27.487	0.57668				2
2024.12.13	02:02:28.023	0.57669				2
2024.12.13	02:02:29.449	0.57670	0.57674			6
2024.12.13	02:02:34.427	0.57672	0.57676			6
2024.12.13	02:02:35.081	0.57671	0.57675			6
2024.12.13	02:02:36.867	0.57670	0.57673			6
2024.12.13	02:02:37.626	0.57671	0.57675			6
2024.12.13	02:02:41.472	0.57669	0.57673			6
2024.12.13	02:02:42.828	0.57668				2
2024.12.13	02:02:43.183		0.57671			4
2024.12.13	02:02:43.901	0.57667	0.57670			6
2024.12.13	02:02:44.754		0.57671			4
2024.12.13	02:02:45.102	0.57666				2
2024.12.13	02:02:45.541	0.57667				2
2024.12.13	02:02:49.190	0.57668				2
2024.12.13	02:02:49.492	0.57667				2
2024.12.13	02:02:50.350		0.57672			4
2024.12.13	02:02:51.337	0.57668				2
2024.12.13	02:02:51.960	0.57667				2
2024.12.13	02:02:53.481		0.57671			4
2024.12.13	02:02:54.324	0.57668				2
2024.12.13	02:02:54.628	0.57667				2
2024.12.13	02:02:54.940	0.57668	0.57672			6
2024.12.13	02:03:00.350	0.57668				2
2024.12.13	02:03:01.435		0.57671			4
2024.12.13	02:03:11.901	0.57672	0.57676			6
2024.12.13	02:03:13.628	0.57678	0.57681			6
2024.12.13	02:03:14.039	0.57677				2
2024.12.13	02:03:15.061	0.57678				2
2024.12.13	02:03:17.301	0.57677				2
2024.12.13	02:03:20.858	0.57678				2
2024.12.13	02:03:22.920	0.57677				2
2024.12.13	02:03:28.158	0.57681	0.57685			6
2024.12.13	02:03:30.739	0.57680	0.57682			6
2024.12.13	02:03:31.472	0.57681	0.57684			6
2024.12.13	02:03:32.317	0.57680				2
2024.12.13	02:03:33.319	0.57681				2
2024.12.13	02:03:33.924	0.57682	0.57685			6
2024.12.13	02:03:34.224	0.57681				2
2024.12.13	02:03:34.887		0.57684			4
2024.12.13	02:03:35.900		0.57685			4
2024.12.13	02:03:38.862	0.57680	0.57683			6
2024.12.13	02:03:39.167	0.57676	0.57680			6
2024.12.13	02:03:44.530	0.57681	0.57685			6
2024.12.13	02:03:53.883		0.57684			4
2024.12.13	02:03:57.355	0.57680	0.57682			6
2024.12.13	02:03:57.680		0.57683			4
2024.12.13	02:04:00.621	0.57680				2
2024.12.13	02:04:00.958	0.57679				2
2024.12.13	02:04:02.007	0.57677	0.57681			6
2024.12.13	02:04:03.441		0.57682			4
2024.12.13	02:04:03.798		0.57681			4
2024.12.13	02:04:06.108		0.57682			4
2024.12.13	02:04:07.974	0.57679	0.57684			6
2024.12.13	02:04:08.311		0.57683			4
2024.12.13	02:04:08.799	0.57678				2
2024.12.13	02:04:09.834	0.57679				2
2024.12.13	02:04:10.726		0.57684			4
2024.12.13	02:04:11.761		0.57683			4
2024.12.13	02:04:13.074	0.57678				2
2024.12.13	02:04:13.513		0.57682			4
2024.12.13	02:04:18.140	0.57677	0.57681			6
2024.12.13	02:04:22.207	0.57676	0.57680			6
2024.12.13	02:04:24.066		0.57682			4
2024.12.13	02:04:25.981		0.57680			4
2024.12.13	02:04:26.464	0.57681	0.57684			6
2024.12.13	02:04:26.838		0.57685			4
2024.12.13	02:04:27.716		0.57684			4
2024.12.13	02:04:31.667	0.57680				2
2024.12.13	02:04:35.151		0.57682			4
2024.12.13	02:04:36.378		0.57683			4
2024.12.13	02:04:40.089	0.57679	0.57682			6
2024.12.13	02:04:52.369	0.57678	0.57680			6
2024.12.13	02:04:52.862	0.57677				2
2024.12.13	02:04:53.165	0.57676	0.57679			6
2024.12.13	02:04:54.731	0.57675				2
2024.12.13	02:05:00.404	0.57676				2
2024.12.13	02:05:01.101		0.57680			4
2024.12.13	02:05:05.185		0.57679			4
2024.12.13	02:05:05.495	0.57674	0.57677			6
2024.12.13	02:05:05.830	0.57676	0.57679			6
2024.12.13	02:05:06.133		0.57680			4
2024.12.13	02:05:06.807	0.57679	0.57682			6
2024.12.13	02:05:07.110	0.57680	0.57683			6
2024.12.13	02:05:07.427		0.57684			4
2024.12.13	02:05:09.447	0.57681				2
2024.12.13	02:05:13.072		0.57685			4
2024.12.13	02:05:17.625	0.57683	0.57686			6
2024.12.13	02:05:18.963	0.57684	0.57687			6
2024.12.13	02:05:19.519	0.57682	0.57686			6
2024.12.13	02:05:20.713	0.57681	0.57685			6
2024.12.13	02:05:27.017	0.57680	0.57683			6
2024.12.13	02:05:27.323	0.57679	0.57682			6
2024.12.13	02:05:29.950		0.57683			4
2024.12.13	02:05:31.269	0.57680	0.57684			6
2024.12.13	02:05:31.749	0.57681	0.57685			6
2024.12.13	02:05:35.458	0.57680	0.57682			6
2024.12.13	02:05:37.493	0.57679	0.57683			6
2024.12.13	02:05:38.812		0.57684			4
2024.12.13	02:05:39.244		0.57683			4
2024.12.13	02:05:40.660	0.57680	0.57684			6
2024.12.13	02:05:44.061	0.57681				2
2024.12.13	02:05:45.572	0.57680				2
2024.12.13	02:05:46.870		0.57683			4
2024.12.13	02:05:55.642		0.57684			4
2024.12.13	02:05:57.992	0.57686	0.57688			6
2024.12.13	02:05:58.293		0.57690			4
2024.12.13	02:05:58.616	0.57687				2
2024.12.13	02:05:59.248	0.57683	0.57686			6
2024.12.13	02:05:59.551		0.57687			4
2024.12.13	02:06:00.312	0.57683				2
2024.12.13	02:06:04.899	0.57684	0.57688			6
2024.12.13	02:06:09.217		0.57689			4
2024.12.13	02:06:17.131		0.57688			4
2024.12.13	02:06:29.280	0.57683	0.57687			6
2024.12.13	02:06:30.180	0.57685				2
2024.12.13	02:06:30.489	0.57684				2
2024.12.13	02:06:30.791	0.57692	0.57695			6
2024.12.13	02:06:31.395	0.57691	0.57694			6
2024.12.13	02:06:31.785	0.57692	0.57695			6
2024.12.13	02:06:36.559	0.57693	0.57697			6
2024.12.13	02:06:37.398	0.57694				2
2024.12.13	02:06:37.988	0.57693				2
2024.12.13	02:06:39.404		0.57696			4
2024.12.13	02:06:43.434		0.57697			4
2024.12.13	02:06:44.833		0.57696			4
2024.12.13	02:06:45.547		0.57695			4
2024.12.13	02:06:47.863		0.57696			4
2024.12.13	02:06:50.173		0.57697			4
2024.12.13	02:06:50.549	0.57694	0.57698			6
2024.12.13	02:06:53.894		0.57697			4
2024.12.13	02:07:00.196	0.57694				2
2024.12.13	02:07:01.710	0.57696	0.57699			6
2024.12.13	02:07:02.025		0.57700			4
2024.12.13	02:07:03.121	0.57694	0.57697			6
2024.12.13	02:07:03.424	0.57695	0.57698			6
2024.12.13	02:07:04.634	0.57700	0.57702			6
2024.12.13	02:07:04.936		0.57703			4
2024.12.13	02:07:05.322		0.57704			4
2024.12.13	02:07:05.680	0.57699	0.57703			6
2024.12.13	02:07:10.796	0.57697	0.57701			6
2024.12.13	02:07:11.106		0.57700			4
2024.12.13	02:07:12.181	0.57695	0.57699			6
2024.12.13	02:07:12.499	0.57696				2
2024.12.13	02:07:13.102		0.57698			4
2024.12.13	02:07:14.010	0.57700	0.57701			6
2024.12.13	02:07:14.313		0.57703			4
2024.12.13	02:07:15.930	0.57699	0.57702			6
2024.12.13	02:07:16.883	0.57697	0.57701			6
2024.12.13	02:07:17.532		0.57700			4
2024.12.13	02:07:18.169	0.57696				2
2024.12.13	02:07:18.852	0.57697				2
2024.12.13	02:07:19.196	0.57699	0.57702			6
2024.12.13	02:07:19.504	0.57700	0.57704			6
2024.12.13	02:07:21.558	0.57699	0.57702			6
2024.12.13	02:07:21.974		0.57704			4
2024.12.13	02:07:23.614		0.57703			4
2024.12.13	02:07:24.056		0.57702			4
2024.12.13	02:07:24.735	0.57698				2
2024.12.13	02:07:25.407		0.57703			4
2024.12.13	02:07:30.244	0.57699	0.57704			6
2024.12.13	02:07:30.589		0.57702			4
2024.12.13	02:07:31.194	0.57698	0.57703			6
2024.12.13	02:07:31.498	0.57699	0.57704			6
2024.12.13	02:07:31.803	0.57698	0.57703			6
2024.12.13	02:07:33.312	0.57696	0.57699			6
2024.12.13	02:07:35.024	0.57695	0.57698			6
2024.12.13	02:07:35.851	0.57693	0.57697			6
2024.12.13	02:07:36.745	0.57692	0.57695			6
2024.12.13	02:07:37.876	0.57689	0.57693			6
2024.12.13	02:07:40.452	0.57691	0.57694			6
2024.12.13	02:07:47.741	0.57689	0.57692			6
2024.12.13	02:07:48.124		0.57693			4
2024.12.13	02:07:48.821		0.57692			4
2024.12.13	02:07:49.961		0.57691			4
2024.12.13	02:07:53.174		0.57692			4
2024.12.13	02:07:53.642	0.57690	0.57693			6
2024.12.13	02:08:00.356	0.57687	0.57691			6
2024.12.13	02:08:00.665	0.57686	0.57689			6
2024.12.13	02:08:03.920	0.57688	0.57691			6
2024.12.13	02:08:04.246		0.57693			4
2024.12.13	02:08:04.830		0.57692			4
2024.12.13	02:08:06.810		0.57693			4
2024.12.13	02:08:08.758	0.57689	0.57694			6
2024.12.13	02:08:10.372	0.57690				2
2024.12.13	02:08:18.268	0.57687	0.57691			6
2024.12.13	02:08:19.073	0.57688	0.57692			6
2024.12.13	02:08:19.911	0.57686	0.57690			6
2024.12.13	02:08:25.381		0.57689			4
2024.12.13	02:08:34.593	0.57685				2
2024.12.13	02:08:35.009		0.57688			4
2024.12.13	02:08:42.175	0.57686				2
2024.12.13	02:08:43.687	0.57685				2
2024.12.13	02:08:44.667	0.57686	0.57689			6
2024.12.13	02:08:45.003	0.57685				2
2024.12.13	02:08:45.397	0.57686				2
2024.12.13	02:08:45.700	0.57685				2
2024.12.13	02:08:46.013	0.57686				2
2024.12.13	02:08:46.406	0.57687				2
2024.12.13	02:08:49.432	0.57685				2
2024.12.13	02:08:49.738	0.57686				2
2024.12.13	02:09:00.806	0.57685	0.57688			6
2024.12.13	02:09:01.135	0.57686	0.57689			6
2024.12.13	02:09:03.838	0.57683	0.57684			6
2024.12.13	02:09:04.142	0.57684	0.57686			6
2024.12.13	02:09:04.444		0.57687			4
2024.12.13	02:09:08.911	0.57685	0.57688			6
2024.12.13	02:09:09.257	0.57691	0.57693			6
2024.12.13	02:09:10.229	0.57690				2
2024.12.13	02:09:11.875	0.57691				2
2024.12.13	02:09:12.313		0.57694			4
2024.12.13	02:09:16.505		0.57693			4
2024.12.13	02:09:16.927		0.57694			4
2024.12.13	02:09:21.168	0.57688	0.57690			6
2024.12.13	02:09:22.086	0.57691	0.57694			6
2024.12.13	02:09:24.496	0.57690				2
2024.12.13	02:09:25.742		0.57693			4
2024.12.13	02:09:28.946		0.57692			4
2024.12.13	02:09:31.401		0.57691			4
2024.12.13	02:09:31.727		0.57692			4
2024.12.13	02:09:32.635	0.57689				2
2024.12.13	02:09:32.945	0.57690				2
2024.12.13	02:09:33.374	0.57691	0.57693			6
2024.12.13	02:09:35.724	0.57694	0.57696			6
2024.12.13	02:09:36.518	0.57692				2
2024.12.13	02:09:37.722		0.57695			4
2024.12.13	02:09:38.034	0.57694	0.57697			6
2024.12.13	02:09:38.581	0.57693	0.57696			6
2024.12.13	02:09:40.578		0.57695			4
2024.12.13	02:09:47.631	0.57692				2
2024.12.13	02:09:49.648	0.57690	0.57694			6
2024.12.13	02:09:50.721	0.57692				2
2024.12.13	02:09:51.358	0.57690				2
2024.12.13	02:09:54.243	0.57689	0.57692			6
2024.12.13	02:09:54.909	0.57687	0.57689			6
2024.12.13	02:09:59.487		0.57690			4
2024.12.13	02:10:00.542	0.57687				2
2024.12.13	02:10:00.859		0.57689			4
2024.12.13	02:10:03.774	0.57685	0.57688			6
2024.12.13	02:10:06.270		0.57687			4
2024.12.13	02:10:08.220		0.57688			4
2024.12.13	02:10:09.567	0.57687	0.57691			6
2024.12.13	02:10:11.801		0.57689			4
2024.12.13	02:10:16.434	0.57688	0.57691			6
2024.12.13	02:10:18.264		0.57693			4
2024.12.13	02:10:18.976		0.57692			4
2024.12.13	02:10:19.312	0.57689				2
2024.12.13	02:10:19.626		0.57693			4
2024.12.13	02:10:20.548	0.57690				2
2024.12.13	02:10:25.354		0.57692			4
2024.12.13	02:10:25.755		0.57693			4
2024.12.13	02:10:29.369	0.57691	0.57695			6
2024.12.13	02:10:29.750		0.57694			4
2024.12.13	02:10:31.393		0.57695			4
2024.12.13	02:10:32.254	0.57692				2
2024.12.13	02:10:40.137		0.57694			4
2024.12.13	02:10:43.166	0.57691				2
2024.12.13	02:10:43.499	0.57692				2
2024.12.13	02:10:44.407	0.57691	0.57693			6
2024.12.13	02:10:44.912	0.57692				2
2024.12.13	02:10:45.822	0.57691				2
2024.12.13	02:10:47.222	0.57692				2
2024.12.13	02:10:47.540	0.57691				2
2024.12.13	02:10:53.509		0.57694			4
2024.12.13	02:10:57.230	0.57692				2
2024.12.13	02:10:57.535	0.57691				2
2024.12.13	02:10:58.948		0.57693			4
2024.12.13	02:10:59.411	0.57690				2
2024.12.13	02:11:00.027	0.57690				2
2024.12.13	02:11:01.236	0.57689	0.57691			6
2024.12.13	02:11:01.563		0.57692			4
2024.12.13	02:11:02.478	0.57692	0.57695			6
2024.12.13	02:11:04.599	0.57691	0.57694			6
2024.12.13	02:11:05.508	0.57692	0.57695			6
2024.12.13	02:11:06.720	0.57691	0.57694			6
2024.12.13	02:11:09.142	0.57693	0.57695			6
2024.12.13	02:11:09.748	0.57694	0.57697			6
2024.12.13	02:11:13.470		0.57695			4
2024.12.13	02:11:14.390	0.57695	0.57696			6
2024.12.13	02:11:15.297	0.57694	0.57695			6
2024.12.13	02:11:21.050	0.57695	0.57697			6
2024.12.13	02:11:21.352	0.57696				2
2024.12.13	02:11:24.988	0.57691	0.57692			6
2024.12.13	02:11:26.501	0.57690	0.57691			6
2024.12.13	02:11:27.761	0.57691	0.57692			6
2024.12.13	02:11:28.065		0.57693			4
2024.12.13	02:11:28.366	0.57692				2
2024.12.13	02:11:28.670	0.57691				2
2024.12.13	02:11:29.275	0.57692	0.57695			6
2024.12.13	02:11:30.221	0.57694				2
2024.12.13	02:11:30.841		0.57696			4
2024.12.13	02:11:36.292	0.57696	0.57699			6
2024.12.13	02:11:37.555	0.57695				2
2024.12.13	02:11:38.709		0.57698			4
2024.12.13	02:11:45.326	0.57696				2
2024.12.13	02:11:48.356	0.57698	0.57700			6
2024.12.13	02:11:49.870	0.57697				2
2024.12.13	02:11:50.347		0.57699			4
2024.12.13	02:11:50.707		0.57700			4
2024.12.13	02:11:54.867	0.57698				2
2024.12.13	02:11:55.171	0.57699	0.57701			6
2024.12.13	02:11:55.475	0.57700				2
2024.12.13	02:11:59.763	0.57699				2
2024.12.13	02:12:00.066	0.57699				2
2024.12.13	02:12:02.205		0.57702			4
2024.12.13	02:12:02.508	0.57700				2
2024.12.13	02:12:02.811		0.57703			4
2024.12.13	02:12:03.114		0.57702			4
2024.12.13	02:12:05.536		0.57701			4
2024.12.13	02:12:07.351	0.57699	0.57700			6
2024.12.13	02:12:09.167	0.57698	0.57701			6
2024.12.13	02:12:09.475	0.57696	0.57697			6
2024.12.13	02:12:10.408	0.57695				2
2024.12.13	02:12:11.570	0.57696				2
2024.12.13	02:12:11.874	0.57695				2
2024.12.13	02:12:12.629	0.57696				2
2024.12.13	02:12:12.937	0.57695				2
2024.12.13	02:12:13.449	0.57696	0.57698			6
2024.12.13	02:12:15.355	0.57697				2
2024.12.13	02:12:18.386		0.57699			4
2024.12.13	02:12:20.809		0.57700			4
2024.12.13	02:12:24.139	0.57698	0.57701			6
2024.12.13	02:12:25.955		0.57700			4
2024.12.13	02:12:26.261		0.57701			4
2024.12.13	02:12:27.773	0.57699				2
2024.12.13	02:12:28.078	0.57698				2
2024.12.13	02:12:29.289		0.57700			4
2024.12.13	02:12:30.197	0.57699	0.57701			6
2024.12.13	02:12:31.105	0.57700	0.57703			6
2024.12.13	02:12:32.014	0.57701				2
2024.12.13	02:12:32.618	0.57702	0.57705			6
2024.12.13	02:12:33.526	0.57706	0.57709			6
2024.12.13	02:12:33.856	0.57707				2
2024.12.13	02:12:34.184	0.57706				2
2024.12.13	02:12:34.489	0.57708				2
2024.12.13	02:12:38.052	0.57707				2
2024.12.13	02:12:40.147	0.57708				2
2024.12.13	02:12:42.537	0.57712	0.57714			6
2024.12.13	02:12:42.863	0.57713				2
2024.12.13	02:12:43.165	0.57712				2
2024.12.13	02:12:46.800	0.57713	0.57716			6
2024.12.13	02:12:47.415		0.57717			4
2024.12.13	02:12:49.054		0.57716			4
2024.12.13	02:12:49.361	0.57712	0.57715			6
2024.12.13	02:12:50.147		0.57714			4
2024.12.13	02:12:50.654	0.57711				2
2024.12.13	02:12:51.065	0.57712	0.57716			6
2024.12.13	02:12:57.665		0.57715			4
2024.12.13	02:12:57.974		0.57716			4
2024.12.13	02:12:58.819	0.57708	0.57711			6
2024.12.13	02:13:00.339	0.57709	0.57713			6
2024.12.13	02:13:00.693		0.57712			4
2024.12.13	02:13:01.051	0.57710	0.57713			6
2024.12.13	02:13:02.021	0.57709	0.57712			6
2024.12.13	02:13:02.324		0.57711			4
2024.12.13	02:13:05.119	0.57705	0.57707			6
2024.12.13	02:13:05.470		0.57708			4
2024.12.13	02:13:13.010	0.57707	0.57711			6
2024.12.13	02:13:20.725		0.57710			4
2024.12.13	02:13:22.130		0.57711			4
2024.12.13	02:13:22.889		0.57712			4
2024.12.13	02:13:23.859	0.57708	0.57713			6
2024.12.13	02:13:24.183	0.57709	0.57711			6
2024.12.13	02:13:25.778		0.57713			4
2024.12.13	02:13:26.085		0.57714			4
2024.12.13	02:13:29.745		0.57713			4
2024.12.13	02:13:30.351		0.57714			4
2024.12.13	02:13:33.379		0.57713			4
2024.12.13	02:13:41.256	0.57713	0.57714			6
2024.12.13	02:13:41.558		0.57716			4
2024.12.13	02:13:42.065	0.57715	0.57718			6
2024.12.13	02:13:44.109		0.57719			4
2024.12.13	02:13:44.618		0.57718			4
2024.12.13	02:13:47.647	0.57714	0.57716			6
2024.12.13	02:13:50.578		0.57718			4
2024.12.13	02:13:52.409	0.57715	0.57719			6
2024.12.13	02:13:55.469	0.57714	0.57717			6
2024.12.13	02:13:56.551		0.57716			4
2024.12.13	02:14:00.198	0.57715	0.57718			6
2024.12.13	02:14:04.492		0.57719			4
2024.12.13	02:14:09.842		0.57718			4
2024.12.13	02:14:10.786		0.57716			4
2024.12.13	02:14:11.145		0.57718			4
2024.12.13	02:14:14.903	0.57718	0.57721			6
2024.12.13	02:14:15.212		0.57722			4
2024.12.13	02:14:16.480		0.57721			4
2024.12.13	02:14:17.044		0.57722			4
2024.12.13	02:14:17.387		0.57721			4
2024.12.13	02:14:20.502	0.57717				2
2024.12.13	02:14:30.156	0.57718	0.57722			6
2024.12.13	02:14:32.278		0.57721			4
2024.12.13	02:14:36.526	0.57719	0.57722			6
2024.12.13	02:14:39.887	0.57718	0.57721			6
2024.12.13	02:14:41.405	0.57719	0.57722			6
2024.12.13	02:14:42.010		0.57721			4
2024.12.13	02:14:43.525		0.57722			4
2024.12.13	02:14:45.670	0.57718	0.57721			6
2024.12.13	02:14:45.970	0.57719	0.57722			6
2024.12.13	02:14:46.276		0.57721			4
2024.12.13	02:14:47.184	0.57718				2
2024.12.13	02:14:47.492	0.57719	0.57722			6
2024.12.13	02:14:49.338		0.57721			4
2024.12.13	02:15:00.299	0.57719				2
2024.12.13	02:15:04.241	0.57720	0.57722			6
2024.12.13	02:15:04.849	0.57719	0.57721			6
2024.12.13	02:15:06.384	0.57720	0.57722			6
2024.12.13	02:15:06.991	0.57719	0.57721			6
2024.12.13	02:15:09.113		0.57720			4
2024.12.13	02:15:10.020		0.57721			4
2024.12.13	02:15:10.325		0.57720			4
2024.12.13	02:15:10.627		0.57721			4
2024.12.13	02:15:10.931		0.57720			4
2024.12.13	02:15:11.232	0.57720	0.57721			6
2024.12.13	02:15:14.900	0.57717	0.57719			6
2024.12.13	02:15:18.253	0.57715	0.57717			6
2024.12.13	02:15:18.559	0.57717	0.57718			6
2024.12.13	02:15:18.861	0.57716				2
2024.12.13	02:15:20.678		0.57717			4
2024.12.13	02:15:20.982	0.57714	0.57715			6
2024.12.13	02:15:21.285		0.57716			4
2024.12.13	02:15:21.587	0.57715				2
2024.12.13	02:15:21.892	0.57714	0.57715			6
2024.12.13	02:15:22.195	0.57711	0.57713			6
2024.12.13	02:15:24.951	0.57710	0.57711			6
2024.12.13	02:15:25.258	0.57709	0.57710			6
2024.12.13	02:15:25.568	0.57710	0.57711			6
2024.12.13	02:15:25.911		0.57712			4
2024.12.13	02:15:26.216	0.57708	0.57709			6
2024.12.13	02:15:26.520	0.57706				2
2024.12.13	02:15:26.821	0.57707				2
2024.12.13	02:15:27.126	0.57706				2
2024.12.13	02:15:28.340	0.57707				2
2024.12.13	02:15:31.421	0.57706	0.57708			6
2024.12.13	02:15:31.724		0.57709			4
2024.12.13	02:15:32.027		0.57708			4
2024.12.13	02:15:32.633		0.57709			4
2024.12.13	02:15:34.149		0.57708			4
2024.12.13	02:15:35.663	0.57707	0.57709			6
2024.12.13	02:15:35.966	0.57701	0.57703			6
2024.12.13	02:15:36.270		0.57704			4
2024.12.13	02:15:36.883	0.57700				2
2024.12.13	02:15:37.658	0.57701				2
2024.12.13	02:15:37.987	0.57700				2
2024.12.13	02:15:38.643	0.57702	0.57706			6
2024.12.13	02:15:40.841	0.57703				2
2024.12.13	02:15:41.169	0.57704	0.57707			6
2024.12.13	02:15:41.475		0.57706			4
2024.12.13	02:15:42.990	0.57706	0.57709			6
2024.12.13	02:15:44.558		0.57710			4
2024.12.13	02:15:45.214	0.57707				2
2024.12.13	02:15:45.868	0.57706	0.57709			6
2024.12.13	02:15:46.171		0.57708			4
2024.12.13	02:15:47.992		0.57709			4
2024.12.13	02:15:49.810	0.57704	0.57707			6
2024.12.13	02:15:51.714	0.57705	0.57708			6
2024.12.13	02:15:52.639		0.57707			4
2024.12.13	02:15:53.247	0.57704				2
2024.12.13	02:15:54.812		0.57708			4
2024.12.13	02:15:55.112	0.57705	0.57707			6
2024.12.13	02:15:56.025	0.57704				2
2024.12.13	02:15:58.753	0.57701	0.57703			6
2024.12.13	02:15:59.059		0.57704			4
2024.12.13	02:16:00.015	0.57700	0.57703			6
2024.12.13	02:16:00.320	0.57698	0.57702			6
2024.12.13	02:16:02.695	0.57699	0.57703			6
2024.12.13	02:16:03.602	0.57700				2
2024.12.13	02:16:03.905		0.57704			4
2024.12.13	02:16:05.290	0.57699	0.57703			6
2024.12.13	02:16:08.261	0.57703	0.57706			6
2024.12.13	02:16:08.567	0.57700	0.57703			6
2024.12.13	02:16:12.041		0.57702			4
2024.12.13	02:16:12.648		0.57703			4
2024.12.13	02:16:15.376	0.57699	0.57701			6
2024.12.13	02:16:16.586	0.57700	0.57702			6
2024.12.13	02:16:16.888	0.57699				2
2024.12.13	02:16:19.173	0.57700	0.57701			6
2024.12.13	02:16:20.424		0.57703			4
2024.12.13	02:16:20.728	0.57701				2
2024.12.13	02:16:24.365	0.57700				2
2024.12.13	02:16:25.579	0.57702	0.57704			6
2024.12.13	02:16:26.841	0.57701	0.57703			6
2024.12.13	02:16:27.144	0.57700				2
2024.12.13	02:16:29.316	0.57701				2
2024.12.13	02:16:34.835	0.57699	0.57701			6
2024.12.13	02:16:37.299	0.57696	0.57699			6
2024.12.13	02:16:37.610	0.57697				2
2024.12.13	02:16:38.561	0.57699	0.57702			6
2024.12.13	02:16:39.166	0.57698				2
2024.12.13	02:16:40.133		0.57701			4
2024.12.13	02:16:41.187	0.57701	0.57704			6
2024.12.13	02:16:46.086	0.57700				2
2024.12.13	02:16:47.161	0.57701				2
2024.12.13	02:16:49.625	0.57702	0.57705			6
2024.12.13	02:16:50.233	0.57701				2
2024.12.13	02:16:55.207	0.57702				2
2024.12.13	02:16:55.538	0.57704	0.57706			6
2024.12.13	02:16:55.840	0.57705	0.57708			6
2024.12.13	02:16:56.342	0.57704	0.57706			6
2024.12.13	02:16:56.650	0.57703				2
2024.12.13	02:16:57.763	0.57704				2
2024.12.13	02:16:58.064	0.57703				2
2024.12.13	02:17:00.534	0.57704	0.57707			6
2024.12.13	02:17:08.842	0.57701	0.57703			6
2024.12.13	02:17:09.463	0.57705	0.57707			6
2024.12.13	02:17:09.776		0.57708			4
2024.12.13	02:17:10.629	0.57704	0.57706			6
2024.12.13	02:17:11.855	0.57703				2
2024.12.13	02:17:13.135	0.57705	0.57708			6
2024.12.13	02:17:14.696	0.57706	0.57709			6
2024.12.13	02:17:15.005	0.57710	0.57713			6
2024.12.13	02:17:15.322		0.57712			4
2024.12.13	02:17:15.949	0.57709	0.57711			6
2024.12.13	02:17:18.978	0.57708	0.57712			6
2024.12.13	02:17:20.195	0.57707	0.57711			6
2024.12.13	02:17:21.409		0.57710			4
2024.12.13	02:17:25.284	0.57708				2
2024.12.13	02:17:27.113		0.57714			4
2024.12.13	02:17:28.326	0.57706	0.57712			6
2024.12.13	02:17:28.632	0.57704	0.57710			6
2024.12.13	02:17:29.238		0.57706			4
2024.12.13	02:17:32.825	0.57706	0.57708			6
2024.12.13	02:17:33.430	0.57705				2
2024.12.13	02:17:37.073	0.57706	0.57709			6
2024.12.13	02:17:40.335		0.57708			4
2024.12.13	02:17:40.651		0.57709			4
2024.12.13	02:17:43.755	0.57705	0.57708			6
2024.12.13	02:17:45.203	0.57706	0.57709			6
2024.12.13	02:17:45.980	0.57707	0.57710			6
2024.12.13	02:17:53.979	0.57705	0.57707			6
2024.12.13	02:17:55.809	0.57704	0.57705			6
2024.12.13	02:17:59.444	0.57703	0.57706			6
2024.12.13	02:17:59.941	0.57704				2
2024.12.13	02:18:00.253	0.57703	0.57705			6
2024.12.13	02:18:00.570	0.57705	0.57709			6
2024.12.13	02:18:01.373	0.57707	0.57710			6
2024.12.13	02:18:01.674	0.57708	0.57712			6
2024.12.13	02:18:02.328		0.57713			4
2024.12.13	02:18:03.540	0.57707				2
2024.12.13	02:18:06.875	0.57708	0.57712			6
2024.12.13	02:18:07.177	0.57707				2
2024.12.13	02:18:10.206	0.57708				2
2024.12.13	02:18:10.816	0.57709				2
2024.12.13	02:18:11.118	0.57708				2
2024.12.13	02:18:11.722	0.57709	0.57713			6
2024.12.13	02:18:16.016	0.57708	0.57712			6
2024.12.13	02:18:24.602	0.57714	0.57717			6
2024.12.13	02:18:24.907		0.57716			4
2024.12.13	02:18:29.205	0.57713				2
2024.12.13	02:18:29.556	0.57714				2
2024.12.13	02:18:30.768	0.57713				2
2024.12.13	02:18:31.072	0.57714				2
2024.12.13	02:18:31.678	0.57713	0.57715			6
2024.12.13	02:18:40.531	0.57711	0.57713			6
2024.12.13	02:18:44.000		0.57714			4
2024.12.13	02:18:44.650		0.57713			4
2024.12.13	02:18:45.778	0.57709	0.57711			6
2024.12.13	02:18:48.482	0.57710	0.57712			6
2024.12.13	02:18:49.446		0.57713			4
2024.12.13	02:18:50.180		0.57714			4
2024.12.13	02:18:50.857		0.57713			4
2024.12.13	02:18:53.806	0.57706	0.57708			6
2024.12.13	02:18:54.435	0.57705				2
2024.12.13	02:18:54.742	0.57706				2
2024.12.13	02:18:55.067		0.57710			4
2024.12.13	02:18:55.387	0.57707				2
2024.12.13	02:18:55.727	0.57708				2
2024.12.13	02:18:56.028	0.57707				2
2024.12.13	02:18:57.014	0.57706	0.57709			6
2024.12.13	02:18:57.412	0.57707	0.57710			6
2024.12.13	02:19:00.210	0.57707				2
2024.12.13	02:19:00.544	0.57706	0.57708			6
2024.12.13	02:19:01.598	0.57705	0.57707			6
2024.12.13	02:19:02.227	0.57704				2
2024.12.13	02:19:02.898		0.57706			4
2024.12.13	02:19:06.514	0.57698	0.57700			6
2024.12.13	02:19:07.214	0.57699				2
2024.12.13	02:19:07.521	0.57698	0.57701			6
2024.12.13	02:19:08.406	0.57699				2
2024.12.13	02:19:08.710	0.57698				2
2024.12.13	02:19:09.846	0.57699				2
2024.12.13	02:19:10.173	0.57700				2
2024.12.13	02:19:10.501		0.57702			4
2024.12.13	02:19:12.263		0.57703			4
2024.12.13	02:19:13.339	0.57699	0.57701			6
2024.12.13	02:19:14.874	0.57698				2
2024.12.13	02:19:17.905	0.57696	0.57698			6
2024.12.13	02:19:18.207		0.57699			4
2024.12.13	02:19:19.068	0.57697				2
2024.12.13	02:19:19.369	0.57696				2
2024.12.13	02:19:19.722	0.57697				2
2024.12.13	02:19:23.663	0.57696	0.57698			6
2024.12.13	02:19:24.361	0.57694	0.57696			6
2024.12.13	02:19:24.674	0.57695	0.57697			6
2024.12.13	02:19:24.978		0.57696			4
2024.12.13	02:19:25.280	0.57697	0.57700			6
2024.12.13	02:19:25.588	0.57698	0.57701			6
2024.12.13	02:19:26.009		0.57702			4
2024.12.13	02:19:26.433		0.57701			4
2024.12.13	02:19:27.487	0.57702	0.57705			6
2024.12.13	02:19:27.797		0.57704			4
2024.12.13	02:19:28.534		0.57705			4
2024.12.13	02:19:28.869	0.57703				2
2024.12.13	02:19:29.777	0.57704	0.57708			6
2024.12.13	02:19:30.114		0.57707			4
2024.12.13	02:19:30.805		0.57706			4
2024.12.13	02:19:31.747	0.57703				2
2024.12.13	02:19:35.176	0.57702	0.57703			6
2024.12.13	02:19:36.695		0.57705			4
2024.12.13	02:19:39.911	0.57703				2
2024.12.13	02:19:40.529		0.57706			4
2024.12.13	02:19:40.833	0.57704	0.57708			6
2024.12.13	02:19:42.055	0.57705				2
2024.12.13	02:19:42.357		0.57707			4
2024.12.13	02:19:43.651		0.57708			4
2024.12.13	02:19:44.067		0.57707			4
2024.12.13	02:19:44.385	0.57704				2
2024.12.13	02:19:49.734	0.57707	0.57709			6
2024.12.13	02:19:50.381	0.57705				2
2024.12.13	02:19:50.732		0.57708			4
2024.12.13	02:19:54.279		0.57707			4
2024.12.13	02:19:58.285		0.57708			4
2024.12.13	02:20:00.428	0.57705				2
2024.12.13	02:20:05.469	0.57706	0.57709			6
2024.12.13	02:20:06.074	0.57707	0.57710			6
2024.12.13	02:20:08.320	0.57706	0.57709			6
2024.12.13	02:20:10.142	0.57703	0.57706			6
2024.12.13	02:20:11.568	0.57704				2
2024.12.13	02:20:12.226	0.57703				2
2024.12.13	02:20:16.497	0.57704				2
2024.12.13	02:20:16.807	0.57703				2
2024.12.13	02:20:17.171	0.57704				2
2024.12.13	02:20:18.079	0.57703				2
2024.12.13	02:20:19.467	0.57705	0.57708			6
2024.12.13	02:20:20.336	0.57706				2
2024.12.13	02:20:20.693	0.57705				2
