<DATE>	<TIME>	<BID>	<ASK>	<LAST>	<VOLUME>	<FLAGS>
2024.07.19	00:00:00.251	0.60430	0.60463			6
2024.07.19	00:00:01.647	0.60427				2
2024.07.19	00:01:59.902	0.60416	0.60616			6
2024.07.19	00:02:00.208	0.60414	0.60621			6
2024.07.19	00:02:00.509		0.60566			4
2024.07.19	00:02:29.948		0.60533			4
2024.07.19	00:02:30.281		0.60535			4
2024.07.19	00:02:31.329		0.60530			4
2024.07.19	00:02:32.705		0.60529			4
2024.07.19	00:02:40.308		0.60603			4
2024.07.19	00:02:40.613		0.60600			4
2024.07.19	00:02:40.915	0.60412				2
2024.07.19	00:02:41.219	0.60368	0.60568			6
2024.07.19	00:02:41.521	0.60414				2
2024.07.19	00:02:51.088		0.60566			4
2024.07.19	00:02:59.762		0.60520			4
2024.07.19	00:03:00.460	0.60414				2
2024.07.19	00:03:00.842		0.60544			4
2024.07.19	00:03:29.061	0.60412	0.60545			6
2024.07.19	00:03:29.591	0.60414	0.60544			6
2024.07.19	00:04:00.781	0.60414				2
2024.07.19	00:04:20.402	0.60434	0.60553			6
2024.07.19	00:04:24.241		0.60552			4
2024.07.19	00:04:25.244		0.60551			4
2024.07.19	00:05:00.279	0.60434				2
2024.07.19	00:05:07.272	0.60466				2
2024.07.19	00:05:07.632	0.60450				2
2024.07.19	00:05:14.940	0.60434				2
2024.07.19	00:05:19.552	0.60450				2
2024.07.19	00:05:25.782	0.60434	0.60551			6
2024.07.19	00:05:29.471		0.60524			4
2024.07.19	00:05:34.998		0.60523			4
2024.07.19	00:05:36.132		0.60524			4
2024.07.19	00:05:40.447		0.60523			4
2024.07.19	00:05:45.990		0.60509			4
2024.07.19	00:05:47.929	0.60435				2
2024.07.19	00:06:00.616	0.60435				2
2024.07.19	00:06:46.042		0.60509			4
2024.07.19	00:07:01.038	0.60435				2
2024.07.19	00:07:51.008		0.60509			4
2024.07.19	00:08:00.582	0.60435				2
2024.07.19	00:08:54.998		0.60509			4
2024.07.19	00:09:01.008	0.60435				2
2024.07.19	00:09:54.076		0.60515			4
2024.07.19	00:09:54.934		0.60514			4
2024.07.19	00:10:00.311	0.60439				2
2024.07.19	00:10:00.689	0.60440				2
2024.07.19	00:10:01.237	0.60439				2
2024.07.19	00:10:13.233	0.60440				2
2024.07.19	00:11:42.236	0.60443	0.60508			6
2024.07.19	00:11:44.731	0.60444				2
2024.07.19	00:11:45.034	0.60443				2
2024.07.19	00:11:51.688	0.60444	0.60507			6
2024.07.19	00:12:02.349	0.60444				2
2024.07.19	00:12:20.552	0.60449				2
2024.07.19	00:12:20.863		0.60516			4
2024.07.19	00:12:21.214		0.60515			4
2024.07.19	00:12:21.851		0.60513			4
2024.07.19	00:12:25.689	0.60454	0.60515			6
2024.07.19	00:12:26.191		0.60516			4
2024.07.19	00:12:48.739		0.60517			4
2024.07.19	00:13:00.381	0.60454	0.60516			6
2024.07.19	00:13:01.149		0.60517			4
2024.07.19	00:13:11.269		0.60518			4
2024.07.19	00:13:20.745		0.60517			4
2024.07.19	00:13:35.818		0.60516			4
2024.07.19	00:13:41.141		0.60517			4
2024.07.19	00:13:45.359		0.60516			4
2024.07.19	00:13:53.285		0.60517			4
2024.07.19	00:14:01.142	0.60454				2
2024.07.19	00:14:49.594		0.60508			4
2024.07.19	00:14:59.972		0.60511			4
2024.07.19	00:15:00.370	0.60454				2
2024.07.19	00:15:03.411		0.60516			4
2024.07.19	00:15:11.129		0.60518			4
2024.07.19	00:15:31.765		0.60520			4
2024.07.19	00:15:33.428		0.60519			4
2024.07.19	00:15:39.719		0.60520			4
2024.07.19	00:16:00.786	0.60454				2
2024.07.19	00:16:26.121		0.60519			4
2024.07.19	00:17:00.746	0.60454				2
2024.07.19	00:17:10.789	0.60435	0.60518			6
2024.07.19	00:17:11.595	0.60434				2
2024.07.19	00:17:12.128	0.60436				2
2024.07.19	00:17:14.485	0.60435	0.60515			6
2024.07.19	00:17:20.922	0.60436	0.60513			6
2024.07.19	00:17:58.593		0.60510			4
2024.07.19	00:18:00.839	0.60434				2
2024.07.19	00:18:59.047		0.60510			4
2024.07.19	00:19:09.846	0.60434				2
2024.07.19	00:19:13.939	0.60445				2
2024.07.19	00:19:23.569		0.60508			4
2024.07.19	00:20:00.884	0.60445				2
2024.07.19	00:20:13.396	0.60443				2
2024.07.19	00:20:23.615		0.60508			4
2024.07.19	00:20:25.139		0.60507			4
2024.07.19	00:21:00.884	0.60443				2
2024.07.19	00:21:30.790		0.60507			4
2024.07.19	00:22:00.689	0.60443				2
2024.07.19	00:22:30.978		0.60507			4
2024.07.19	00:23:00.865	0.60443				2
2024.07.19	00:23:32.046		0.60507			4
2024.07.19	00:24:02.040	0.60443				2
2024.07.19	00:24:39.750		0.60507			4
2024.07.19	00:25:01.007	0.60443				2
2024.07.19	00:25:23.331	0.60460	0.60513			6
2024.07.19	00:26:02.161	0.60460				2
2024.07.19	00:26:23.384		0.60513			4
2024.07.19	00:27:04.446	0.60460				2
2024.07.19	00:27:24.801		0.60513			4
2024.07.19	00:27:46.616	0.60443	0.60511			6
2024.07.19	00:27:47.001	0.60442				2
2024.07.19	00:27:58.662		0.60508			4
2024.07.19	00:28:00.358	0.60442				2
2024.07.19	00:28:03.979		0.60506			4
2024.07.19	00:28:05.124		0.60504			4
2024.07.19	00:28:08.824		0.60501			4
2024.07.19	00:28:24.268	0.60434	0.60496			6
2024.07.19	00:28:24.649	0.60432	0.60497			6
2024.07.19	00:28:26.207		0.60494			4
2024.07.19	00:28:30.234		0.60490			4
2024.07.19	00:28:45.194	0.60431	0.60484			6
2024.07.19	00:28:46.192		0.60482			4
2024.07.19	00:28:53.174		0.60478			4
2024.07.19	00:28:53.675		0.60476			4
2024.07.19	00:29:01.170	0.60429				2
2024.07.19	00:29:02.698		0.60474			4
2024.07.19	00:29:03.707		0.60471			4
2024.07.19	00:29:17.008		0.60472			4
2024.07.19	00:29:33.452		0.60470			4
2024.07.19	00:29:47.901		0.60473			4
2024.07.19	00:29:49.156	0.60431	0.60479			6
2024.07.19	00:29:49.651		0.60482			4
2024.07.19	00:29:50.012	0.60439	0.60500			6
2024.07.19	00:29:50.313	0.60442	0.60505			6
2024.07.19	00:29:50.722	0.60445	0.60510			6
2024.07.19	00:29:51.081		0.60511			4
2024.07.19	00:29:51.680		0.60512			4
2024.07.19	00:29:52.128		0.60510			4
2024.07.19	00:29:54.661		0.60511			4
2024.07.19	00:29:54.959		0.60512			4
2024.07.19	00:29:55.263		0.60511			4
2024.07.19	00:29:55.569		0.60510			4
2024.07.19	00:29:58.518		0.60511			4
2024.07.19	00:29:58.838		0.60510			4
2024.07.19	00:29:59.230		0.60512			4
2024.07.19	00:29:59.531		0.60510			4
2024.07.19	00:29:59.834		0.60511			4
2024.07.19	00:30:00.137	0.60440				2
2024.07.19	00:30:00.463	0.60448	0.60510			6
2024.07.19	00:30:02.684		0.60509			4
2024.07.19	00:30:03.344	0.60438				2
2024.07.19	00:30:04.931	0.60436	0.60507			6
2024.07.19	00:30:05.635	0.60437				2
2024.07.19	00:30:13.863	0.60435				2
2024.07.19	00:31:44.645	0.60449	0.60517			6
2024.07.19	00:31:46.128		0.60516			4
2024.07.19	00:31:52.127		0.60517			4
2024.07.19	00:33:10.915	0.60451	0.60517			6
2024.07.19	00:33:44.483		0.60516			4
2024.07.19	00:33:48.846		0.60518			4
2024.07.19	00:33:49.340		0.60517			4
2024.07.19	00:33:49.663		0.60516			4
2024.07.19	00:33:50.291		0.60513			4
2024.07.19	00:33:50.677	0.60450	0.60512			6
2024.07.19	00:33:52.282		0.60514			4
2024.07.19	00:33:53.031		0.60512			4
2024.07.19	00:33:53.375		0.60510			4
2024.07.19	00:33:54.361	0.60455	0.60508			6
2024.07.19	00:33:54.694	0.60450	0.60507			6
2024.07.19	00:34:00.353	0.60450				2
2024.07.19	00:34:00.679	0.60449				2
2024.07.19	00:34:20.767	0.60450				2
2024.07.19	00:34:48.600		0.60508			4
2024.07.19	00:34:50.896		0.60497			4
2024.07.19	00:35:00.896	0.60450	0.60509			6
2024.07.19	00:35:07.046	0.60449				2
2024.07.19	00:35:07.717		0.60507			4
2024.07.19	00:36:01.008	0.60449				2
2024.07.19	00:36:03.418	0.60447				2
2024.07.19	00:36:06.892		0.60506			4
2024.07.19	00:36:10.401	0.60446				2
2024.07.19	00:36:11.348		0.60507			4
2024.07.19	00:36:27.238	0.60447				2
2024.07.19	00:36:27.547		0.60506			4
2024.07.19	00:36:30.538		0.60507			4
2024.07.19	00:36:42.045		0.60506			4
2024.07.19	00:36:48.712	0.60449				2
2024.07.19	00:36:49.012		0.60507			4
2024.07.19	00:37:00.929	0.60449				2
2024.07.19	00:37:14.939		0.60506			4
2024.07.19	00:37:17.347		0.60507			4
2024.07.19	00:38:01.148	0.60449				2
2024.07.19	00:38:07.639		0.60506			4
2024.07.19	00:38:18.755	0.60448				2
2024.07.19	00:38:31.011	0.60447	0.60505			6
2024.07.19	00:38:36.191		0.60504			4
2024.07.19	00:38:41.440	0.60448	0.60505			6
2024.07.19	00:38:43.660		0.60504			4
2024.07.19	00:38:48.854		0.60505			4
2024.07.19	00:39:00.979	0.60448				2
2024.07.19	00:39:14.970		0.60495			4
2024.07.19	00:39:24.848		0.60505			4
2024.07.19	00:40:00.885	0.60448				2
2024.07.19	00:40:05.847	0.60449				2
2024.07.19	00:40:29.780		0.60505			4
2024.07.19	00:40:59.472		0.60506			4
2024.07.19	00:41:00.595	0.60449				2
2024.07.19	00:41:42.836	0.60450				2
2024.07.19	00:42:00.507	0.60450	0.60506			6
2024.07.19	00:42:31.083		0.60503			4
2024.07.19	00:42:33.541	0.60449				2
2024.07.19	00:42:42.390	0.60450				2
2024.07.19	00:43:00.661	0.60450				2
2024.07.19	00:43:07.428	0.60449	0.60502			6
2024.07.19	00:43:11.047		0.60503			4
2024.07.19	00:43:13.981	0.60448				2
2024.07.19	00:43:40.320	0.60447				2
2024.07.19	00:44:00.410	0.60447				2
2024.07.19	00:44:01.148	0.60454				2
2024.07.19	00:44:01.461	0.60452	0.60504			6
2024.07.19	00:44:01.882	0.60447	0.60503			6
2024.07.19	00:44:02.449		0.60502			4
2024.07.19	00:45:00.653	0.60447				2
2024.07.19	00:45:01.430	0.60436				2
2024.07.19	00:45:02.576	0.60447	0.60502			6
2024.07.19	00:45:06.026	0.60462	0.60489			6
2024.07.19	00:45:20.305		0.60490			4
2024.07.19	00:45:46.740	0.60463	0.60491			6
2024.07.19	00:45:48.338		0.60490			4
2024.07.19	00:45:51.026	0.60464				2
2024.07.19	00:46:00.380	0.60464				2
2024.07.19	00:46:01.983		0.60491			4
2024.07.19	00:46:07.074	0.60463				2
2024.07.19	00:46:08.395		0.60490			4
2024.07.19	00:46:12.904		0.60489			4
2024.07.19	00:46:14.341	0.60462				2
2024.07.19	00:46:21.148		0.60490			4
2024.07.19	00:46:27.438	0.60465	0.60491			6
2024.07.19	00:46:27.974		0.60490			4
2024.07.19	00:46:37.433		0.60489			4
2024.07.19	00:46:40.285	0.60464	0.60488			6
2024.07.19	00:46:43.988	0.60463				2
2024.07.19	00:46:45.074		0.60489			4
2024.07.19	00:46:47.829	0.60462	0.60488			6
2024.07.19	00:47:01.424	0.60443				2
2024.07.19	00:47:01.992	0.60444				2
2024.07.19	00:47:02.582	0.60462				2
2024.07.19	00:47:07.911		0.60487			4
2024.07.19	00:47:11.148		0.60488			4
2024.07.19	00:47:35.008		0.60487			4
2024.07.19	00:47:48.257		0.60488			4
2024.07.19	00:47:51.998		0.60487			4
2024.07.19	00:47:53.782	0.60467	0.60488			6
2024.07.19	00:47:56.047	0.60465				2
2024.07.19	00:47:58.125		0.60487			4
2024.07.19	00:47:59.252	0.60466	0.60489			6
2024.07.19	00:48:01.149	0.60466				2
2024.07.19	00:48:05.803	0.60465				2
2024.07.19	00:48:07.841	0.60464				2
2024.07.19	00:48:11.181		0.60490			4
2024.07.19	00:48:13.421	0.60463				2
2024.07.19	00:48:13.880		0.60489			4
2024.07.19	00:48:19.073	0.60462				2
2024.07.19	00:48:21.918		0.60490			4
2024.07.19	00:48:32.956	0.60463	0.60491			6
2024.07.19	00:48:39.041		0.60492			4
2024.07.19	00:48:39.723		0.60490			4
2024.07.19	00:48:40.040	0.60464	0.60492			6
2024.07.19	00:48:40.398		0.60493			4
2024.07.19	00:48:45.095		0.60494			4
2024.07.19	00:48:49.895	0.60463	0.60491			6
2024.07.19	00:48:50.201		0.60490			4
2024.07.19	00:48:52.090		0.60492			4
2024.07.19	00:48:55.601		0.60493			4
2024.07.19	00:48:56.464	0.60464				2
2024.07.19	00:48:56.766	0.60463	0.60492			6
2024.07.19	00:48:57.081		0.60490			4
2024.07.19	00:48:57.412		0.60492			4
2024.07.19	00:48:57.724		0.60491			4
2024.07.19	00:48:58.037		0.60490			4
2024.07.19	00:48:58.689		0.60491			4
2024.07.19	00:48:59.332		0.60489			4
2024.07.19	00:49:00.064	0.60463	0.60492			6
2024.07.19	00:49:01.339	0.60464	0.60490			6
2024.07.19	00:49:04.303		0.60493			4
2024.07.19	00:49:04.612		0.60492			4
2024.07.19	00:49:09.366	0.60463	0.60491			6
2024.07.19	00:49:10.203		0.60490			4
2024.07.19	00:49:11.616	0.60464	0.60492			6
2024.07.19	00:49:20.392		0.60491			4
2024.07.19	00:49:20.708		0.60492			4
2024.07.19	00:49:29.837		0.60491			4
2024.07.19	00:49:30.150	0.60463	0.60489			6
2024.07.19	00:49:30.489	0.60464				2
2024.07.19	00:49:31.101		0.60491			4
2024.07.19	00:49:31.407	0.60463	0.60489			6
2024.07.19	00:49:31.745	0.60464	0.60491			6
2024.07.19	00:49:32.367		0.60490			4
2024.07.19	00:49:35.780		0.60492			4
2024.07.19	00:49:39.927		0.60491			4
2024.07.19	00:49:40.242		0.60490			4
2024.07.19	00:49:40.659		0.60491			4
2024.07.19	00:49:44.821		0.60490			4
2024.07.19	00:49:47.166	0.60463				2
2024.07.19	00:49:49.711	0.60464	0.60492			6
2024.07.19	00:49:50.014		0.60489			4
2024.07.19	00:49:50.320		0.60490			4
2024.07.19	00:50:00.398	0.60464				2
2024.07.19	00:50:01.109	0.60463	0.60489			6
2024.07.19	00:50:01.426	0.60464	0.60490			6
2024.07.19	00:50:01.782	0.60463	0.60489			6
2024.07.19	00:50:02.124		0.60488			4
2024.07.19	00:50:02.468	0.60464				2
2024.07.19	00:50:02.780	0.60463	0.60489			6
2024.07.19	00:50:04.555	0.60464	0.60490			6
2024.07.19	00:50:06.638		0.60491			4
2024.07.19	00:50:11.285		0.60489			4
2024.07.19	00:50:12.794		0.60490			4
2024.07.19	00:50:14.738	0.60463	0.60489			6
2024.07.19	00:50:15.356		0.60488			4
2024.07.19	00:50:16.178		0.60489			4
2024.07.19	00:50:22.180		0.60488			4
2024.07.19	00:50:22.798	0.60462				2
2024.07.19	00:50:35.000	0.60463	0.60487			6
2024.07.19	00:50:36.050		0.60488			4
2024.07.19	00:50:37.007	0.60462	0.60490			6
2024.07.19	00:50:37.310	0.60463	0.60489			6
2024.07.19	00:50:37.614	0.60464	0.60490			6
2024.07.19	00:50:38.220		0.60492			4
2024.07.19	00:50:39.278		0.60494			4
2024.07.19	00:50:39.594	0.60466	0.60496			6
2024.07.19	00:50:39.915	0.60465	0.60495			6
2024.07.19	00:50:50.438	0.60466	0.60494			6
2024.07.19	00:50:50.748		0.60493			4
2024.07.19	00:50:51.995	0.60465	0.60491			6
2024.07.19	00:50:52.316		0.60493			4
2024.07.19	00:51:00.455	0.60465				2
2024.07.19	00:51:05.513	0.60466	0.60492			6
2024.07.19	00:51:05.817	0.60465				2
2024.07.19	00:51:06.165	0.60464				2
2024.07.19	00:51:06.526		0.60493			4
2024.07.19	00:51:07.920		0.60494			4
2024.07.19	00:51:08.479	0.60465				2
2024.07.19	00:51:09.828	0.60464				2
2024.07.19	00:51:10.132	0.60465				2
2024.07.19	00:51:10.438	0.60464	0.60493			6
2024.07.19	00:51:10.741	0.60465	0.60494			6
2024.07.19	00:51:11.881	0.60464	0.60491			6
2024.07.19	00:51:13.724		0.60490			4
2024.07.19	00:51:14.883		0.60489			4
2024.07.19	00:51:15.970		0.60490			4
2024.07.19	00:51:16.939		0.60489			4
2024.07.19	00:51:17.909		0.60490			4
2024.07.19	00:51:22.506		0.60493			4
2024.07.19	00:51:22.865		0.60492			4
2024.07.19	00:51:23.287		0.60493			4
2024.07.19	00:51:23.971	0.60465	0.60494			6
2024.07.19	00:51:25.341	0.60464	0.60493			6
2024.07.19	00:51:28.444	0.60465	0.60495			6
2024.07.19	00:51:35.545		0.60494			4
2024.07.19	00:51:39.522		0.60495			4
2024.07.19	00:51:39.827	0.60464				2
2024.07.19	00:51:40.129		0.60494			4
2024.07.19	00:51:41.633	0.60465	0.60495			6
2024.07.19	00:51:43.285	0.60464	0.60493			6
2024.07.19	00:51:43.592		0.60491			4
2024.07.19	00:51:43.933		0.60492			4
2024.07.19	00:51:45.934		0.60491			4
2024.07.19	00:51:48.355		0.60492			4
2024.07.19	00:51:53.049	0.60465	0.60493			6
2024.07.19	00:51:58.767		0.60494			4
2024.07.19	00:52:03.218	0.60465				2
2024.07.19	00:52:03.521	0.60464	0.60491			6
2024.07.19	00:52:04.463		0.60493			4
2024.07.19	00:52:06.240	0.60465	0.60494			6
2024.07.19	00:52:08.168	0.60464	0.60493			6
2024.07.19	00:52:08.502		0.60494			4
2024.07.19	00:52:11.535	0.60465	0.60496			6
2024.07.19	00:52:13.344		0.60495			4
2024.07.19	00:52:13.647		0.60493			4
2024.07.19	00:52:14.837	0.60466	0.60495			6
2024.07.19	00:52:15.347	0.60465				2
2024.07.19	00:52:18.604		0.60494			4
2024.07.19	00:52:20.552		0.60493			4
2024.07.19	00:52:20.860		0.60494			4
2024.07.19	00:52:21.163		0.60493			4
2024.07.19	00:52:21.470		0.60496			4
2024.07.19	00:52:21.771		0.60493			4
2024.07.19	00:52:22.075		0.60494			4
2024.07.19	00:52:22.380		0.60492			4
2024.07.19	00:52:22.682		0.60494			4
2024.07.19	00:52:24.067		0.60495			4
2024.07.19	00:52:32.860		0.60493			4
2024.07.19	00:52:33.169	0.60466	0.60495			6
2024.07.19	00:52:33.558	0.60465	0.60494			6
2024.07.19	00:52:44.243		0.60493			4
2024.07.19	00:52:44.902	0.60466	0.60495			6
2024.07.19	00:52:48.008	0.60465	0.60493			6
2024.07.19	00:52:48.325	0.60464				2
2024.07.19	00:52:48.626	0.60465	0.60492			6
2024.07.19	00:52:49.235		0.60493			4
2024.07.19	00:52:49.563		0.60492			4
2024.07.19	00:52:49.879		0.60495			4
2024.07.19	00:52:54.079		0.60493			4
2024.07.19	00:52:57.139		0.60494			4
2024.07.19	00:52:59.556		0.60493			4
2024.07.19	00:53:00.220	0.60465				2
2024.07.19	00:53:13.389	0.60464				2
2024.07.19	00:53:24.632	0.60465				2
2024.07.19	00:53:29.628		0.60495			4
2024.07.19	00:53:34.658		0.60494			4
2024.07.19	00:53:34.960	0.60464	0.60491			6
2024.07.19	00:53:39.400	0.60465	0.60493			6
2024.07.19	00:53:41.341		0.60495			4
2024.07.19	00:53:41.642		0.60494			4
2024.07.19	00:53:44.448	0.60466				2
2024.07.19	00:53:50.898	0.60465	0.60493			6
2024.07.19	00:53:51.205	0.60466	0.60494			6
2024.07.19	00:53:51.540		0.60495			4
2024.07.19	00:53:55.150	0.60465	0.60494			6
2024.07.19	00:53:55.454	0.60466	0.60496			6
2024.07.19	00:53:55.762		0.60495			4
2024.07.19	00:54:01.885	0.60466				2
2024.07.19	00:54:05.888	0.60465	0.60493			6
2024.07.19	00:54:06.204		0.60494			4
2024.07.19	00:54:06.526		0.60495			4
2024.07.19	00:54:07.142	0.60464	0.60492			6
2024.07.19	00:54:07.449		0.60493			4
2024.07.19	00:54:10.325		0.60494			4
2024.07.19	00:54:15.351		0.60492			4
2024.07.19	00:54:15.664	0.60465	0.60495			6
2024.07.19	00:54:22.418	0.60464	0.60494			6
2024.07.19	00:54:25.521	0.60465	0.60495			6
2024.07.19	00:54:25.828		0.60496			4
2024.07.19	00:54:29.169		0.60495			4
2024.07.19	00:54:38.754	0.60466	0.60496			6
2024.07.19	00:54:40.013		0.60497			4
2024.07.19	00:54:41.538		0.60496			4
2024.07.19	00:54:42.355		0.60494			4
2024.07.19	00:54:42.662		0.60495			4
2024.07.19	00:54:42.989	0.60465	0.60493			6
2024.07.19	00:54:43.291		0.60494			4
2024.07.19	00:54:43.618	0.60464	0.60492			6
2024.07.19	00:54:43.937		0.60493			4
2024.07.19	00:54:44.243		0.60494			4
2024.07.19	00:54:45.965	0.60465				2
2024.07.19	00:54:56.155		0.60495			4
2024.07.19	00:54:57.493		0.60493			4
2024.07.19	00:54:57.804		0.60494			4
2024.07.19	00:54:58.147		0.60493			4
2024.07.19	00:55:01.010	0.60465				2
2024.07.19	00:55:01.887		0.60496			4
2024.07.19	00:55:02.355	0.60466	0.60497			6
2024.07.19	00:55:03.315		0.60498			4
2024.07.19	00:55:06.293		0.60495			4
2024.07.19	00:55:06.600	0.60465				2
2024.07.19	00:55:07.593		0.60494			4
2024.07.19	00:55:12.063		0.60495			4
2024.07.19	00:55:13.077		0.60494			4
2024.07.19	00:55:16.866	0.60466				2
2024.07.19	00:55:26.921		0.60492			4
2024.07.19	00:55:27.225	0.60464	0.60493			6
2024.07.19	00:55:35.981	0.60465	0.60494			6
2024.07.19	00:55:37.047		0.60493			4
2024.07.19	00:55:38.319	0.60466	0.60496			6
2024.07.19	00:55:47.875		0.60495			4
2024.07.19	00:55:54.383	0.60478	0.60509			6
2024.07.19	00:55:54.681	0.60493	0.60515			6
2024.07.19	00:55:54.984		0.60526			4
2024.07.19	00:55:55.313		0.60517			4
2024.07.19	00:55:55.745	0.60492	0.60522			6
2024.07.19	00:55:56.051	0.60487	0.60509			6
2024.07.19	00:55:56.363	0.60485	0.60519			6
2024.07.19	00:55:56.827		0.60506			4
2024.07.19	00:55:57.137		0.60505			4
2024.07.19	00:55:57.460		0.60510			4
2024.07.19	00:55:57.778		0.60503			4
2024.07.19	00:55:58.136		0.60502			4
2024.07.19	00:55:59.773	0.60484	0.60521			6
2024.07.19	00:56:00.082	0.60485	0.60509			6
2024.07.19	00:56:00.410	0.60484	0.60508			6
2024.07.19	00:56:00.778		0.60506			4
2024.07.19	00:56:01.249	0.60483	0.60505			6
2024.07.19	00:56:01.559	0.60484	0.60508			6
2024.07.19	00:56:01.863		0.60510			4
2024.07.19	00:56:03.131		0.60509			4
2024.07.19	00:56:03.978	0.60483	0.60507			6
2024.07.19	00:56:04.281	0.60482	0.60506			6
2024.07.19	00:56:07.770	0.60483	0.60509			6
2024.07.19	00:56:08.327		0.60508			4
2024.07.19	00:56:09.178	0.60481	0.60509			6
2024.07.19	00:56:10.249	0.60482	0.60508			6
2024.07.19	00:56:10.570	0.60481				2
2024.07.19	00:56:11.400	0.60478	0.60505			6
2024.07.19	00:56:13.064	0.60479				2
2024.07.19	00:56:15.125	0.60477				2
2024.07.19	00:56:16.425	0.60481	0.60506			6
2024.07.19	00:56:17.151	0.60482				2
2024.07.19	00:56:17.471	0.60481	0.60507			6
2024.07.19	00:56:18.635		0.60506			4
2024.07.19	00:56:19.665	0.60480	0.60503			6
2024.07.19	00:56:19.986		0.60504			4
2024.07.19	00:56:20.699		0.60503			4
2024.07.19	00:56:22.462	0.60479				2
2024.07.19	00:56:24.125	0.60480	0.60504			6
2024.07.19	00:56:25.008	0.60478				2
2024.07.19	00:56:26.660		0.60503			4
2024.07.19	00:56:27.633	0.60476				2
2024.07.19	00:56:31.876	0.60474	0.60504			6
2024.07.19	00:56:36.169	0.60475				2
2024.07.19	00:56:36.472	0.60476	0.60505			6
2024.07.19	00:56:36.784	0.60475	0.60504			6
2024.07.19	00:56:41.247	0.60476				2
2024.07.19	00:56:42.187	0.60475				2
2024.07.19	00:56:47.146	0.60479				2
2024.07.19	00:56:47.466	0.60476	0.60502			6
2024.07.19	00:56:47.770	0.60475	0.60504			6
2024.07.19	00:56:48.116	0.60473	0.60502			6
2024.07.19	00:56:48.859	0.60474				2
2024.07.19	00:56:49.726		0.60504			4
2024.07.19	00:56:50.969	0.60475				2
2024.07.19	00:56:54.126		0.60502			4
2024.07.19	00:56:54.449		0.60503			4
2024.07.19	00:56:56.348		0.60504			4
2024.07.19	00:56:58.084		0.60503			4
2024.07.19	00:56:58.392		0.60504			4
2024.07.19	00:57:01.404	0.60477	0.60503			6
2024.07.19	00:57:02.422	0.60476	0.60504			6
2024.07.19	00:57:04.895	0.60477				2
2024.07.19	00:57:06.497	0.60476				2
2024.07.19	00:57:09.127		0.60505			4
2024.07.19	00:57:10.368	0.60477	0.60504			6
2024.07.19	00:57:11.528		0.60503			4
2024.07.19	00:57:14.370		0.60508			4
2024.07.19	00:57:20.779		0.60510			4
2024.07.19	00:57:21.081	0.60478				2
2024.07.19	00:57:21.602		0.60513			4
2024.07.19	00:57:22.320	0.60480				2
2024.07.19	00:57:25.271		0.60514			4
2024.07.19	00:57:28.072		0.60513			4
2024.07.19	00:57:28.678		0.60514			4
2024.07.19	00:57:29.780		0.60513			4
2024.07.19	00:57:30.402	0.60481				2
2024.07.19	00:57:31.921		0.60514			4
2024.07.19	00:57:33.086	0.60482	0.60515			6
2024.07.19	00:57:33.726		0.60516			4
2024.07.19	00:57:34.149	0.60484	0.60515			6
2024.07.19	00:57:34.451	0.60486	0.60511			6
2024.07.19	00:57:34.760	0.60476	0.60508			6
2024.07.19	00:57:35.063		0.60501			4
2024.07.19	00:57:35.364		0.60499			4
2024.07.19	00:57:35.730	0.60474	0.60498			6
2024.07.19	00:57:36.036	0.60473	0.60497			6
2024.07.19	00:57:38.225	0.60472	0.60496			6
2024.07.19	00:57:39.118	0.60471				2
2024.07.19	00:57:39.839		0.60495			4
2024.07.19	00:57:40.228	0.60470	0.60491			6
2024.07.19	00:57:40.573		0.60490			4
2024.07.19	00:57:41.163		0.60491			4
2024.07.19	00:57:44.200	0.60469				2
2024.07.19	00:57:44.706		0.60492			4
2024.07.19	00:57:45.365	0.60467	0.60491			6
2024.07.19	00:57:46.281		0.60490			4
2024.07.19	00:57:46.859		0.60491			4
2024.07.19	00:57:49.677	0.60468				2
2024.07.19	00:57:50.121	0.60467	0.60490			6
2024.07.19	00:57:50.781		0.60491			4
2024.07.19	00:57:52.752		0.60490			4
2024.07.19	00:57:53.421		0.60491			4
2024.07.19	00:57:55.880		0.60490			4
2024.07.19	00:57:58.772		0.60491			4
2024.07.19	00:58:01.010	0.60467				2
2024.07.19	00:58:02.692		0.60490			4
2024.07.19	00:58:03.048		0.60491			4
2024.07.19	00:58:07.083		0.60492			4
2024.07.19	00:58:09.059		0.60491			4
2024.07.19	00:58:09.363		0.60492			4
2024.07.19	00:58:09.962		0.60491			4
2024.07.19	00:58:17.124	0.60468				2
2024.07.19	00:58:18.071		0.60490			4
2024.07.19	00:58:20.222	0.60469	0.60493			6
2024.07.19	00:58:20.526		0.60492			4
2024.07.19	00:58:21.303		0.60493			4
2024.07.19	00:58:21.661		0.60491			4
2024.07.19	00:58:30.126	0.60468				2
2024.07.19	00:58:32.773		0.60490			4
2024.07.19	00:58:34.126	0.60469				2
2024.07.19	00:58:36.000		0.60489			4
2024.07.19	00:58:37.641		0.60490			4
2024.07.19	00:58:38.154		0.60489			4
2024.07.19	00:58:43.324	0.60468				2
2024.07.19	00:58:49.122		0.60490			4
2024.07.19	00:58:52.768		0.60489			4
2024.07.19	00:58:54.625		0.60490			4
2024.07.19	00:59:00.153	0.60468	0.60489			6
2024.07.19	00:59:00.538		0.60491			4
2024.07.19	00:59:00.960		0.60489			4
2024.07.19	00:59:08.204		0.60490			4
2024.07.19	00:59:08.699	0.60469	0.60489			6
2024.07.19	00:59:09.014		0.60491			4
2024.07.19	00:59:09.735		0.60488			4
2024.07.19	00:59:10.256	0.60468	0.60490			6
2024.07.19	00:59:10.560	0.60469	0.60488			6
2024.07.19	00:59:12.727	0.60468	0.60489			6
2024.07.19	00:59:13.081		0.60491			4
2024.07.19	00:59:13.886	0.60469	0.60489			6
2024.07.19	00:59:16.594		0.60487			4
2024.07.19	00:59:20.080		0.60488			4
2024.07.19	00:59:21.669	0.60461	0.60483			6
2024.07.19	00:59:21.986	0.60460	0.60482			6
2024.07.19	00:59:23.097		0.60481			4
2024.07.19	00:59:35.623	0.60465	0.60480			6
2024.07.19	00:59:36.194	0.60461				2
2024.07.19	00:59:40.704	0.60462	0.60485			6
2024.07.19	00:59:41.005		0.60486			4
2024.07.19	00:59:41.347		0.60484			4
2024.07.19	00:59:42.497	0.60461	0.60487			6
2024.07.19	00:59:42.806		0.60488			4
2024.07.19	00:59:43.617		0.60486			4
2024.07.19	00:59:44.056	0.60460	0.60485			6
2024.07.19	00:59:44.526		0.60484			4
2024.07.19	00:59:45.299		0.60485			4
2024.07.19	00:59:46.150	0.60458	0.60483			6
2024.07.19	00:59:46.578		0.60481			4
2024.07.19	00:59:48.880	0.60457	0.60480			6
2024.07.19	00:59:50.677		0.60481			4
2024.07.19	00:59:51.015	0.60454	0.60480			6
2024.07.19	00:59:51.544		0.60479			4
2024.07.19	00:59:53.178		0.60480			4
2024.07.19	01:00:00.305	0.60466	0.60485			6
2024.07.19	01:00:00.625	0.60451	0.60480			6
2024.07.19	01:00:00.926	0.60452	0.60478			6
2024.07.19	01:00:01.228	0.60451	0.60476			6
2024.07.19	01:00:01.542	0.60441	0.60477			6
2024.07.19	01:00:02.401	0.60452	0.60490			6
2024.07.19	01:00:02.785	0.60460	0.60479			6
2024.07.19	01:00:03.120	0.60461	0.60478			6
2024.07.19	01:00:03.434		0.60474			4
2024.07.19	01:00:03.845	0.60460	0.60475			6
2024.07.19	01:00:04.158		0.60476			4
2024.07.19	01:00:04.487	0.60458	0.60478			6
2024.07.19	01:00:04.913	0.60457	0.60479			6
2024.07.19	01:00:05.295		0.60476			4
2024.07.19	01:00:05.684	0.60455				2
2024.07.19	01:00:06.012	0.60454	0.60475			6
2024.07.19	01:00:06.378	0.60457	0.60476			6
2024.07.19	01:00:06.701	0.60458	0.60475			6
2024.07.19	01:00:07.699	0.60476	0.60477			6
2024.07.19	01:00:08.001	0.60475	0.60476			6
2024.07.19	01:00:08.637	0.60474	0.60475			6
2024.07.19	01:00:08.988	0.60468	0.60478			6
2024.07.19	01:00:09.303		0.60474			4
2024.07.19	01:00:09.778		0.60476			4
2024.07.19	01:00:10.416		0.60478			4
2024.07.19	01:00:11.102	0.60460	0.60469			6
2024.07.19	01:00:17.085	0.60461	0.60470			6
2024.07.19	01:00:17.390		0.60469			4
2024.07.19	01:00:21.663		0.60470			4
2024.07.19	01:00:22.149	0.60447	0.60455			6
2024.07.19	01:00:30.623	0.60448	0.60456			6
2024.07.19	01:00:35.433	0.60449				2
2024.07.19	01:00:40.398	0.60451	0.60454			6
2024.07.19	01:00:41.861		0.60455			4
2024.07.19	01:00:43.484	0.60454	0.60457			6
2024.07.19	01:01:13.417	0.60454				2
2024.07.19	01:01:14.531	0.60451	0.60455			6
2024.07.19	01:01:24.302	0.60454	0.60457			6
2024.07.19	01:01:27.794	0.60451	0.60455			6
2024.07.19	01:01:34.835	0.60454	0.60457			6
2024.07.19	01:01:54.826	0.60456				2
2024.07.19	01:01:55.472	0.60454				2
2024.07.19	01:01:56.624	0.60449	0.60453			6
2024.07.19	01:01:57.321	0.60452	0.60455			6
2024.07.19	01:01:58.398	0.60454	0.60458			6
2024.07.19	01:02:00.405	0.60454				2
2024.07.19	01:02:01.468		0.60459			4
2024.07.19	01:02:51.342	0.60451	0.60456			6
2024.07.19	01:02:52.752	0.60456	0.60460			6
2024.07.19	01:03:03.573	0.60457	0.60461			6
2024.07.19	01:03:07.404		0.60460			4
2024.07.19	01:03:08.823		0.60461			4
2024.07.19	01:03:35.030		0.60460			4
2024.07.19	01:03:43.826		0.60461			4
2024.07.19	01:03:44.397		0.60460			4
2024.07.19	01:03:46.421		0.60459			4
2024.07.19	01:04:05.340	0.60454				2
2024.07.19	01:04:47.424		0.60458			4
2024.07.19	01:04:48.766		0.60457			4
2024.07.19	01:04:49.432		0.60456			4
2024.07.19	01:04:50.401		0.60455			4
2024.07.19	01:04:52.405		0.60458			4
2024.07.19	01:04:58.241	0.60449	0.60453			6
2024.07.19	01:05:01.383	0.60448				2
2024.07.19	01:05:01.887	0.60449				2
2024.07.19	01:05:05.339	0.60450				2
2024.07.19	01:05:20.321	0.60449	0.60454			6
2024.07.19	01:05:21.394	0.60450				2
2024.07.19	01:05:26.257	0.60449				2
2024.07.19	01:05:28.220	0.60448				2
2024.07.19	01:05:29.389	0.60447	0.60450			6
2024.07.19	01:05:39.408	0.60445				2
2024.07.19	01:05:40.421	0.60447				2
2024.07.19	01:05:47.337	0.60448				2
2024.07.19	01:05:49.421	0.60447				2
2024.07.19	01:05:58.386	0.60445				2
2024.07.19	01:06:01.009	0.60445				2
2024.07.19	01:06:02.669	0.60446				2
2024.07.19	01:06:05.422	0.60447				2
2024.07.19	01:06:06.395	0.60448				2
2024.07.19	01:06:15.387	0.60446				2
2024.07.19	01:06:27.758	0.60445				2
2024.07.19	01:06:29.083	0.60446				2
2024.07.19	01:06:29.546		0.60450			4
2024.07.19	01:06:30.977	0.60445				2
2024.07.19	01:06:31.642	0.60446				2
2024.07.19	01:06:34.394	0.60447				2
2024.07.19	01:06:35.408	0.60448				2
2024.07.19	01:06:38.637		0.60455			4
2024.07.19	01:06:44.418	0.60446				2
2024.07.19	01:06:48.005		0.60456			4
2024.07.19	01:06:51.380	0.60447				2
2024.07.19	01:06:52.386	0.60448				2
2024.07.19	01:07:00.971	0.60448	0.60449			6
2024.07.19	01:07:02.222		0.60456			4
2024.07.19	01:07:08.432	0.60447				2
2024.07.19	01:07:24.370		0.60455			4
2024.07.19	01:07:24.703	0.60448				2
2024.07.19	01:07:25.033	0.60447				2
2024.07.19	01:07:34.199		0.60456			4
2024.07.19	01:07:36.236	0.60448				2
2024.07.19	01:07:39.039	0.60447				2
2024.07.19	01:07:39.391	0.60448				2
2024.07.19	01:07:47.080	0.60447				2
2024.07.19	01:07:52.152	0.60448				2
2024.07.19	01:07:52.498	0.60449				2
2024.07.19	01:07:53.407	0.60448				2
2024.07.19	01:08:03.097	0.60448				2
2024.07.19	01:08:11.790	0.60449				2
2024.07.19	01:08:13.410	0.60448				2
2024.07.19	01:08:35.394		0.60456			4
2024.07.19	01:09:01.375	0.60448				2
2024.07.19	01:09:07.258	0.60449				2
2024.07.19	01:09:10.391	0.60448				2
2024.07.19	01:09:15.683	0.60449				2
2024.07.19	01:09:17.425	0.60448				2
2024.07.19	01:09:18.648	0.60449				2
2024.07.19	01:09:19.401	0.60450				2
2024.07.19	01:09:24.314	0.60451	0.60458			6
2024.07.19	01:09:58.944	0.60447	0.60453			6
2024.07.19	01:09:59.264	0.60448	0.60455			6
2024.07.19	01:09:59.960		0.60456			4
2024.07.19	01:10:00.839	0.60448				2
2024.07.19	01:10:01.582		0.60455			4
2024.07.19	01:10:27.279		0.60456			4
2024.07.19	01:10:35.838		0.60455			4
2024.07.19	01:10:42.812		0.60450			4
2024.07.19	01:10:43.440		0.60455			4
2024.07.19	01:10:56.128		0.60454			4
2024.07.19	01:10:56.782	0.60446	0.60453			6
2024.07.19	01:11:00.217	0.60446				2
2024.07.19	01:11:01.059		0.60452			4
2024.07.19	01:11:06.231	0.60451	0.60454			6
2024.07.19	01:11:06.838	0.60447	0.60452			6
2024.07.19	01:11:17.405	0.60449	0.60453			6
2024.07.19	01:11:18.003		0.60451			4
2024.07.19	01:11:20.477		0.60452			4
2024.07.19	01:11:21.824		0.60451			4
2024.07.19	01:11:29.225		0.60452			4
2024.07.19	01:11:30.041	0.60450	0.60451			6
2024.07.19	01:11:37.879		0.60452			4
2024.07.19	01:11:38.833	0.60447				2
2024.07.19	01:11:45.925	0.60448				2
2024.07.19	01:11:48.687		0.60451			4
2024.07.19	01:11:49.064		0.60452			4
2024.07.19	01:11:56.348		0.60451			4
2024.07.19	01:11:56.663		0.60452			4
2024.07.19	01:11:57.190		0.60451			4
2024.07.19	01:12:00.431	0.60448				2
2024.07.19	01:12:09.206		0.60452			4
2024.07.19	01:12:16.282		0.60451			4
2024.07.19	01:12:24.594	0.60449				2
2024.07.19	01:12:29.192		0.60452			4
2024.07.19	01:12:30.084		0.60451			4
2024.07.19	01:12:32.938	0.60445				2
2024.07.19	01:12:35.979	0.60446				2
2024.07.19	01:12:36.669	0.60444	0.60450			6
2024.07.19	01:12:46.526	0.60447	0.60451			6
2024.07.19	01:12:47.101	0.60445	0.60450			6
2024.07.19	01:12:54.681		0.60449			4
2024.07.19	01:12:59.442	0.60447	0.60450			6
2024.07.19	01:13:00.063	0.60445				2
2024.07.19	01:13:03.439		0.60449			4
2024.07.19	01:13:04.763		0.60450			4
2024.07.19	01:13:05.290	0.60444				2
2024.07.19	01:13:15.402	0.60441				2
2024.07.19	01:13:19.580	0.60444	0.60451			6
2024.07.19	01:13:23.413	0.60445				2
2024.07.19	01:13:29.680		0.60453			4
2024.07.19	01:13:30.080	0.60446	0.60452			6
2024.07.19	01:13:31.398	0.60445				2
2024.07.19	01:13:38.829	0.60444				2
2024.07.19	01:13:40.025		0.60451			4
2024.07.19	01:13:40.400	0.60445				2
2024.07.19	01:13:41.417	0.60446				2
2024.07.19	01:13:56.401	0.60444	0.60452			6
2024.07.19	01:13:57.106	0.60445				2
2024.07.19	01:14:00.432	0.60445				2
2024.07.19	01:14:07.967	0.60444	0.60451			6
2024.07.19	01:14:08.383	0.60445				2
2024.07.19	01:14:40.400	0.60444				2
2024.07.19	01:14:49.206	0.60445	0.60453			6
2024.07.19	01:14:50.551		0.60451			4
2024.07.19	01:14:51.400	0.60446				2
2024.07.19	01:14:52.419	0.60445				2
2024.07.19	01:15:00.392	0.60445				2
2024.07.19	01:15:01.367		0.60450			4
2024.07.19	01:15:18.596	0.60446				2
2024.07.19	01:15:32.107	0.60445				2
2024.07.19	01:15:41.624	0.60446				2
2024.07.19	01:15:52.066	0.60445				2
2024.07.19	01:15:53.779		0.60448			4
2024.07.19	01:15:54.078		0.60450			4
2024.07.19	01:15:55.825	0.60446				2
2024.07.19	01:15:56.480	0.60445	0.60449			6
2024.07.19	01:15:56.784	0.60446	0.60450			6
2024.07.19	01:15:57.183	0.60445				2
2024.07.19	01:16:00.462	0.60445				2
2024.07.19	01:16:16.280		0.60448			4
2024.07.19	01:16:16.606		0.60450			4
2024.07.19	01:16:21.522		0.60451			4
2024.07.19	01:16:22.987		0.60448			4
2024.07.19	01:16:23.293		0.60451			4
2024.07.19	01:16:23.943	0.60446				2
2024.07.19	01:16:24.646	0.60445				2
2024.07.19	01:16:25.253	0.60444	0.60450			6
2024.07.19	01:16:27.432	0.60445				2
2024.07.19	01:16:30.485	0.60446	0.60451			6
2024.07.19	01:16:30.841	0.60447				2
2024.07.19	01:16:31.596	0.60446				2
2024.07.19	01:16:32.011	0.60447				2
2024.07.19	01:16:33.141	0.60448				2
2024.07.19	01:16:33.495	0.60447				2
2024.07.19	01:16:33.804	0.60445	0.60450			6
2024.07.19	01:16:35.420		0.60449			4
2024.07.19	01:16:36.614		0.60450			4
2024.07.19	01:16:37.603	0.60447				2
2024.07.19	01:16:42.294	0.60448				2
2024.07.19	01:16:43.031	0.60447				2
2024.07.19	01:16:43.421	0.60448				2
2024.07.19	01:16:43.721	0.60447				2
2024.07.19	01:16:44.548	0.60448				2
2024.07.19	01:16:44.862	0.60447				2
2024.07.19	01:16:45.670	0.60448				2
2024.07.19	01:16:45.978	0.60447				2
2024.07.19	01:16:46.584	0.60449				2
2024.07.19	01:16:46.887	0.60447				2
2024.07.19	01:16:48.940		0.60451			4
2024.07.19	01:16:49.246	0.60448				2
2024.07.19	01:16:50.066	0.60447				2
2024.07.19	01:16:50.414	0.60448				2
2024.07.19	01:16:51.195	0.60447				2
2024.07.19	01:16:51.605	0.60448				2
2024.07.19	01:16:52.320	0.60447				2
2024.07.19	01:16:52.695	0.60448				2
2024.07.19	01:16:53.198	0.60445	0.60450			6
2024.07.19	01:17:00.078	0.60445				2
2024.07.19	01:17:00.829	0.60447	0.60452			6
2024.07.19	01:17:01.902	0.60448				2
2024.07.19	01:17:03.310	0.60447				2
2024.07.19	01:17:05.403	0.60448				2
2024.07.19	01:17:06.250	0.60447				2
2024.07.19	01:17:06.613	0.60446	0.60451			6
2024.07.19	01:17:10.415		0.60450			4
2024.07.19	01:17:14.085	0.60447	0.60451			6
2024.07.19	01:17:14.388	0.60446				2
2024.07.19	01:17:18.334	0.60447				2
2024.07.19	01:17:28.251	0.60448				2
2024.07.19	01:17:29.234	0.60447				2
2024.07.19	01:17:37.847	0.60445				2
2024.07.19	01:17:38.223	0.60446				2
2024.07.19	01:17:39.078	0.60445				2
2024.07.19	01:17:39.597	0.60446				2
2024.07.19	01:17:40.173	0.60445				2
2024.07.19	01:17:41.416	0.60446				2
2024.07.19	01:17:43.282	0.60445				2
2024.07.19	01:17:44.246	0.60446				2
2024.07.19	01:17:46.407	0.60445				2
2024.07.19	01:17:46.709	0.60446				2
2024.07.19	01:17:54.316	0.60445				2
2024.07.19	01:17:59.803	0.60443	0.60449			6
2024.07.19	01:18:00.187	0.60444				2
2024.07.19	01:18:01.390	0.60446				2
2024.07.19	01:18:01.693	0.60445				2
2024.07.19	01:18:02.086	0.60446				2
2024.07.19	01:18:02.456	0.60445				2
2024.07.19	01:18:05.226	0.60447				2
2024.07.19	01:18:05.626	0.60446				2
2024.07.19	01:18:06.257	0.60445				2
2024.07.19	01:18:08.346	0.60446				2
2024.07.19	01:18:12.421	0.60445				2
2024.07.19	01:18:15.552	0.60446				2
2024.07.19	01:18:17.363	0.60445				2
2024.07.19	01:18:25.262	0.60447				2
2024.07.19	01:18:25.655	0.60445				2
2024.07.19	01:18:26.307	0.60447				2
2024.07.19	01:18:27.138	0.60445				2
2024.07.19	01:18:28.066	0.60447				2
2024.07.19	01:18:28.878	0.60446				2
2024.07.19	01:18:29.544	0.60447				2
2024.07.19	01:18:29.851	0.60445				2
2024.07.19	01:18:31.881	0.60446				2
2024.07.19	01:18:36.114	0.60447				2
2024.07.19	01:18:38.178	0.60445				2
2024.07.19	01:18:39.551	0.60446				2
2024.07.19	01:18:39.882	0.60445				2
2024.07.19	01:18:40.250	0.60447				2
2024.07.19	01:18:40.718	0.60445				2
2024.07.19	01:18:48.674	0.60446				2
2024.07.19	01:18:49.055	0.60445				2
2024.07.19	01:18:54.083	0.60443	0.60445			6
2024.07.19	01:18:54.402	0.60442				2
2024.07.19	01:18:55.025	0.60443	0.60446			6
2024.07.19	01:18:58.839		0.60447			4
2024.07.19	01:19:00.246	0.60443				2
2024.07.19	01:19:04.931	0.60446	0.60450			6
2024.07.19	01:19:06.199	0.60447				2
2024.07.19	01:19:06.515	0.60446				2
2024.07.19	01:19:12.139	0.60447				2
2024.07.19	01:19:12.454	0.60446				2
2024.07.19	01:19:16.732	0.60447				2
2024.07.19	01:19:17.748	0.60446				2
2024.07.19	01:19:18.217	0.60447				2
2024.07.19	01:19:18.589	0.60448				2
2024.07.19	01:19:19.310	0.60446				2
2024.07.19	01:19:21.379	0.60447				2
2024.07.19	01:19:22.039	0.60446				2
2024.07.19	01:19:22.352	0.60447				2
2024.07.19	01:19:26.098	0.60446				2
2024.07.19	01:19:31.049	0.60443	0.60448			6
2024.07.19	01:19:31.473	0.60442				2
2024.07.19	01:19:34.830		0.60445			4
2024.07.19	01:19:36.781		0.60447			4
2024.07.19	01:19:38.489		0.60448			4
2024.07.19	01:19:42.623	0.60441	0.60447			6
2024.07.19	01:19:44.518	0.60442				2
2024.07.19	01:19:54.834	0.60441				2
2024.07.19	01:20:00.314	0.60441	0.60448			6
2024.07.19	01:20:01.392	0.60442				2
2024.07.19	01:20:52.130	0.60443				2
2024.07.19	01:20:57.426	0.60445				2
2024.07.19	01:20:59.426	0.60443				2
2024.07.19	01:21:00.428	0.60443	0.60448			6
2024.07.19	01:21:02.418	0.60446				2
2024.07.19	01:21:05.101		0.60447			4
2024.07.19	01:21:12.975	0.60447	0.60448			6
2024.07.19	01:21:14.390	0.60446				2
2024.07.19	01:21:16.459	0.60445				2
2024.07.19	01:21:16.771	0.60442				2
2024.07.19	01:21:21.185	0.60443				2
2024.07.19	01:21:22.202	0.60442				2
2024.07.19	01:21:23.357	0.60443				2
2024.07.19	01:21:23.671	0.60442				2
2024.07.19	01:21:26.544	0.60443				2
2024.07.19	01:21:26.850	0.60442				2
2024.07.19	01:21:27.297		0.60447			4
2024.07.19	01:21:28.336		0.60448			4
2024.07.19	01:21:33.828	0.60444	0.60450			6
2024.07.19	01:21:34.253		0.60449			4
2024.07.19	01:21:37.300	0.60443				2
2024.07.19	01:21:38.395	0.60444				2
2024.07.19	01:21:40.029	0.60443				2
2024.07.19	01:21:41.396	0.60444				2
2024.07.19	01:21:41.705	0.60443				2
2024.07.19	01:21:42.253	0.60444				2
2024.07.19	01:21:43.621	0.60443				2
2024.07.19	01:21:44.232	0.60444				2
2024.07.19	01:21:46.058	0.60443				2
2024.07.19	01:21:49.933		0.60447			4
2024.07.19	01:21:51.081		0.60449			4
2024.07.19	01:21:56.400	0.60442				2
2024.07.19	01:21:57.411	0.60443				2
2024.07.19	01:22:01.563	0.60444				2
2024.07.19	01:22:02.522	0.60443				2
2024.07.19	01:22:06.018	0.60448				2
2024.07.19	01:22:07.163	0.60443				2
2024.07.19	01:22:18.420	0.60442				2
2024.07.19	01:22:21.756	0.60443				2
2024.07.19	01:22:24.325	0.60442				2
2024.07.19	01:22:25.410	0.60443				2
2024.07.19	01:22:29.831	0.60442	0.60448			6
2024.07.19	01:22:39.481		0.60447			4
2024.07.19	01:22:44.015		0.60446			4
2024.07.19	01:22:50.300		0.60447			4
2024.07.19	01:23:00.381	0.60442	0.60446			6
2024.07.19	01:23:13.770	0.60443	0.60447			6
2024.07.19	01:23:14.486		0.60446			4
2024.07.19	01:23:15.226	0.60442				2
2024.07.19	01:23:18.891	0.60441	0.60445			6
2024.07.19	01:23:20.061	0.60442				2
2024.07.19	01:23:21.680	0.60441				2
2024.07.19	01:23:22.470	0.60442				2
2024.07.19	01:23:22.779	0.60441				2
2024.07.19	01:23:25.402	0.60440	0.60444			6
2024.07.19	01:23:26.142	0.60441	0.60443			6
2024.07.19	01:23:55.445		0.60444			4
2024.07.19	01:24:00.409	0.60442				2
2024.07.19	01:24:00.716	0.60443				2
2024.07.19	01:24:01.097	0.60441				2
2024.07.19	01:24:01.432	0.60443				2
2024.07.19	01:24:11.293	0.60444	0.60445			6
2024.07.19	01:24:11.605	0.60445	0.60446			6
2024.07.19	01:24:12.402	0.60446	0.60447			6
2024.07.19	01:24:12.721		0.60448			4
2024.07.19	01:24:13.192	0.60445	0.60447			6
2024.07.19	01:24:50.367	0.60443	0.60445			6
2024.07.19	01:24:52.717	0.60445	0.60446			6
2024.07.19	01:25:00.499	0.60445				2
2024.07.19	01:25:13.203	0.60444				2
2024.07.19	01:25:17.000		0.60445			4
2024.07.19	01:25:34.238	0.60445	0.60446			6
2024.07.19	01:25:44.557		0.60448			4
2024.07.19	01:26:00.365	0.60445				2
2024.07.19	01:26:10.969		0.60447			4
2024.07.19	01:26:12.367		0.60448			4
2024.07.19	01:26:17.215	0.60442	0.60445			6
2024.07.19	01:26:18.001	0.60443				2
2024.07.19	01:26:34.598		0.60444			4
2024.07.19	01:27:00.421	0.60443				2
2024.07.19	01:27:06.683	0.60442				2
2024.07.19	01:27:09.694		0.60443			4
2024.07.19	01:27:10.742	0.60438	0.60439			6
2024.07.19	01:27:11.178	0.60439	0.60440			6
2024.07.19	01:27:11.974	0.60438	0.60439			6
2024.07.19	01:27:12.284	0.60440	0.60441			6
2024.07.19	01:27:13.369	0.60435	0.60437			6
2024.07.19	01:27:13.990	0.60437	0.60438			6
2024.07.19	01:27:23.028	0.60436				2
2024.07.19	01:27:23.995	0.60438	0.60439			6
2024.07.19	01:27:40.099	0.60432	0.60434			6
2024.07.19	01:27:40.409	0.60433				2
2024.07.19	01:27:52.575		0.60435			4
2024.07.19	01:27:56.583	0.60437	0.60438			6
2024.07.19	01:27:56.907	0.60436				2
2024.07.19	01:28:00.824	0.60436				2
2024.07.19	01:28:04.048		0.60437			4
2024.07.19	01:28:05.780		0.60438			4
2024.07.19	01:28:07.657		0.60437			4
2024.07.19	01:28:08.358		0.60438			4
2024.07.19	01:28:09.326		0.60437			4
2024.07.19	01:28:15.749		0.60438			4
2024.07.19	01:28:19.112		0.60437			4
2024.07.19	01:28:28.021		0.60438			4
2024.07.19	01:28:28.338	0.60437				2
2024.07.19	01:28:32.902		0.60439			4
2024.07.19	01:28:33.285		0.60438			4
2024.07.19	01:28:34.027		0.60439			4
2024.07.19	01:28:40.343		0.60438			4
2024.07.19	01:28:40.645	0.60436	0.60437			6
2024.07.19	01:28:47.554	0.60435				2
2024.07.19	01:29:00.920	0.60435				2
2024.07.19	01:29:29.193	0.60436	0.60439			6
2024.07.19	01:29:31.113	0.60437				2
2024.07.19	01:29:31.533	0.60436				2
2024.07.19	01:29:39.793	0.60438				2
2024.07.19	01:29:48.078		0.60440			4
2024.07.19	01:29:49.607	0.60441	0.60442			6
2024.07.19	01:29:54.105	0.60440	0.60441			6
2024.07.19	01:29:57.598		0.60442			4
2024.07.19	01:29:59.301		0.60441			4
2024.07.19	01:30:00.071	0.60440				2
2024.07.19	01:30:00.382	0.60438	0.60440			6
2024.07.19	01:30:00.704		0.60439			4
2024.07.19	01:30:01.027	0.60439	0.60440			6
2024.07.19	01:30:01.343	0.60438				2
2024.07.19	01:30:01.918		0.60441			4
2024.07.19	01:30:02.722	0.60439	0.60440			6
2024.07.19	01:30:09.270	0.60438	0.60439			6
2024.07.19	01:30:14.333	0.60439	0.60440			6
2024.07.19	01:30:15.822	0.60438	0.60439			6
2024.07.19	01:30:20.481	0.60437	0.60438			6
2024.07.19	01:30:23.214	0.60438	0.60439			6
2024.07.19	01:30:23.523		0.60440			4
2024.07.19	01:30:35.571	0.60441	0.60442			6
2024.07.19	01:30:38.423	0.60440	0.60441			6
2024.07.19	01:30:44.649		0.60442			4
2024.07.19	01:30:46.830		0.60441			4
2024.07.19	01:30:50.145		0.60442			4
2024.07.19	01:30:52.627		0.60441			4
2024.07.19	01:31:00.423	0.60439	0.60440			6
2024.07.19	01:31:03.462	0.60438				2
2024.07.19	01:31:05.570		0.60439			4
2024.07.19	01:31:06.389	0.60437	0.60438			6
2024.07.19	01:31:10.622		0.60439			4
2024.07.19	01:31:13.535	0.60439	0.60441			6
2024.07.19	01:31:31.371	0.60441	0.60442			6
2024.07.19	01:31:35.750	0.60440	0.60441			6
2024.07.19	01:31:36.958	0.60439	0.60440			6
2024.07.19	01:31:37.261	0.60440	0.60441			6
2024.07.19	01:31:56.301	0.60441	0.60442			6
2024.07.19	01:31:56.793	0.60440	0.60441			6
2024.07.19	01:32:00.154	0.60440				2
2024.07.19	01:32:00.462	0.60439	0.60440			6
2024.07.19	01:32:02.906	0.60438	0.60439			6
2024.07.19	01:32:10.803	0.60435	0.60437			6
2024.07.19	01:32:19.057	0.60433	0.60435			6
2024.07.19	01:32:34.570	0.60435	0.60436			6
2024.07.19	01:32:47.580	0.60434	0.60435			6
2024.07.19	01:32:56.948	0.60433	0.60434			6
2024.07.19	01:32:57.251	0.60434	0.60435			6
2024.07.19	01:32:59.693	0.60435	0.60436			6
2024.07.19	01:33:00.002	0.60435				2
2024.07.19	01:33:00.425	0.60436	0.60437			6
2024.07.19	01:33:00.753	0.60435	0.60436			6
2024.07.19	01:33:10.445	0.60436	0.60437			6
2024.07.19	01:33:12.559	0.60435	0.60436			6
2024.07.19	01:33:22.544	0.60434	0.60435			6
2024.07.19	01:33:22.847	0.60435	0.60436			6
2024.07.19	01:34:00.467	0.60435				2
2024.07.19	01:34:04.406	0.60436	0.60437			6
2024.07.19	01:34:04.974	0.60435	0.60436			6
2024.07.19	01:34:14.669		0.60437			4
2024.07.19	01:34:33.820		0.60436			4
2024.07.19	01:34:53.759	0.60433	0.60434			6
2024.07.19	01:34:54.146	0.60434	0.60435			6
2024.07.19	01:34:58.484	0.60433	0.60434			6
2024.07.19	01:35:00.363	0.60432	0.60433			6
2024.07.19	01:35:02.745	0.60429	0.60431			6
2024.07.19	01:35:03.602	0.60430				2
2024.07.19	01:35:03.910	0.60429				2
2024.07.19	01:35:05.103	0.60432	0.60434			6
2024.07.19	01:35:05.885		0.60433			4
2024.07.19	01:35:06.293		0.60434			4
2024.07.19	01:35:08.582		0.60435			4
2024.07.19	01:35:09.744		0.60434			4
2024.07.19	01:35:16.609	0.60433				2
2024.07.19	01:35:19.071	0.60437	0.60438			6
2024.07.19	01:35:20.906	0.60438	0.60439			6
2024.07.19	01:35:21.234	0.60437	0.60438			6
2024.07.19	01:35:28.250	0.60436	0.60437			6
2024.07.19	01:35:46.403	0.60440	0.60441			6
2024.07.19	01:35:46.814		0.60442			4
2024.07.19	01:35:47.480		0.60441			4
2024.07.19	01:35:47.918	0.60439	0.60440			6
2024.07.19	01:35:51.806		0.60441			4
2024.07.19	01:35:54.381		0.60440			4
2024.07.19	01:36:00.683	0.60439				2
2024.07.19	01:36:51.488		0.60441			4
2024.07.19	01:37:00.412	0.60439	0.60440			6
2024.07.19	01:37:00.727		0.60441			4
2024.07.19	01:37:01.822	0.60441	0.60442			6
2024.07.19	01:37:04.112	0.60439	0.60441			6
2024.07.19	01:37:09.726	0.60441	0.60442			6
2024.07.19	01:37:10.031	0.60439	0.60441			6
2024.07.19	01:37:10.663	0.60440	0.60442			6
2024.07.19	01:37:15.073	0.60441				2
2024.07.19	01:37:21.281	0.60442	0.60443			6
2024.07.19	01:37:23.300	0.60441	0.60442			6
2024.07.19	01:37:28.405		0.60444			4
2024.07.19	01:37:28.756	0.60442	0.60446			6
2024.07.19	01:37:30.618	0.60443				2
2024.07.19	01:37:50.493	0.60442				2
2024.07.19	01:38:00.075	0.60442				2
2024.07.19	01:38:15.844	0.60443				2
2024.07.19	01:38:16.159	0.60442				2
2024.07.19	01:38:17.588	0.60445	0.60447			6
2024.07.19	01:38:17.916	0.60443				2
2024.07.19	01:38:20.382	0.60445				2
2024.07.19	01:38:20.694	0.60444				2
2024.07.19	01:38:30.848	0.60443	0.60446			6
2024.07.19	01:38:50.388	0.60445	0.60447			6
2024.07.19	01:38:54.680	0.60444				2
2024.07.19	01:38:58.642	0.60443	0.60446			6
2024.07.19	01:39:00.357	0.60444	0.60447			6
2024.07.19	01:39:00.676	0.60445				2
2024.07.19	01:39:09.435	0.60443	0.60445			6
2024.07.19	01:39:13.313	0.60445	0.60447			6
2024.07.19	01:39:14.244		0.60446			4
2024.07.19	01:39:16.941	0.60446	0.60447			6
2024.07.19	01:39:17.247	0.60445	0.60446			6
2024.07.19	01:39:20.441	0.60443	0.60445			6
2024.07.19	01:39:20.747	0.60444	0.60446			6
2024.07.19	01:39:33.455		0.60447			4
2024.07.19	01:39:42.556	0.60446				2
2024.07.19	01:39:42.858	0.60444				2
2024.07.19	01:39:45.760	0.60443	0.60446			6
2024.07.19	01:39:49.260	0.60444				2
2024.07.19	01:39:49.561	0.60443				2
2024.07.19	01:39:53.150		0.60445			4
2024.07.19	01:39:53.465	0.60444	0.60447			6
2024.07.19	01:39:54.202	0.60443	0.60445			6
2024.07.19	01:39:54.504	0.60444	0.60447			6
2024.07.19	01:39:55.495		0.60446			4
2024.07.19	01:39:55.821		0.60447			4
2024.07.19	01:39:58.025	0.60445				2
2024.07.19	01:40:00.027	0.60445				2
2024.07.19	01:40:09.978	0.60444	0.60446			6
2024.07.19	01:40:36.301	0.60443				2
2024.07.19	01:40:40.127	0.60446	0.60447			6
2024.07.19	01:40:40.458	0.60443	0.60446			6
2024.07.19	01:40:51.361	0.60442	0.60444			6
2024.07.19	01:41:00.415	0.60442				2
2024.07.19	01:41:04.015		0.60443			4
2024.07.19	01:41:11.325	0.60441	0.60442			6
2024.07.19	01:41:11.627	0.60442	0.60443			6
2024.07.19	01:41:13.749	0.60441	0.60442			6
2024.07.19	01:41:14.352		0.60443			4
2024.07.19	01:41:14.823	0.60442				2
2024.07.19	01:41:19.799	0.60441				2
2024.07.19	01:41:24.840		0.60444			4
2024.07.19	01:41:25.833	0.60442				2
2024.07.19	01:41:38.487		0.60443			4
2024.07.19	01:41:51.009	0.60441	0.60442			6
2024.07.19	01:41:54.252		0.60444			4
2024.07.19	01:41:58.823		0.60443			4
2024.07.19	01:42:00.052	0.60441				2
2024.07.19	01:42:06.705		0.60444			4
2024.07.19	01:42:13.880		0.60443			4
2024.07.19	01:42:31.653		0.60444			4
2024.07.19	01:42:41.337		0.60443			4
2024.07.19	01:42:47.778		0.60444			4
2024.07.19	01:42:49.251	0.60440	0.60443			6
2024.07.19	01:42:52.960	0.60442				2
2024.07.19	01:42:53.262	0.60440				2
2024.07.19	01:43:00.612	0.60440				2
2024.07.19	01:43:06.584	0.60441				2
2024.07.19	01:43:22.058	0.60442	0.60444			6
2024.07.19	01:43:25.497	0.60441	0.60443			6
2024.07.19	01:43:38.764	0.60442	0.60444			6
2024.07.19	01:43:48.822	0.60447	0.60448			6
2024.07.19	01:43:49.242	0.60446				2
2024.07.19	01:43:54.103		0.60447			4
2024.07.19	01:44:00.363	0.60446				2
2024.07.19	01:44:50.203		0.60448			4
2024.07.19	01:45:00.276	0.60446				2
2024.07.19	01:45:28.299		0.60447			4
2024.07.19	01:45:49.532	0.60444				2
2024.07.19	01:45:51.969		0.60446			4
2024.07.19	01:45:53.748		0.60445			4
2024.07.19	01:45:54.052	0.60446	0.60447			6
2024.07.19	01:46:00.568	0.60446				2
2024.07.19	01:46:14.654		0.60448			4
2024.07.19	01:46:26.256	0.60451	0.60453			6
2024.07.19	01:46:29.109	0.60450	0.60452			6
2024.07.19	01:46:55.628		0.60451			4
2024.07.19	01:46:58.296	0.60449	0.60450			6
2024.07.19	01:47:00.573	0.60449				2
2024.07.19	01:47:08.754	0.60450	0.60453			6
2024.07.19	01:47:18.956		0.60452			4
2024.07.19	01:47:24.099		0.60453			4
2024.07.19	01:47:32.333	0.60449	0.60452			6
2024.07.19	01:47:36.053		0.60451			4
2024.07.19	01:47:36.453	0.60450	0.60452			6
2024.07.19	01:47:40.969		0.60453			4
2024.07.19	01:47:54.186		0.60452			4
2024.07.19	01:47:59.831	0.60449				2
2024.07.19	01:48:00.871	0.60449				2
2024.07.19	01:48:06.730	0.60450				2
2024.07.19	01:48:29.341		0.60453			4
2024.07.19	01:48:30.224		0.60452			4
2024.07.19	01:48:35.436	0.60449				2
2024.07.19	01:48:51.128	0.60450	0.60453			6
2024.07.19	01:48:54.816		0.60452			4
2024.07.19	01:49:00.401	0.60450				2
2024.07.19	01:49:04.316	0.60449				2
2024.07.19	01:49:04.959	0.60452	0.60453			6
2024.07.19	01:49:05.266	0.60449	0.60452			6
2024.07.19	01:49:15.596	0.60451	0.60453			6
2024.07.19	01:49:16.006	0.60450				2
2024.07.19	01:49:42.997	0.60451				2
2024.07.19	01:49:47.112		0.60454			4
2024.07.19	01:50:00.155	0.60453				2
2024.07.19	01:50:00.461	0.60451				2
2024.07.19	01:50:01.727	0.60453	0.60455			6
2024.07.19	01:50:12.116	0.60455	0.60457			6
2024.07.19	01:50:25.105	0.60454	0.60456			6
2024.07.19	01:50:26.080	0.60455	0.60457			6
2024.07.19	01:50:47.240		0.60456			4
2024.07.19	01:51:00.304	0.60455				2
2024.07.19	01:51:06.096	0.60454	0.60455			6
2024.07.19	01:51:26.238	0.60453				2
2024.07.19	01:51:56.421	0.60451	0.60453			6
2024.07.19	01:52:00.324	0.60451				2
2024.07.19	01:52:18.439		0.60454			4
2024.07.19	01:52:25.042		0.60453			4
2024.07.19	01:52:28.171	0.60449	0.60451			6
2024.07.19	01:52:33.483		0.60450			4
2024.07.19	01:52:52.808		0.60451			4
2024.07.19	01:52:55.638		0.60452			4
2024.07.19	01:52:56.482	0.60450	0.60453			6
2024.07.19	01:53:00.644	0.60450				2
2024.07.19	01:53:04.005	0.60449	0.60451			6
2024.07.19	01:53:05.903	0.60450	0.60453			6
2024.07.19	01:53:19.124	0.60451				2
2024.07.19	01:53:19.536	0.60450				2
2024.07.19	01:53:55.195	0.60452				2
2024.07.19	01:53:55.633	0.60450				2
2024.07.19	01:54:00.288	0.60450				2
2024.07.19	01:54:06.333		0.60453			4
2024.07.19	01:54:26.538	0.60452				2
2024.07.19	01:54:26.838	0.60450				2
2024.07.19	01:54:40.917	0.60449	0.60451			6
2024.07.19	01:54:41.270	0.60450	0.60452			6
2024.07.19	01:54:41.993		0.60453			4
2024.07.19	01:54:45.472		0.60451			4
2024.07.19	01:54:49.013	0.60449				2
2024.07.19	01:54:51.308		0.60453			4
2024.07.19	01:54:52.027	0.60450	0.60452			6
2024.07.19	01:54:52.351	0.60449				2
2024.07.19	01:54:53.785	0.60450				2
2024.07.19	01:54:54.945	0.60449				2
2024.07.19	01:55:00.610	0.60450				2
2024.07.19	01:55:10.275		0.60453			4
2024.07.19	01:55:15.338	0.60449	0.60451			6
2024.07.19	01:55:17.552		0.60453			4
2024.07.19	01:55:19.081		0.60451			4
2024.07.19	01:55:21.220		0.60452			4
2024.07.19	01:55:31.972	0.60450				2
2024.07.19	01:55:38.272		0.60451			4
2024.07.19	01:55:38.852		0.60452			4
2024.07.19	01:55:40.142	0.60449				2
2024.07.19	01:55:47.171		0.60450			4
2024.07.19	01:56:00.994	0.60450	0.60453			6
2024.07.19	01:56:04.584	0.60449	0.60451			6
2024.07.19	01:56:08.790	0.60450				2
2024.07.19	01:56:11.021	0.60448				2
2024.07.19	01:56:11.324		0.60450			4
2024.07.19	01:56:31.561		0.60451			4
2024.07.19	01:56:32.540		0.60450			4
2024.07.19	01:56:33.641		0.60451			4
2024.07.19	01:56:33.978		0.60449			4
2024.07.19	01:56:49.740	0.60449	0.60450			6
2024.07.19	01:56:50.041	0.60448	0.60449			6
2024.07.19	01:57:01.315	0.60448				2
2024.07.19	01:57:31.675	0.60444	0.60446			6
2024.07.19	01:57:33.440		0.60445			4
2024.07.19	01:57:34.389		0.60448			4
2024.07.19	01:57:37.568	0.60442	0.60446			6
2024.07.19	01:57:56.929		0.60445			4
2024.07.19	01:57:57.232		0.60446			4
2024.07.19	01:58:00.233	0.60442				2
2024.07.19	01:58:18.657		0.60445			4
2024.07.19	01:58:22.805	0.60440	0.60443			6
2024.07.19	01:58:42.309		0.60444			4
2024.07.19	01:58:44.776		0.60442			4
2024.07.19	01:58:45.083		0.60443			4
2024.07.19	01:58:54.622		0.60442			4
2024.07.19	01:58:55.627		0.60443			4
2024.07.19	01:58:59.626		0.60442			4
2024.07.19	01:59:00.340	0.60440	0.60443			6
2024.07.19	01:59:02.566		0.60442			4
2024.07.19	01:59:07.499		0.60443			4
2024.07.19	01:59:07.867	0.60441	0.60444			6
2024.07.19	01:59:26.107	0.60442				2
2024.07.19	01:59:39.905	0.60441				2
2024.07.19	01:59:55.670	0.60442				2
2024.07.19	01:59:56.057	0.60440				2
2024.07.19	02:00:00.316	0.60441				2
2024.07.19	02:00:01.472	0.60442	0.60446			6
2024.07.19	02:00:06.361	0.60441	0.60445			6
2024.07.19	02:00:07.771	0.60442				2
2024.07.19	02:00:09.951	0.60440	0.60444			6
2024.07.19	02:00:10.302	0.60441				2
2024.07.19	02:00:12.384		0.60445			4
2024.07.19	02:00:33.541		0.60444			4
2024.07.19	02:00:35.120	0.60440	0.60442			6
2024.07.19	02:00:35.755	0.60441				2
2024.07.19	02:00:38.185	0.60437	0.60440			6
2024.07.19	02:00:41.485	0.60436	0.60439			6
2024.07.19	02:00:44.584		0.60438			4
2024.07.19	02:01:00.399	0.60436				2
2024.07.19	02:01:14.216	0.60435				2
2024.07.19	02:01:14.839	0.60434	0.60437			6
2024.07.19	02:01:15.476	0.60435	0.60438			6
2024.07.19	02:01:26.942	0.60434	0.60437			6
2024.07.19	02:01:29.821		0.60436			4
2024.07.19	02:01:30.122		0.60437			4
2024.07.19	02:01:32.102		0.60436			4
2024.07.19	02:01:32.454		0.60437			4
2024.07.19	02:01:37.374	0.60433	0.60435			6
2024.07.19	02:01:38.421	0.60432				2
2024.07.19	02:01:45.589	0.60433				2
2024.07.19	02:01:45.894		0.60436			4
2024.07.19	02:01:49.948		0.60435			4
2024.07.19	02:01:54.428	0.60435	0.60436			6
2024.07.19	02:01:55.228	0.60433	0.60435			6
2024.07.19	02:01:55.845	0.60432				2
2024.07.19	02:01:56.780	0.60433	0.60436			6
2024.07.19	02:01:57.103	0.60434	0.60437			6
2024.07.19	02:02:00.451	0.60434				2
2024.07.19	02:02:01.357	0.60432	0.60435			6
2024.07.19	02:02:01.712		0.60434			4
2024.07.19	02:02:03.137	0.60435	0.60437			6
2024.07.19	02:02:11.428	0.60434				2
2024.07.19	02:02:15.565	0.60433	0.60435			6
2024.07.19	02:02:17.432	0.60432				2
2024.07.19	02:02:20.416		0.60434			4
2024.07.19	02:02:21.367		0.60433			4
2024.07.19	02:02:27.522		0.60434			4
2024.07.19	02:02:27.843	0.60434	0.60437			6
2024.07.19	02:02:34.413	0.60435				2
2024.07.19	02:02:47.573	0.60433				2
2024.07.19	02:02:48.894	0.60435				2
2024.07.19	02:02:55.412	0.60434				2
2024.07.19	02:02:58.555	0.60438	0.60441			6
2024.07.19	02:03:00.396	0.60437	0.60440			6
2024.07.19	02:03:00.801		0.60441			4
2024.07.19	02:03:03.099		0.60440			4
2024.07.19	02:03:03.476		0.60439			4
2024.07.19	02:03:04.797	0.60436				2
2024.07.19	02:03:24.848		0.60438			4
2024.07.19	02:03:28.953		0.60437			4
2024.07.19	02:03:29.254		0.60438			4
2024.07.19	02:03:35.310		0.60439			4
2024.07.19	02:03:42.888		0.60438			4
2024.07.19	02:03:44.234		0.60439			4
2024.07.19	02:03:50.626		0.60438			4
2024.07.19	02:03:53.601	0.60434	0.60437			6
2024.07.19	02:03:54.892	0.60435				2
2024.07.19	02:03:57.252	0.60436	0.60438			6
2024.07.19	02:03:59.207		0.60437			4
2024.07.19	02:03:59.518	0.60437	0.60438			6
2024.07.19	02:03:59.975	0.60436				2
2024.07.19	02:04:00.410	0.60436				2
2024.07.19	02:04:13.097	0.60435	0.60436			6
2024.07.19	02:04:13.401	0.60434				2
2024.07.19	02:04:14.504	0.60436	0.60438			6
2024.07.19	02:04:18.495		0.60439			4
2024.07.19	02:04:18.817	0.60438	0.60440			6
2024.07.19	02:04:27.687	0.60437				2
2024.07.19	02:04:30.881	0.60438				2
2024.07.19	02:04:31.314	0.60437				2
2024.07.19	02:04:42.905	0.60440	0.60442			6
2024.07.19	02:04:43.247	0.60439	0.60441			6
2024.07.19	02:04:43.574	0.60438	0.60440			6
2024.07.19	02:04:43.885		0.60441			4
2024.07.19	02:04:44.393	0.60439				2
2024.07.19	02:04:48.731	0.60438	0.60440			6
2024.07.19	02:04:49.426	0.60437	0.60438			6
2024.07.19	02:04:49.850		0.60439			4
2024.07.19	02:04:55.020	0.60436	0.60438			6
2024.07.19	02:05:02.546	0.60436				2
2024.07.19	02:05:08.130		0.60439			4
2024.07.19	02:05:09.031	0.60439	0.60441			6
2024.07.19	02:05:10.066	0.60436	0.60438			6
2024.07.19	02:05:10.382	0.60437	0.60439			6
2024.07.19	02:05:20.748	0.60436	0.60438			6
2024.07.19	02:05:24.930		0.60437			4
2024.07.19	02:05:25.233		0.60438			4
2024.07.19	02:05:33.518		0.60439			4
2024.07.19	02:05:38.960	0.60437				2
2024.07.19	02:05:42.054	0.60435	0.60437			6
2024.07.19	02:05:45.548	0.60437	0.60438			6
2024.07.19	02:05:45.852	0.60435	0.60437			6
2024.07.19	02:05:59.214	0.60437	0.60438			6
2024.07.19	02:05:59.625	0.60435	0.60437			6
2024.07.19	02:06:00.364	0.60435				2
2024.07.19	02:06:01.110	0.60436	0.60438			6
2024.07.19	02:06:01.700	0.60435	0.60437			6
2024.07.19	02:06:05.267	0.60439	0.60441			6
2024.07.19	02:06:05.576	0.60438				2
2024.07.19	02:06:06.936	0.60439				2
2024.07.19	02:06:07.618	0.60440				2
2024.07.19	02:06:11.270	0.60441	0.60442			6
2024.07.19	02:06:21.485	0.60440	0.60441			6
2024.07.19	02:06:26.980	0.60439				2
2024.07.19	02:06:27.702	0.60436	0.60438			6
2024.07.19	02:06:28.010		0.60439			4
2024.07.19	02:06:35.944		0.60440			4
2024.07.19	02:06:36.685		0.60439			4
2024.07.19	02:06:37.569	0.60435	0.60438			6
2024.07.19	02:06:37.942	0.60434				2
2024.07.19	02:06:42.130		0.60437			4
2024.07.19	02:06:56.780	0.60433				2
2024.07.19	02:07:00.410	0.60433				2
2024.07.19	02:07:01.115		0.60435			4
2024.07.19	02:07:02.216		0.60437			4
2024.07.19	02:07:24.124		0.60435			4
2024.07.19	02:07:24.431		0.60437			4
2024.07.19	02:07:33.142		0.60436			4
2024.07.19	02:07:46.253	0.60432	0.60434			6
2024.07.19	02:07:46.579		0.60435			4
2024.07.19	02:07:53.790	0.60433				2
2024.07.19	02:08:00.080	0.60433				2
2024.07.19	02:08:00.411	0.60434	0.60436			6
2024.07.19	02:08:07.182		0.60437			4
2024.07.19	02:08:27.811	0.60433	0.60436			6
2024.07.19	02:08:38.408	0.60434				2
2024.07.19	02:08:45.999	0.60435	0.60437			6
2024.07.19	02:08:58.446	0.60434				2
2024.07.19	02:09:00.376	0.60434				2
2024.07.19	02:09:04.777	0.60435				2
2024.07.19	02:09:05.228	0.60434				2
2024.07.19	02:09:28.126	0.60435				2
2024.07.19	02:09:28.427	0.60434				2
2024.07.19	02:09:31.764		0.60436			4
2024.07.19	02:10:00.698	0.60434				2
2024.07.19	02:10:01.027	0.60435				2
2024.07.19	02:10:16.647		0.60437			4
2024.07.19	02:10:27.011	0.60434				2
2024.07.19	02:10:40.992	0.60433				2
2024.07.19	02:10:43.001		0.60435			4
2024.07.19	02:10:43.716		0.60437			4
2024.07.19	02:10:44.038		0.60435			4
2024.07.19	02:10:44.339		0.60437			4
2024.07.19	02:11:00.156	0.60433				2
2024.07.19	02:11:11.102		0.60436			4
2024.07.19	02:11:17.179		0.60435			4
2024.07.19	02:11:37.370		0.60436			4
2024.07.19	02:11:43.628		0.60435			4
2024.07.19	02:11:56.492	0.60432				2
2024.07.19	02:11:56.968		0.60433			4
2024.07.19	02:11:57.278		0.60435			4
2024.07.19	02:12:00.289	0.60432				2
2024.07.19	02:12:15.602	0.60433				2
2024.07.19	02:12:17.099	0.60434				2
2024.07.19	02:12:35.935	0.60433				2
2024.07.19	02:12:47.037	0.60432				2
2024.07.19	02:12:57.720		0.60435			4
2024.07.19	02:13:01.376	0.60432				2
2024.07.19	02:13:11.125	0.60433				2
2024.07.19	02:13:11.636	0.60432				2
2024.07.19	02:13:14.569	0.60433				2
2024.07.19	02:13:18.079	0.60432	0.60434			6
2024.07.19	02:13:19.582	0.60431				2
2024.07.19	02:13:21.067	0.60433	0.60436			6
2024.07.19	02:13:48.146	0.60434				2
2024.07.19	02:13:48.452	0.60433				2
2024.07.19	02:14:00.704	0.60433	0.60435			6
2024.07.19	02:14:06.927	0.60434	0.60436			6
2024.07.19	02:14:07.582	0.60433				2
2024.07.19	02:14:24.614	0.60434				2
2024.07.19	02:14:34.267	0.60433				2
2024.07.19	02:14:56.389	0.60434				2
2024.07.19	02:14:58.121	0.60433				2
2024.07.19	02:15:00.226	0.60433				2
2024.07.19	02:15:07.023		0.60436			4
2024.07.19	02:15:23.785	0.60434	0.60437			6
2024.07.19	02:15:31.598	0.60433	0.60436			6
2024.07.19	02:15:36.022	0.60434				2
2024.07.19	02:15:38.207	0.60433				2
2024.07.19	02:15:42.972	0.60430	0.60433			6
2024.07.19	02:15:43.283	0.60431				2
2024.07.19	02:15:58.399		0.60432			4
2024.07.19	02:15:58.833		0.60433			4
2024.07.19	02:16:00.098	0.60430				2
2024.07.19	02:16:00.407	0.60431				2
2024.07.19	02:16:05.397	0.60432	0.60434			6
2024.07.19	02:16:12.601		0.60435			4
2024.07.19	02:16:20.960	0.60433				2
2024.07.19	02:16:21.263	0.60432				2
2024.07.19	02:16:24.004		0.60434			4
2024.07.19	02:16:32.883		0.60435			4
2024.07.19	02:16:39.047		0.60434			4
2024.07.19	02:16:54.082		0.60435			4
2024.07.19	02:16:55.083	0.60433	0.60436			6
2024.07.19	02:17:00.791	0.60433				2
2024.07.19	02:17:01.918		0.60435			4
2024.07.19	02:17:03.047	0.60432				2
2024.07.19	02:17:09.687		0.60434			4
2024.07.19	02:17:10.932	0.60433	0.60435			6
2024.07.19	02:17:16.572		0.60436			4
2024.07.19	02:17:18.819	0.60434				2
2024.07.19	02:17:20.857	0.60433				2
2024.07.19	02:17:21.186	0.60434				2
2024.07.19	02:17:22.150	0.60433				2
2024.07.19	02:17:28.881	0.60434				2
2024.07.19	02:17:43.611	0.60433				2
2024.07.19	02:17:45.865	0.60434				2
2024.07.19	02:17:48.121	0.60433	0.60434			6
2024.07.19	02:17:48.427		0.60436			4
2024.07.19	02:17:50.208		0.60435			4
2024.07.19	02:17:55.993		0.60436			4
2024.07.19	02:18:00.511	0.60433				2
2024.07.19	02:18:01.640		0.60435			4
2024.07.19	02:18:14.037		0.60436			4
2024.07.19	02:18:15.146		0.60435			4
2024.07.19	02:18:16.133	0.60435	0.60436			6
2024.07.19	02:18:16.437	0.60433				2
2024.07.19	02:18:17.416		0.60435			4
2024.07.19	02:18:17.952	0.60435	0.60436			6
2024.07.19	02:18:22.046	0.60436	0.60438			6
2024.07.19	02:18:23.041	0.60435	0.60437			6
2024.07.19	02:18:29.978		0.60438			4
2024.07.19	02:18:33.511	0.60437	0.60439			6
2024.07.19	02:18:43.713	0.60435	0.60437			6
2024.07.19	02:18:44.888		0.60436			4
2024.07.19	02:18:45.210		0.60437			4
2024.07.19	02:18:46.466	0.60434	0.60436			6
2024.07.19	02:18:47.286		0.60437			4
2024.07.19	02:18:48.713		0.60436			4
2024.07.19	02:19:00.613	0.60434				2
2024.07.19	02:19:01.523	0.60433	0.60435			6
2024.07.19	02:19:02.722	0.60432				2
2024.07.19	02:19:04.940	0.60433				2
2024.07.19	02:19:06.101	0.60432				2
2024.07.19	02:19:09.481		0.60434			4
2024.07.19	02:19:12.867		0.60435			4
2024.07.19	02:19:21.724	0.60433				2
2024.07.19	02:19:26.109	0.60432				2
2024.07.19	02:19:26.499	0.60433				2
2024.07.19	02:19:35.183	0.60432				2
2024.07.19	02:19:35.516	0.60433				2
2024.07.19	02:19:52.062	0.60432	0.60434			6
2024.07.19	02:19:56.799		0.60435			4
2024.07.19	02:19:57.921		0.60434			4
2024.07.19	02:19:59.066		0.60435			4
2024.07.19	02:20:00.115	0.60432				2
2024.07.19	02:20:01.147	0.60433				2
2024.07.19	02:20:03.556	0.60432				2
2024.07.19	02:20:04.702	0.60433				2
2024.07.19	02:20:05.703	0.60432	0.60433			6
2024.07.19	02:20:06.031		0.60435			4
2024.07.19	02:20:08.069	0.60433				2
2024.07.19	02:20:10.679	0.60432				2
2024.07.19	02:20:11.433		0.60434			4
2024.07.19	02:20:29.492	0.60433	0.60435			6
2024.07.19	02:20:39.630	0.60432				2
2024.07.19	02:20:40.741	0.60433				2
2024.07.19	02:20:41.866	0.60432				2
2024.07.19	02:20:42.365	0.60433				2
2024.07.19	02:20:43.921		0.60434			4
2024.07.19	02:20:46.552		0.60435			4
2024.07.19	02:20:50.906		0.60434			4
2024.07.19	02:20:51.987	0.60431	0.60432			6
2024.07.19	02:21:01.206	0.60431				2
2024.07.19	02:21:12.107		0.60433			4
2024.07.19	02:21:16.728		0.60434			4
2024.07.19	02:21:26.387	0.60432				2
2024.07.19	02:21:26.866	0.60431				2
2024.07.19	02:21:35.626		0.60433			4
2024.07.19	02:21:43.999	0.60433	0.60434			6
2024.07.19	02:21:44.301	0.60435	0.60436			6
2024.07.19	02:22:00.410	0.60433	0.60434			6
2024.07.19	02:22:02.218	0.60434	0.60435			6
2024.07.19	02:22:04.025	0.60433	0.60434			6
2024.07.19	02:22:07.010	0.60434	0.60435			6
2024.07.19	02:22:07.331	0.60433	0.60434			6
2024.07.19	02:22:26.522	0.60434	0.60435			6
2024.07.19	02:22:32.061	0.60435	0.60436			6
2024.07.19	02:22:37.042	0.60433	0.60435			6
2024.07.19	02:22:38.766	0.60434	0.60436			6
2024.07.19	02:22:41.612	0.60433	0.60435			6
2024.07.19	02:22:42.803		0.60436			4
2024.07.19	02:22:49.114		0.60435			4
2024.07.19	02:22:56.782	0.60432				2
2024.07.19	02:22:57.108	0.60433				2
2024.07.19	02:23:00.377	0.60431	0.60434			6
2024.07.19	02:23:22.334	0.60432	0.60433			6
2024.07.19	02:23:24.501	0.60431				2
2024.07.19	02:23:26.083	0.60430				2
2024.07.19	02:23:27.980	0.60432				2
2024.07.19	02:23:29.537	0.60431				2
2024.07.19	02:23:38.240	0.60430				2
2024.07.19	02:23:56.052	0.60434	0.60435			6
2024.07.19	02:24:00.416	0.60433	0.60434			6
2024.07.19	02:24:00.723	0.60434	0.60435			6
2024.07.19	02:24:01.856	0.60433				2
2024.07.19	02:24:03.031	0.60434				2
2024.07.19	02:24:05.422	0.60433				2
2024.07.19	02:24:07.077		0.60436			4
2024.07.19	02:24:14.526	0.60432	0.60435			6
2024.07.19	02:24:15.771	0.60433				2
2024.07.19	02:24:16.502	0.60432				2
2024.07.19	02:24:16.812	0.60433				2
2024.07.19	02:24:21.296	0.60432				2
2024.07.19	02:24:23.547	0.60433				2
2024.07.19	02:24:56.924		0.60434			4
2024.07.19	02:24:57.257		0.60435			4
2024.07.19	02:24:59.587	0.60432				2
2024.07.19	02:25:00.388	0.60432				2
2024.07.19	02:25:00.712	0.60433				2
2024.07.19	02:25:06.332	0.60434				2
2024.07.19	02:25:06.828	0.60433				2
2024.07.19	02:25:12.002	0.60436	0.60437			6
2024.07.19	02:25:18.487		0.60438			4
2024.07.19	02:25:19.397	0.60435				2
2024.07.19	02:25:29.019		0.60436			4
2024.07.19	02:25:29.319		0.60438			4
2024.07.19	02:25:39.661	0.60436				2
2024.07.19	02:25:51.236	0.60437				2
2024.07.19	02:25:57.868		0.60439			4
2024.07.19	02:26:00.305	0.60437				2
2024.07.19	02:26:02.433	0.60438				2
2024.07.19	02:26:03.992	0.60437				2
2024.07.19	02:26:09.676	0.60436				2
2024.07.19	02:26:13.582	0.60439	0.60441			6
2024.07.19	02:26:16.013	0.60438	0.60440			6
2024.07.19	02:26:21.556		0.60441			4
2024.07.19	02:26:22.171		0.60440			4
2024.07.19	02:26:22.531		0.60441			4
2024.07.19	02:26:22.851		0.60440			4
2024.07.19	02:26:24.834	0.60437	0.60439			6
2024.07.19	02:27:01.434	0.60436				2
2024.07.19	02:27:11.564	0.60437				2
2024.07.19	02:27:26.225		0.60439			4
2024.07.19	02:27:27.352	0.60438				2
2024.07.19	02:27:27.655	0.60437				2
2024.07.19	02:27:34.402	0.60439	0.60442			6
2024.07.19	02:28:00.000	0.60439				2
2024.07.19	02:28:00.412	0.60438				2
2024.07.19	02:28:00.729		0.60441			4
2024.07.19	02:28:04.453	0.60439				2
2024.07.19	02:28:14.427	0.60440	0.60442			6
2024.07.19	02:28:15.560	0.60441				2
2024.07.19	02:28:19.077	0.60445	0.60446			6
2024.07.19	02:28:22.128	0.60442	0.60444			6
2024.07.19	02:28:22.808	0.60443	0.60445			6
2024.07.19	02:28:24.466	0.60444				2
2024.07.19	02:28:39.044	0.60446	0.60447			6
2024.07.19	02:28:39.350	0.60443	0.60445			6
2024.07.19	02:28:39.662	0.60444	0.60446			6
2024.07.19	02:28:50.546	0.60445				2
2024.07.19	02:28:53.764	0.60444				2
2024.07.19	02:28:56.122	0.60443	0.60445			6
2024.07.19	02:29:01.482	0.60443				2
2024.07.19	02:29:04.911	0.60444	0.60446			6
2024.07.19	02:29:23.537	0.60443	0.60445			6
2024.07.19	02:29:41.748		0.60444			4
2024.07.19	02:29:42.055		0.60445			4
2024.07.19	02:29:58.639	0.60444	0.60446			6
2024.07.19	02:30:00.279	0.60443				2
2024.07.19	02:30:01.461	0.60442	0.60445			6
2024.07.19	02:30:04.978	0.60440	0.60441			6
2024.07.19	02:30:05.773	0.60439				2
2024.07.19	02:30:10.911		0.60442			4
2024.07.19	02:30:32.578	0.60437	0.60439			6
2024.07.19	02:30:41.847	0.60438	0.60440			6
2024.07.19	02:30:45.471	0.60439	0.60441			6
2024.07.19	02:30:46.340		0.60442			4
2024.07.19	02:30:48.087	0.60440				2
2024.07.19	02:31:01.593	0.60440	0.60441			6
2024.07.19	02:31:15.272	0.60439				2
2024.07.19	02:31:24.514	0.60438				2
2024.07.19	02:31:25.209	0.60439				2
2024.07.19	02:31:36.324		0.60442			4
2024.07.19	02:31:46.408	0.60440				2
2024.07.19	02:31:50.555	0.60441				2
2024.07.19	02:31:50.855	0.60440				2
2024.07.19	02:31:53.823		0.60441			4
2024.07.19	02:32:00.115	0.60438				2
2024.07.19	02:32:13.079	0.60437	0.60439			6
2024.07.19	02:32:15.287		0.60440			4
2024.07.19	02:32:15.682	0.60438				2
2024.07.19	02:32:18.187	0.60437				2
2024.07.19	02:32:18.609	0.60438				2
2024.07.19	02:32:20.938	0.60437				2
2024.07.19	02:32:21.793	0.60438				2
2024.07.19	02:32:22.205	0.60437				2
2024.07.19	02:32:27.367		0.60439			4
2024.07.19	02:32:31.093	0.60438	0.60440			6
2024.07.19	02:32:53.279	0.60437	0.60439			6
2024.07.19	02:32:58.285		0.60440			4
2024.07.19	02:33:00.387	0.60438				2
2024.07.19	02:33:18.537		0.60439			4
2024.07.19	02:33:18.839		0.60440			4
2024.07.19	02:33:24.851	0.60437				2
2024.07.19	02:33:25.828		0.60439			4
2024.07.19	02:33:27.362		0.60438			4
2024.07.19	02:33:30.562		0.60439			4
2024.07.19	02:33:57.213		0.60438			4
2024.07.19	02:33:58.976		0.60439			4
2024.07.19	02:34:00.171	0.60437				2
2024.07.19	02:34:01.412		0.60438			4
2024.07.19	02:34:02.811		0.60439			4
2024.07.19	02:34:05.402	0.60438				2
2024.07.19	02:34:06.819	0.60437				2
2024.07.19	02:34:09.183	0.60438				2
2024.07.19	02:34:10.218	0.60437				2
2024.07.19	02:34:10.996	0.60438				2
2024.07.19	02:34:12.167	0.60439	0.60440			6
2024.07.19	02:34:19.287	0.60440	0.60441			6
2024.07.19	02:34:23.685	0.60441	0.60442			6
2024.07.19	02:34:35.755	0.60440	0.60441			6
2024.07.19	02:34:52.302	0.60439				2
2024.07.19	02:34:56.389	0.60440				2
2024.07.19	02:35:00.211	0.60440				2
2024.07.19	02:35:05.271	0.60439	0.60440			6
2024.07.19	02:35:06.041		0.60441			4
2024.07.19	02:35:09.626		0.60440			4
2024.07.19	02:35:09.941		0.60441			4
2024.07.19	02:35:11.593		0.60440			4
2024.07.19	02:35:13.136		0.60441			4
2024.07.19	02:35:20.787	0.60440				2
2024.07.19	02:35:30.871	0.60444	0.60446			6
2024.07.19	02:35:31.471	0.60445				2
2024.07.19	02:35:32.790	0.60444				2
2024.07.19	02:35:34.822		0.60445			4
2024.07.19	02:35:35.138	0.60445	0.60446			6
2024.07.19	02:35:51.767	0.60446	0.60447			6
2024.07.19	02:35:52.126		0.60448			4
2024.07.19	02:35:53.668	0.60445	0.60447			6
2024.07.19	02:36:01.043	0.60445				2
2024.07.19	02:36:29.853	0.60444	0.60446			6
2024.07.19	02:36:30.938	0.60445	0.60447			6
2024.07.19	02:36:52.318	0.60446	0.60448			6
2024.07.19	02:37:00.701	0.60446				2
2024.07.19	02:37:07.013	0.60447	0.60449			6
2024.07.19	02:37:07.326	0.60449	0.60451			6
2024.07.19	02:37:08.066		0.60450			4
2024.07.19	02:37:08.425		0.60451			4
2024.07.19	02:37:26.947	0.60446	0.60448			6
2024.07.19	02:37:45.223	0.60447				2
2024.07.19	02:38:00.419	0.60447				2
2024.07.19	02:38:08.177	0.60445	0.60447			6
2024.07.19	02:38:13.721	0.60446	0.60448			6
2024.07.19	02:38:19.551	0.60445				2
2024.07.19	02:38:30.967		0.60446			4
2024.07.19	02:38:36.139	0.60446	0.60447			6
2024.07.19	02:38:36.444	0.60445	0.60446			6
2024.07.19	02:38:50.108		0.60448			4
2024.07.19	02:38:50.498		0.60447			4
2024.07.19	02:38:51.989	0.60449	0.60450			6
2024.07.19	02:38:53.939	0.60447				2
2024.07.19	02:38:57.739		0.60449			4
2024.07.19	02:38:58.377	0.60446	0.60448			6
2024.07.19	02:38:58.688	0.60445	0.60446			6
2024.07.19	02:39:00.360	0.60445				2
2024.07.19	02:39:00.663	0.60444	0.60445			6
2024.07.19	02:39:07.553		0.60446			4
2024.07.19	02:39:18.764	0.60445	0.60447			6
2024.07.19	02:39:19.921	0.60447	0.60449			6
2024.07.19	02:39:20.562	0.60446	0.60448			6
2024.07.19	02:39:21.382		0.60449			4
2024.07.19	02:39:22.317	0.60445	0.60447			6
2024.07.19	02:39:23.015	0.60448	0.60449			6
2024.07.19	02:39:24.375	0.60447				2
2024.07.19	02:39:25.659	0.60448				2
2024.07.19	02:39:28.321	0.60447				2
2024.07.19	02:39:39.107	0.60445	0.60447			6
2024.07.19	02:39:42.172	0.60447	0.60448			6
2024.07.19	02:39:43.952		0.60449			4
2024.07.19	02:40:00.153	0.60450	0.60452			6
2024.07.19	02:40:43.280		0.60451			4
2024.07.19	02:40:43.656		0.60452			4
2024.07.19	02:40:46.657	0.60451	0.60453			6
2024.07.19	02:40:46.967	0.60453	0.60454			6
2024.07.19	02:40:47.799	0.60452	0.60453			6
2024.07.19	02:40:55.062	0.60449	0.60451			6
2024.07.19	02:40:58.503	0.60450	0.60452			6
2024.07.19	02:41:00.146	0.60450				2
2024.07.19	02:41:02.122	0.60447	0.60450			6
2024.07.19	02:41:02.426		0.60449			4
2024.07.19	02:41:15.347		0.60448			4
2024.07.19	02:41:15.649		0.60449			4
2024.07.19	02:41:18.538	0.60448	0.60450			6
2024.07.19	02:41:23.512	0.60450	0.60452			6
2024.07.19	02:41:24.302	0.60449	0.60451			6
2024.07.19	02:41:29.227	0.60447	0.60449			6
2024.07.19	02:41:35.275	0.60449	0.60452			6
2024.07.19	02:41:35.601		0.60451			4
2024.07.19	02:41:44.487		0.60452			4
2024.07.19	02:41:46.274	0.60450				2
2024.07.19	02:41:51.155	0.60449				2
2024.07.19	02:41:53.493	0.60450				2
2024.07.19	02:41:53.799	0.60452	0.60453			6
2024.07.19	02:41:54.291	0.60451	0.60452			6
2024.07.19	02:42:00.642	0.60451				2
2024.07.19	02:42:01.149	0.60450				2
2024.07.19	02:42:01.539	0.60449	0.60451			6
2024.07.19	02:42:27.943	0.60448	0.60450			6
2024.07.19	02:42:33.059		0.60449			4
2024.07.19	02:42:34.426		0.60450			4
2024.07.19	02:42:39.093		0.60449			4
2024.07.19	02:42:50.606	0.60447				2
2024.07.19	02:43:00.427	0.60447				2
2024.07.19	02:43:05.737	0.60448				2
2024.07.19	02:43:06.038	0.60447				2
2024.07.19	02:43:11.432		0.60450			4
2024.07.19	02:43:15.339	0.60448				2
2024.07.19	02:43:15.654	0.60447				2
2024.07.19	02:43:17.602	0.60445	0.60447			6
2024.07.19	02:43:19.800		0.60446			4
2024.07.19	02:43:22.427	0.60447	0.60448			6
2024.07.19	02:43:22.838	0.60445	0.60447			6
2024.07.19	02:43:29.349		0.60448			4
2024.07.19	02:43:31.333	0.60446				2
2024.07.19	02:43:31.649	0.60445	0.60447			6
2024.07.19	02:43:38.265	0.60446				2
2024.07.19	02:43:39.724	0.60445				2
2024.07.19	02:43:50.749		0.60446			4
2024.07.19	02:43:51.908		0.60447			4
2024.07.19	02:44:00.233	0.60445				2
2024.07.19	02:44:20.398	0.60444				2
2024.07.19	02:44:24.269	0.60446	0.60448			6
2024.07.19	02:44:43.772	0.60443	0.60446			6
2024.07.19	02:44:51.991		0.60445			4
2024.07.19	02:44:55.387		0.60446			4
2024.07.19	02:44:56.098	0.60442	0.60445			6
2024.07.19	02:44:57.638	0.60443				2
2024.07.19	02:44:58.763		0.60446			4
2024.07.19	02:45:00.199	0.60443				2
2024.07.19	02:45:00.830	0.60442				2
2024.07.19	02:45:02.903		0.60445			4
2024.07.19	02:45:03.271	0.60443				2
2024.07.19	02:45:03.627		0.60446			4
2024.07.19	02:45:07.776	0.60444				2
2024.07.19	02:45:08.749	0.60443	0.60444			6
2024.07.19	02:45:09.050		0.60446			4
2024.07.19	02:45:19.819		0.60445			4
2024.07.19	02:45:21.237	0.60444	0.60446			6
2024.07.19	02:45:22.470	0.60443				2
2024.07.19	02:45:22.876	0.60444				2
2024.07.19	02:45:26.452	0.60443	0.60445			6
2024.07.19	02:45:30.766	0.60444	0.60446			6
2024.07.19	02:45:44.181		0.60447			4
2024.07.19	02:45:46.078	0.60445				2
2024.07.19	02:45:47.645	0.60444				2
2024.07.19	02:45:49.824	0.60445				2
2024.07.19	02:46:00.007	0.60446				2
2024.07.19	02:46:03.517	0.60447	0.60449			6
2024.07.19	02:46:05.558		0.60448			4
2024.07.19	02:46:06.062		0.60449			4
2024.07.19	02:46:11.767	0.60446				2
2024.07.19	02:46:22.679	0.60449	0.60453			6
2024.07.19	02:46:27.306	0.60450				2
2024.07.19	02:46:28.033	0.60451				2
2024.07.19	02:46:29.171	0.60450	0.60452			6
2024.07.19	02:46:35.304	0.60449				2
2024.07.19	02:46:41.956	0.60447	0.60450			6
2024.07.19	02:46:42.265	0.60446	0.60449			6
2024.07.19	02:46:46.888		0.60450			4
2024.07.19	02:46:48.925	0.60447				2
2024.07.19	02:46:49.704	0.60446				2
2024.07.19	02:46:52.583	0.60447				2
2024.07.19	02:47:00.316	0.60447	0.60449			6
2024.07.19	02:47:00.698	0.60446				2
2024.07.19	02:47:01.411		0.60448			4
2024.07.19	02:47:04.026	0.60447	0.60450			6
2024.07.19	02:47:06.478	0.60444	0.60447			6
2024.07.19	02:47:07.699	0.60446	0.60448			6
2024.07.19	02:47:08.001	0.60445				2
2024.07.19	02:47:09.423	0.60444	0.60447			6
2024.07.19	02:47:10.113	0.60445				2
2024.07.19	02:47:10.774	0.60444				2
2024.07.19	02:47:11.792	0.60445				2
2024.07.19	02:47:12.198	0.60444				2
2024.07.19	02:47:14.483		0.60445			4
2024.07.19	02:47:14.810	0.60439	0.60442			6
2024.07.19	02:47:15.429	0.60440				2
2024.07.19	02:47:19.413	0.60436	0.60438			6
2024.07.19	02:47:19.737	0.60437				2
2024.07.19	02:47:20.077	0.60436				2
2024.07.19	02:47:23.073	0.60434	0.60437			6
2024.07.19	02:47:23.821	0.60435				2
2024.07.19	02:47:24.665	0.60434				2
2024.07.19	02:47:34.732		0.60436			4
2024.07.19	02:47:42.298	0.60433	0.60435			6
2024.07.19	02:47:54.582	0.60434	0.60436			6
2024.07.19	02:47:58.043	0.60435				2
2024.07.19	02:47:58.343	0.60433				2
2024.07.19	02:47:58.653		0.60435			4
2024.07.19	02:48:00.257	0.60433				2
2024.07.19	02:48:01.440		0.60436			4
2024.07.19	02:48:03.449	0.60434				2
2024.07.19	02:48:16.264	0.60432	0.60434			6
2024.07.19	02:48:17.200	0.60431	0.60433			6
2024.07.19	02:48:20.092	0.60430	0.60432			6
2024.07.19	02:48:20.441		0.60433			4
2024.07.19	02:48:20.962	0.60431				2
2024.07.19	02:48:32.039		0.60434			4
2024.07.19	02:48:36.172	0.60432				2
2024.07.19	02:48:38.304	0.60435	0.60436			6
2024.07.19	02:48:38.612	0.60434				2
2024.07.19	02:48:41.153	0.60435				2
2024.07.19	02:48:44.837	0.60434				2
2024.07.19	02:48:57.032	0.60435				2
2024.07.19	02:48:58.178	0.60433				2
2024.07.19	02:48:58.562	0.60434				2
2024.07.19	02:48:59.021	0.60433				2
2024.07.19	02:49:00.021	0.60433				2
2024.07.19	02:49:00.750		0.60435			4
2024.07.19	02:49:22.555	0.60435	0.60436			6
2024.07.19	02:49:22.859	0.60433	0.60435			6
2024.07.19	02:49:30.276		0.60436			4
2024.07.19	02:49:30.661		0.60435			4
2024.07.19	02:49:35.085		0.60436			4
2024.07.19	02:49:35.570	0.60434	0.60435			6
2024.07.19	02:49:35.927		0.60436			4
2024.07.19	02:49:37.612	0.60436	0.60438			6
2024.07.19	02:49:47.702	0.60435				2
2024.07.19	02:49:49.782	0.60436				2
2024.07.19	02:49:51.942	0.60438	0.60439			6
2024.07.19	02:49:52.341		0.60440			4
2024.07.19	02:50:00.384	0.60439				2
2024.07.19	02:50:01.458	0.60438	0.60441			6
2024.07.19	02:50:13.251		0.60440			4
2024.07.19	02:50:14.160	0.60437	0.60438			6
2024.07.19	02:50:17.019		0.60439			4
2024.07.19	02:50:17.531	0.60438	0.60440			6
2024.07.19	02:50:18.881		0.60441			4
2024.07.19	02:50:19.493		0.60440			4
2024.07.19	02:50:45.363		0.60441			4
2024.07.19	02:50:46.800	0.60436	0.60437			6
2024.07.19	02:50:47.884	0.60437	0.60438			6
2024.07.19	02:50:48.553	0.60436				2
2024.07.19	02:51:00.267	0.60436				2
2024.07.19	02:51:01.625	0.60435				2
2024.07.19	02:51:07.340	0.60437				2
2024.07.19	02:51:07.643	0.60435				2
2024.07.19	02:51:20.516	0.60436				2
2024.07.19	02:51:21.513	0.60435				2
2024.07.19	02:51:25.563	0.60436				2
2024.07.19	02:51:28.616	0.60435	0.60436			6
2024.07.19	02:51:30.082	0.60439	0.60441			6
2024.07.19	02:51:33.262	0.60441	0.60443			6
2024.07.19	02:51:58.626	0.60442				2
2024.07.19	02:52:00.459	0.60441				2
2024.07.19	02:52:01.541		0.60444			4
2024.07.19	02:52:01.859		0.60443			4
2024.07.19	02:52:02.421		0.60444			4
2024.07.19	02:52:02.914		0.60443			4
2024.07.19	02:52:13.273	0.60444	0.60445			6
2024.07.19	02:52:18.041	0.60445	0.60446			6
2024.07.19	02:52:25.739	0.60442	0.60445			6
2024.07.19	02:52:29.110		0.60444			4
2024.07.19	02:52:31.404	0.60443	0.60445			6
2024.07.19	02:52:37.321	0.60442	0.60444			6
2024.07.19	02:52:39.079		0.60445			4
2024.07.19	02:52:45.738	0.60444				2
2024.07.19	02:52:46.042	0.60442				2
2024.07.19	02:53:00.411	0.60441	0.60443			6
2024.07.19	02:53:00.727	0.60440				2
2024.07.19	02:53:02.352	0.60441				2
2024.07.19	02:53:03.337		0.60444			4
2024.07.19	02:53:09.321	0.60440	0.60443			6
2024.07.19	02:53:13.389	0.60439	0.60442			6
2024.07.19	02:53:13.726	0.60440				2
2024.07.19	02:53:14.947	0.60439				2
2024.07.19	02:53:16.395	0.60436	0.60438			6
2024.07.19	02:53:21.271	0.60437				2
2024.07.19	02:53:23.734	0.60436				2
2024.07.19	02:53:26.721		0.60439			4
2024.07.19	02:53:33.586	0.60433	0.60435			6
2024.07.19	02:53:35.993	0.60434	0.60436			6
2024.07.19	02:53:46.134	0.60433				2
2024.07.19	02:54:00.131	0.60433	0.60435			6
2024.07.19	02:54:00.443	0.60432	0.60434			6
2024.07.19	02:54:11.325	0.60433				2
2024.07.19	02:54:11.628	0.60432				2
2024.07.19	02:54:15.442	0.60434	0.60436			6
2024.07.19	02:54:16.897	0.60435				2
2024.07.19	02:54:17.232	0.60433	0.60435			6
2024.07.19	02:54:21.855	0.60432	0.60434			6
2024.07.19	02:54:23.219	0.60433	0.60435			6
2024.07.19	02:54:54.535	0.60434				2
2024.07.19	02:54:54.837	0.60433				2
2024.07.19	02:54:58.258	0.60432	0.60433			6
2024.07.19	02:55:00.482	0.60432				2
2024.07.19	02:55:03.343	0.60433	0.60434			6
2024.07.19	02:55:22.654		0.60435			4
2024.07.19	02:55:30.589	0.60434				2
2024.07.19	02:55:33.233		0.60436			4
2024.07.19	02:55:46.553		0.60437			4
2024.07.19	02:55:46.888		0.60436			4
2024.07.19	02:55:54.092		0.60435			4
2024.07.19	02:55:59.997		0.60436			4
2024.07.19	02:56:00.427	0.60434				2
2024.07.19	02:56:00.943		0.60437			4
2024.07.19	02:56:15.070	0.60433	0.60436			6
2024.07.19	02:56:16.268		0.60435			4
2024.07.19	02:56:30.389	0.60434	0.60437			6
2024.07.19	02:56:31.950	0.60437	0.60438			6
2024.07.19	02:56:32.249	0.60434	0.60437			6
2024.07.19	02:56:32.573		0.60436			4
2024.07.19	02:56:39.152	0.60433	0.60435			6
2024.07.19	02:56:43.467		0.60434			4
2024.07.19	02:56:50.490	0.60432	0.60433			6
2024.07.19	02:56:53.207	0.60433	0.60434			6
2024.07.19	02:56:54.772		0.60435			4
2024.07.19	02:57:00.369	0.60433	0.60434			6
2024.07.19	02:57:06.063	0.60432	0.60433			6
2024.07.19	02:57:06.378	0.60430	0.60432			6
2024.07.19	02:57:21.899		0.60431			4
2024.07.19	02:57:22.243	0.60431	0.60433			6
2024.07.19	02:57:30.240	0.60430				2
2024.07.19	02:57:30.542	0.60431				2
2024.07.19	02:57:34.253		0.60432			4
2024.07.19	02:57:40.127	0.60432	0.60433			6
2024.07.19	02:57:49.049	0.60431				2
2024.07.19	02:57:49.365		0.60432			4
2024.07.19	02:57:49.686	0.60430	0.60433			6
2024.07.19	02:57:52.070	0.60431	0.60432			6
2024.07.19	02:57:52.418		0.60433			4
2024.07.19	02:57:53.178		0.60432			4
2024.07.19	02:57:53.488		0.60433			4
2024.07.19	02:57:53.896		0.60432			4
2024.07.19	02:57:54.239		0.60433			4
2024.07.19	02:57:54.960		0.60432			4
2024.07.19	02:57:55.317		0.60433			4
2024.07.19	02:57:56.026		0.60432			4
2024.07.19	02:57:56.326		0.60433			4
2024.07.19	02:57:56.785		0.60432			4
2024.07.19	02:57:57.382		0.60433			4
2024.07.19	02:57:57.993		0.60432			4
2024.07.19	02:57:58.309	0.60430				2
2024.07.19	02:58:00.132	0.60430	0.60433			6
2024.07.19	02:58:02.147	0.60431				2
2024.07.19	02:58:09.963	0.60430				2
2024.07.19	02:58:17.736	0.60432				2
2024.07.19	02:58:18.041	0.60430				2
2024.07.19	02:58:25.627	0.60429	0.60431			6
2024.07.19	02:58:25.943	0.60431	0.60432			6
2024.07.19	02:58:29.596	0.60430	0.60431			6
2024.07.19	02:58:34.828	0.60427	0.60429			6
2024.07.19	02:58:35.141	0.60425	0.60427			6
2024.07.19	02:58:35.804	0.60426				2
2024.07.19	02:58:40.770	0.60427	0.60428			6
2024.07.19	02:58:41.238	0.60426	0.60429			6
2024.07.19	02:58:45.088	0.60429	0.60431			6
2024.07.19	02:58:45.913		0.60430			4
2024.07.19	02:58:54.513	0.60428	0.60429			6
2024.07.19	02:59:00.417	0.60428				2
2024.07.19	02:59:01.354	0.60429	0.60431			6
2024.07.19	02:59:05.125	0.60428				2
2024.07.19	02:59:11.469		0.60430			4
2024.07.19	02:59:15.308		0.60429			4
2024.07.19	02:59:30.023	0.60427				2
2024.07.19	02:59:30.336		0.60428			4
2024.07.19	02:59:38.236		0.60429			4
2024.07.19	02:59:38.598		0.60428			4
2024.07.19	02:59:41.922	0.60426	0.60427			6
2024.07.19	02:59:42.829		0.60428			4
2024.07.19	02:59:43.900		0.60427			4
2024.07.19	02:59:45.077		0.60428			4
2024.07.19	02:59:45.475		0.60427			4
2024.07.19	02:59:56.114	0.60424	0.60425			6
2024.07.19	02:59:57.797		0.60426			4
2024.07.19	02:59:59.351		0.60425			4
2024.07.19	02:59:59.656		0.60426			4
2024.07.19	03:00:00.145	0.60424				2
2024.07.19	03:00:00.833	0.60423	0.60424			6
2024.07.19	03:00:01.790		0.60426			4
2024.07.19	03:00:02.102		0.60425			4
2024.07.19	03:00:08.203		0.60424			4
2024.07.19	03:00:10.848		0.60425			4
2024.07.19	03:00:12.658	0.60420	0.60422			6
2024.07.19	03:00:12.962	0.60421	0.60423			6
2024.07.19	03:00:14.003	0.60420				2
2024.07.19	03:00:15.679		0.60422			4
2024.07.19	03:00:16.752		0.60423			4
2024.07.19	03:00:17.916	0.60421				2
2024.07.19	03:00:18.553	0.60420				2
2024.07.19	03:00:19.611		0.60422			4
2024.07.19	03:00:19.946	0.60419				2
2024.07.19	03:00:20.255		0.60420			4
2024.07.19	03:00:20.566		0.60421			4
2024.07.19	03:00:21.347		0.60420			4
2024.07.19	03:00:27.214		0.60421			4
2024.07.19	03:00:28.045		0.60420			4
2024.07.19	03:00:29.011		0.60421			4
2024.07.19	03:00:29.498		0.60420			4
2024.07.19	03:00:30.347	0.60417	0.60418			6
2024.07.19	03:00:30.654	0.60416	0.60417			6
2024.07.19	03:00:30.977	0.60414	0.60415			6
2024.07.19	03:00:31.284	0.60413				2
2024.07.19	03:00:32.204	0.60406	0.60407			6
2024.07.19	03:00:32.510	0.60399	0.60401			6
2024.07.19	03:00:33.184		0.60402			4
2024.07.19	03:00:33.503		0.60401			4
2024.07.19	03:00:33.808	0.60394	0.60396			6
2024.07.19	03:00:34.110		0.60397			4
2024.07.19	03:00:34.436	0.60397	0.60399			6
2024.07.19	03:00:34.743		0.60400			4
2024.07.19	03:00:35.046	0.60398				2
2024.07.19	03:00:35.378	0.60397				2
2024.07.19	03:00:36.452	0.60398				2
2024.07.19	03:00:36.806		0.60401			4
2024.07.19	03:00:37.124	0.60399				2
2024.07.19	03:00:37.593		0.60402			4
2024.07.19	03:00:39.974		0.60401			4
2024.07.19	03:00:40.281	0.60398				2
2024.07.19	03:00:42.259	0.60399				2
2024.07.19	03:00:44.293	0.60401	0.60402			6
2024.07.19	03:00:44.599	0.60400				2
2024.07.19	03:00:45.310	0.60401				2
2024.07.19	03:00:45.954	0.60402	0.60403			6
2024.07.19	03:00:48.578	0.60399	0.60401			6
2024.07.19	03:00:48.902	0.60400	0.60402			6
2024.07.19	03:00:49.210	0.60401				2
2024.07.19	03:00:49.519	0.60400				2
2024.07.19	03:00:50.874	0.60399	0.60401			6
2024.07.19	03:00:51.205	0.60400	0.60402			6
2024.07.19	03:00:52.244	0.60402	0.60403			6
2024.07.19	03:00:52.548	0.60404	0.60405			6
2024.07.19	03:00:53.928	0.60405	0.60407			6
2024.07.19	03:00:56.621	0.60403	0.60405			6
2024.07.19	03:00:57.558		0.60404			4
2024.07.19	03:00:57.938		0.60406			4
2024.07.19	03:00:58.474		0.60405			4
2024.07.19	03:00:59.180	0.60401	0.60402			6
2024.07.19	03:00:59.483	0.60400	0.60401			6
2024.07.19	03:01:00.080	0.60400				2
2024.07.19	03:01:01.894	0.60396	0.60397			6
2024.07.19	03:01:02.204	0.60398	0.60399			6
2024.07.19	03:01:04.042	0.60399	0.60400			6
2024.07.19	03:01:05.043	0.60398	0.60399			6
2024.07.19	03:01:05.663	0.60397	0.60398			6
2024.07.19	03:01:06.334	0.60393	0.60394			6
2024.07.19	03:01:07.305		0.60395			4
2024.07.19	03:01:09.003	0.60394				2
2024.07.19	03:01:12.838	0.60393				2
2024.07.19	03:01:17.370		0.60394			4
2024.07.19	03:01:17.879		0.60395			4
2024.07.19	03:01:18.322		0.60394			4
2024.07.19	03:01:18.656	0.60392				2
2024.07.19	03:01:19.612		0.60393			4
2024.07.19	03:01:20.263		0.60394			4
2024.07.19	03:01:20.563		0.60393			4
2024.07.19	03:01:21.308	0.60390	0.60392			6
2024.07.19	03:01:21.959		0.60391			4
2024.07.19	03:01:24.763	0.60393	0.60394			6
2024.07.19	03:01:29.240		0.60396			4
2024.07.19	03:01:29.591	0.60394				2
2024.07.19	03:01:29.899	0.60396	0.60397			6
2024.07.19	03:01:30.510	0.60395	0.60396			6
2024.07.19	03:01:30.866	0.60393				2
2024.07.19	03:01:31.553		0.60395			4
2024.07.19	03:01:32.347	0.60394	0.60396			6
2024.07.19	03:01:36.003	0.60393	0.60395			6
2024.07.19	03:01:36.902	0.60392	0.60393			6
2024.07.19	03:01:37.585	0.60393	0.60395			6
2024.07.19	03:01:38.552	0.60394				2
2024.07.19	03:01:40.327	0.60395	0.60396			6
2024.07.19	03:01:40.852	0.60394	0.60395			6
2024.07.19	03:01:52.931	0.60393				2
2024.07.19	03:01:54.467	0.60396	0.60397			6
2024.07.19	03:01:55.417	0.60394	0.60395			6
2024.07.19	03:01:56.053	0.60397	0.60398			6
2024.07.19	03:01:57.145	0.60395	0.60396			6
2024.07.19	03:01:57.462	0.60396	0.60398			6
2024.07.19	03:01:57.870	0.60397				2
2024.07.19	03:02:00.222	0.60397				2
2024.07.19	03:02:01.330	0.60395	0.60396			6
2024.07.19	03:02:01.642	0.60394				2
2024.07.19	03:02:02.753	0.60397	0.60398			6
2024.07.19	03:02:03.499	0.60396	0.60397			6
2024.07.19	03:02:04.492	0.60397	0.60398			6
2024.07.19	03:02:07.328	0.60400	0.60402			6
2024.07.19	03:02:07.639	0.60401				2
2024.07.19	03:02:08.917	0.60400	0.60401			6
2024.07.19	03:02:13.036	0.60401	0.60402			6
2024.07.19	03:02:13.982	0.60404	0.60405			6
2024.07.19	03:02:14.292	0.60402	0.60403			6
2024.07.19	03:02:16.473	0.60401				2
2024.07.19	03:02:16.782	0.60402				2
2024.07.19	03:02:17.112	0.60403	0.60404			6
2024.07.19	03:02:18.482	0.60402	0.60403			6
2024.07.19	03:02:19.130	0.60403	0.60404			6
2024.07.19	03:02:19.521	0.60401	0.60403			6
2024.07.19	03:02:21.975		0.60402			4
2024.07.19	03:02:23.287	0.60402	0.60403			6
2024.07.19	03:02:23.619	0.60396	0.60398			6
2024.07.19	03:02:23.924	0.60395	0.60397			6
2024.07.19	03:02:27.390	0.60397	0.60398			6
2024.07.19	03:02:31.629	0.60396				2
2024.07.19	03:02:31.942	0.60395	0.60397			6
2024.07.19	03:02:32.252	0.60396				2
2024.07.19	03:02:34.154	0.60398	0.60399			6
2024.07.19	03:02:36.372	0.60397				2
2024.07.19	03:02:37.926	0.60396	0.60398			6
2024.07.19	03:02:38.678	0.60397	0.60399			6
2024.07.19	03:02:41.490	0.60396				2
2024.07.19	03:02:41.864		0.60398			4
2024.07.19	03:02:42.294	0.60395				2
2024.07.19	03:02:42.667		0.60397			4
2024.07.19	03:02:44.117	0.60396				2
2024.07.19	03:02:44.887		0.60398			4
2024.07.19	03:02:50.594	0.60394	0.60396			6
2024.07.19	03:02:50.913	0.60395				2
2024.07.19	03:02:55.050	0.60397	0.60398			6
2024.07.19	03:02:55.891	0.60395				2
2024.07.19	03:02:56.201		0.60397			4
2024.07.19	03:02:59.875	0.60397	0.60398			6
2024.07.19	03:03:00.330	0.60397				2
2024.07.19	03:03:00.653	0.60399	0.60400			6
2024.07.19	03:03:00.981	0.60398				2
2024.07.19	03:03:02.687	0.60399				2
2024.07.19	03:03:03.009	0.60398				2
2024.07.19	03:03:04.149	0.60399				2
2024.07.19	03:03:04.462	0.60398				2
2024.07.19	03:03:05.122	0.60399				2
2024.07.19	03:03:07.426	0.60398				2
2024.07.19	03:03:07.735	0.60396	0.60398			6
2024.07.19	03:03:08.520	0.60395	0.60397			6
2024.07.19	03:03:08.824	0.60394				2
2024.07.19	03:03:09.136		0.60396			4
2024.07.19	03:03:10.798		0.60397			4
2024.07.19	03:03:11.419		0.60396			4
2024.07.19	03:03:11.752	0.60392	0.60395			6
2024.07.19	03:03:12.502	0.60390	0.60392			6
2024.07.19	03:03:12.978	0.60389				2
2024.07.19	03:03:13.303	0.60390				2
2024.07.19	03:03:14.580		0.60393			4
2024.07.19	03:03:14.884	0.60392				2
2024.07.19	03:03:15.901	0.60393	0.60394			6
2024.07.19	03:03:16.206	0.60395	0.60396			6
2024.07.19	03:03:18.116	0.60393	0.60395			6
2024.07.19	03:03:18.424	0.60392	0.60394			6
2024.07.19	03:03:18.741	0.60391	0.60393			6
2024.07.19	03:03:19.783	0.60390	0.60391			6
2024.07.19	03:03:20.099	0.60389				2
2024.07.19	03:03:23.286	0.60392	0.60393			6
2024.07.19	03:03:25.544	0.60395	0.60396			6
2024.07.19	03:03:25.871	0.60396	0.60397			6
2024.07.19	03:03:26.559	0.60395	0.60396			6
2024.07.19	03:03:29.512	0.60394				2
2024.07.19	03:03:30.423	0.60392	0.60397			6
2024.07.19	03:03:31.687	0.60394	0.60395			6
2024.07.19	03:03:36.157	0.60395	0.60396			6
2024.07.19	03:03:38.650	0.60394	0.60395			6
2024.07.19	03:03:39.667		0.60396			4
2024.07.19	03:03:39.991	0.60393				2
2024.07.19	03:03:40.658	0.60390	0.60393			6
2024.07.19	03:03:41.451		0.60392			4
2024.07.19	03:03:45.612	0.60388	0.60391			6
2024.07.19	03:03:46.588	0.60389				2
2024.07.19	03:03:46.941	0.60388				2
2024.07.19	03:03:50.167	0.60389				2
2024.07.19	03:03:51.386	0.60388				2
2024.07.19	03:03:54.796	0.60389				2
2024.07.19	03:03:56.145	0.60383	0.60386			6
2024.07.19	03:03:56.448	0.60386	0.60388			6
2024.07.19	03:03:56.755	0.60385				2
2024.07.19	03:03:57.083	0.60386	0.60389			6
2024.07.19	03:04:00.311	0.60386				2
2024.07.19	03:04:00.950	0.60388	0.60391			6
2024.07.19	03:04:03.348	0.60389	0.60392			6
2024.07.19	03:04:03.984	0.60388	0.60391			6
2024.07.19	03:04:06.678	0.60390	0.60392			6
2024.07.19	03:04:07.686	0.60389				2
2024.07.19	03:04:08.050		0.60391			4
2024.07.19	03:04:13.380		0.60390			4
2024.07.19	03:04:16.606		0.60392			4
2024.07.19	03:04:17.395		0.60391			4
2024.07.19	03:04:17.711		0.60392			4
2024.07.19	03:04:18.445		0.60391			4
2024.07.19	03:04:19.150		0.60392			4
2024.07.19	03:04:19.469		0.60391			4
2024.07.19	03:04:20.025	0.60388				2
2024.07.19	03:04:21.867	0.60389				2
2024.07.19	03:04:22.562	0.60388				2
2024.07.19	03:04:23.790		0.60390			4
2024.07.19	03:04:27.588		0.60391			4
2024.07.19	03:04:32.488	0.60387	0.60388			6
2024.07.19	03:04:32.800	0.60386	0.60387			6
2024.07.19	03:04:33.121	0.60387	0.60388			6
2024.07.19	03:04:33.423	0.60386				2
2024.07.19	03:04:34.671	0.60385				2
2024.07.19	03:04:37.272	0.60386	0.60387			6
2024.07.19	03:04:38.220	0.60387	0.60388			6
2024.07.19	03:04:40.706	0.60386	0.60387			6
2024.07.19	03:04:46.024	0.60380	0.60382			6
2024.07.19	03:04:48.915	0.60382	0.60383			6
2024.07.19	03:04:49.335	0.60383	0.60385			6
2024.07.19	03:04:49.765		0.60386			4
2024.07.19	03:04:53.682	0.60384				2
2024.07.19	03:04:58.555		0.60385			4
2024.07.19	03:04:58.864	0.60383	0.60386			6
2024.07.19	03:05:00.377	0.60383				2
2024.07.19	03:05:00.791	0.60384				2
2024.07.19	03:05:03.674	0.60385	0.60388			6
2024.07.19	03:05:03.983	0.60386	0.60389			6
2024.07.19	03:05:05.149	0.60389	0.60391			6
2024.07.19	03:05:06.359		0.60392			4
2024.07.19	03:05:07.426		0.60391			4
2024.07.19	03:05:09.222		0.60392			4
2024.07.19	03:05:11.515		0.60391			4
2024.07.19	03:05:12.390	0.60390	0.60392			6
2024.07.19	03:05:16.581	0.60389	0.60391			6
2024.07.19	03:05:17.122	0.60388				2
2024.07.19	03:05:17.804	0.60386	0.60389			6
2024.07.19	03:05:18.122	0.60387				2
2024.07.19	03:05:18.772	0.60386				2
2024.07.19	03:05:19.090	0.60384	0.60386			6
2024.07.19	03:05:26.571	0.60381	0.60384			6
2024.07.19	03:05:27.340	0.60380	0.60383			6
2024.07.19	03:05:28.689	0.60382				2
2024.07.19	03:05:29.020	0.60380				2
2024.07.19	03:05:30.319	0.60382				2
2024.07.19	03:05:30.624	0.60380				2
2024.07.19	03:05:31.952		0.60382			4
2024.07.19	03:05:32.262	0.60375	0.60378			6
2024.07.19	03:05:32.582	0.60377	0.60379			6
2024.07.19	03:05:32.901		0.60380			4
2024.07.19	03:05:33.211	0.60380	0.60382			6
2024.07.19	03:05:33.824	0.60381				2
2024.07.19	03:05:34.125	0.60380				2
2024.07.19	03:05:35.735	0.60378	0.60379			6
2024.07.19	03:05:36.043	0.60376	0.60378			6
2024.07.19	03:05:39.523	0.60375	0.60377			6
2024.07.19	03:05:39.897		0.60378			4
2024.07.19	03:05:40.279	0.60376	0.60377			6
2024.07.19	03:05:40.680		0.60378			4
2024.07.19	03:05:41.071	0.60373	0.60376			6
2024.07.19	03:05:42.075		0.60375			4
2024.07.19	03:05:45.931		0.60376			4
2024.07.19	03:05:47.509	0.60375	0.60377			6
2024.07.19	03:05:47.841	0.60376				2
2024.07.19	03:05:48.739		0.60378			4
2024.07.19	03:05:49.068	0.60377				2
2024.07.19	03:05:50.611	0.60376				2
2024.07.19	03:05:51.268	0.60374	0.60377			6
2024.07.19	03:05:51.962	0.60373				2
2024.07.19	03:05:53.571		0.60376			4
2024.07.19	03:05:54.525	0.60374	0.60377			6
2024.07.19	03:05:55.209	0.60373	0.60374			6
2024.07.19	03:05:55.518		0.60375			4
2024.07.19	03:05:55.846		0.60376			4
2024.07.19	03:05:56.160		0.60377			4
2024.07.19	03:05:57.361		0.60376			4
2024.07.19	03:05:58.000		0.60377			4
2024.07.19	03:05:58.348		0.60376			4
2024.07.19	03:05:59.625		0.60377			4
2024.07.19	03:06:00.048	0.60373				2
2024.07.19	03:06:00.714	0.60374				2
2024.07.19	03:06:02.391	0.60373				2
2024.07.19	03:06:04.662	0.60375				2
2024.07.19	03:06:08.456	0.60376				2
2024.07.19	03:06:09.201	0.60375				2
2024.07.19	03:06:09.511	0.60378	0.60381			6
2024.07.19	03:06:10.142		0.60380			4
2024.07.19	03:06:13.447		0.60381			4
2024.07.19	03:06:15.607		0.60380			4
2024.07.19	03:06:17.498	0.60379	0.60381			6
2024.07.19	03:06:17.802	0.60378				2
2024.07.19	03:06:18.229	0.60379				2
2024.07.19	03:06:20.182	0.60381	0.60382			6
2024.07.19	03:06:20.864	0.60383	0.60384			6
2024.07.19	03:06:21.173		0.60386			4
2024.07.19	03:06:21.541	0.60384	0.60387			6
2024.07.19	03:06:22.228	0.60383				2
2024.07.19	03:06:24.865	0.60384				2
2024.07.19	03:06:25.232	0.60386				2
2024.07.19	03:06:25.537		0.60388			4
2024.07.19	03:06:26.305	0.60385				2
2024.07.19	03:06:28.466	0.60386				2
2024.07.19	03:06:30.193	0.60384	0.60386			6
2024.07.19	03:06:30.496	0.60385	0.60387			6
2024.07.19	03:06:30.848	0.60384	0.60386			6
2024.07.19	03:06:31.215		0.60387			4
2024.07.19	03:06:32.591	0.60385				2
2024.07.19	03:06:33.980	0.60386				2
2024.07.19	03:06:36.526	0.60388	0.60389			6
2024.07.19	03:06:38.298		0.60390			4
2024.07.19	03:06:41.389	0.60387				2
2024.07.19	03:06:42.398	0.60386	0.60389			6
2024.07.19	03:06:50.425	0.60387				2
2024.07.19	03:06:52.120	0.60386				2
2024.07.19	03:06:53.199	0.60387				2
2024.07.19	03:06:54.529	0.60388				2
2024.07.19	03:06:54.834		0.60390			4
2024.07.19	03:06:55.142	0.60389	0.60392			6
2024.07.19	03:06:57.112	0.60388				2
2024.07.19	03:06:57.600	0.60389				2
2024.07.19	03:06:58.370		0.60391			4
2024.07.19	03:06:59.019		0.60392			4
2024.07.19	03:07:00.086	0.60389				2
2024.07.19	03:07:00.392		0.60391			4
2024.07.19	03:07:00.704	0.60388				2
2024.07.19	03:07:01.774		0.60390			4
2024.07.19	03:07:02.106	0.60391	0.60392			6
2024.07.19	03:07:04.864	0.60386	0.60387			6
2024.07.19	03:07:07.825	0.60385				2
2024.07.19	03:07:08.174	0.60384				2
2024.07.19	03:07:08.555		0.60386			4
2024.07.19	03:07:08.891	0.60385				2
2024.07.19	03:07:12.551	0.60386	0.60387			6
2024.07.19	03:07:12.875	0.60385				2
2024.07.19	03:07:13.290		0.60386			4
2024.07.19	03:07:14.818	0.60384				2
2024.07.19	03:07:15.626	0.60383				2
2024.07.19	03:07:17.816	0.60385	0.60387			6
2024.07.19	03:07:18.120	0.60378	0.60381			6
2024.07.19	03:07:18.423	0.60375	0.60378			6
2024.07.19	03:07:20.988	0.60378	0.60380			6
2024.07.19	03:07:21.303	0.60375	0.60376			6
2024.07.19	03:07:21.620	0.60373				2
2024.07.19	03:07:23.282	0.60371	0.60372			6
2024.07.19	03:07:23.603	0.60368	0.60369			6
2024.07.19	03:07:23.915	0.60367	0.60370			6
2024.07.19	03:07:25.348	0.60368	0.60371			6
2024.07.19	03:07:27.750		0.60370			4
2024.07.19	03:07:28.461	0.60369				2
2024.07.19	03:07:28.763	0.60368				2
