<DATE>	<TIME>	<BID>	<ASK>	<LAST>	<VOLUME>	<FLAGS>
2024.08.02	00:00:00.425	0.59456	0.59523			6
2024.08.02	00:00:00.820	0.59411	0.59527			6
2024.08.02	00:00:30.854		0.59524			4
2024.08.02	00:01:00.402	0.59411				2
2024.08.02	00:01:05.680	0.59413				2
2024.08.02	00:01:46.456		0.59524			4
2024.08.02	00:01:51.676	0.59414				2
2024.08.02	00:02:03.888	0.59414				2
2024.08.02	00:02:51.679		0.59524			4
2024.08.02	00:02:59.214	0.59412				2
2024.08.02	00:02:59.554	0.59414				2
2024.08.02	00:03:01.148	0.59414				2
2024.08.02	00:03:51.679		0.59524			4
2024.08.02	00:04:01.580	0.59414				2
2024.08.02	00:04:54.180		0.59524			4
2024.08.02	00:05:00.565	0.59414				2
2024.08.02	00:05:03.167		0.59522			4
2024.08.02	00:05:16.364	0.59412	0.59523			6
2024.08.02	00:05:17.113	0.59414				2
2024.08.02	00:05:18.960		0.59524			4
2024.08.02	00:05:23.147	0.59445	0.59519			6
2024.08.02	00:05:23.614	0.59448				2
2024.08.02	00:05:30.441	0.59447	0.59512			6
2024.08.02	00:05:31.576	0.59446	0.59503			6
2024.08.02	00:05:38.350		0.59501			4
2024.08.02	00:05:38.712	0.59445				2
2024.08.02	00:05:40.366		0.59499			4
2024.08.02	00:05:40.732	0.59446				2
2024.08.02	00:05:46.965	0.59444				2
2024.08.02	00:05:50.833	0.59443	0.59498			6
2024.08.02	00:05:53.322	0.59442				2
2024.08.02	00:06:00.266	0.59442				2
2024.08.02	00:06:01.035	0.59443	0.59495			6
2024.08.02	00:06:11.243		0.59494			4
2024.08.02	00:06:20.856	0.59444				2
2024.08.02	00:06:21.440		0.59495			4
2024.08.02	00:06:23.922	0.59445				2
2024.08.02	00:06:31.669	0.59444	0.59493			6
2024.08.02	00:06:38.438	0.59426	0.59491			6
2024.08.02	00:06:39.117	0.59425				2
2024.08.02	00:07:01.028	0.59425	0.59493			6
2024.08.02	00:07:36.178		0.59492			4
2024.08.02	00:07:53.304	0.59426				2
2024.08.02	00:08:03.489	0.59426				2
2024.08.02	00:08:13.712	0.59427	0.59493			6
2024.08.02	00:08:23.823	0.59426				2
2024.08.02	00:08:25.723	0.59425				2
2024.08.02	00:08:34.058	0.59426				2
2024.08.02	00:08:34.722	0.59427				2
2024.08.02	00:08:57.701	0.59425				2
2024.08.02	00:09:08.436	0.59425				2
2024.08.02	00:09:22.125		0.59493			4
2024.08.02	00:10:00.307	0.59425	0.59492			6
2024.08.02	00:10:02.450	0.59426				2
2024.08.02	00:10:05.904	0.59427				2
2024.08.02	00:10:09.251	0.59425				2
2024.08.02	00:10:16.201	0.59426				2
2024.08.02	00:10:26.311	0.59425				2
2024.08.02	00:10:36.352	0.59428				2
2024.08.02	00:10:38.630	0.59429				2
2024.08.02	00:10:46.420	0.59430				2
2024.08.02	00:10:46.740	0.59428	0.59491			6
2024.08.02	00:11:02.186	0.59427				2
2024.08.02	00:11:05.511	0.59426	0.59489			6
2024.08.02	00:11:06.178	0.59425				2
2024.08.02	00:11:07.127		0.59485			4
2024.08.02	00:11:13.768	0.59422	0.59484			6
2024.08.02	00:11:17.338	0.59419	0.59483			6
2024.08.02	00:11:20.440	0.59420	0.59484			6
2024.08.02	00:11:29.220		0.59483			4
2024.08.02	00:11:29.607	0.59421				2
2024.08.02	00:11:33.823	0.59420				2
2024.08.02	00:11:38.091	0.59419	0.59478			6
2024.08.02	00:11:49.000		0.59482			4
2024.08.02	00:11:50.922	0.59420				2
2024.08.02	00:12:04.437	0.59419				2
2024.08.02	00:12:10.422	0.59418				2
2024.08.02	00:12:11.301	0.59416				2
2024.08.02	00:12:12.459	0.59419				2
2024.08.02	00:12:21.527	0.59420				2
2024.08.02	00:12:26.979	0.59419				2
2024.08.02	00:12:35.324	0.59420				2
2024.08.02	00:12:38.263	0.59417				2
2024.08.02	00:12:40.538	0.59420				2
2024.08.02	00:12:47.741	0.59413				2
2024.08.02	00:12:49.070		0.59482			4
2024.08.02	00:12:49.679	0.59419				2
2024.08.02	00:12:59.324	0.59420				2
2024.08.02	00:13:00.453	0.59420				2
2024.08.02	00:13:00.795	0.59417				2
2024.08.02	00:13:01.116	0.59420				2
2024.08.02	00:13:49.787	0.59417	0.59482			6
2024.08.02	00:13:52.728	0.59420				2
2024.08.02	00:14:00.451	0.59420				2
2024.08.02	00:14:05.475	0.59418				2
2024.08.02	00:14:06.949	0.59420				2
2024.08.02	00:14:27.524	0.59421				2
2024.08.02	00:14:56.723		0.59482			4
2024.08.02	00:15:02.181	0.59421				2
2024.08.02	00:15:11.388	0.59419	0.59480			6
2024.08.02	00:15:11.800	0.59420				2
2024.08.02	00:15:32.320	0.59421				2
2024.08.02	00:15:41.925	0.59420				2
2024.08.02	00:15:43.874	0.59421				2
2024.08.02	00:15:49.135	0.59420				2
2024.08.02	00:15:53.341	0.59419				2
2024.08.02	00:15:56.000	0.59418				2
2024.08.02	00:16:00.852	0.59418				2
2024.08.02	00:16:07.179	0.59417				2
2024.08.02	00:16:10.242	0.59415				2
2024.08.02	00:16:11.370	0.59416				2
2024.08.02	00:16:11.946	0.59415	0.59480			6
2024.08.02	00:16:44.240	0.59416				2
2024.08.02	00:16:51.522	0.59415				2
2024.08.02	00:16:54.361	0.59416				2
2024.08.02	00:16:55.506	0.59415				2
2024.08.02	00:17:00.412	0.59414				2
2024.08.02	00:17:12.631		0.59480			4
2024.08.02	00:17:26.522	0.59413				2
2024.08.02	00:17:30.569	0.59414				2
2024.08.02	00:17:46.036	0.59415				2
2024.08.02	00:17:47.526	0.59414				2
2024.08.02	00:17:52.078	0.59417				2
2024.08.02	00:18:02.374	0.59417				2
2024.08.02	00:18:12.720		0.59480			4
2024.08.02	00:18:30.349		0.59482			4
2024.08.02	00:18:32.392	0.59419				2
2024.08.02	00:18:33.143		0.59485			4
2024.08.02	00:19:00.387	0.59419				2
2024.08.02	00:19:32.401	0.59418				2
2024.08.02	00:19:34.425		0.59485			4
2024.08.02	00:20:00.433	0.59418				2
2024.08.02	00:20:34.838		0.59485			4
2024.08.02	00:20:59.231	0.59417				2
2024.08.02	00:21:00.121	0.59417				2
2024.08.02	00:21:16.228	0.59418				2
2024.08.02	00:21:35.522		0.59485			4
2024.08.02	00:22:00.421	0.59418				2
2024.08.02	00:22:32.399		0.59482			4
2024.08.02	00:22:58.001	0.59416				2
2024.08.02	00:23:00.392	0.59416				2
2024.08.02	00:23:32.437		0.59482			4
2024.08.02	00:24:02.039	0.59416				2
2024.08.02	00:24:41.698		0.59482			4
2024.08.02	00:25:00.550	0.59416				2
2024.08.02	00:25:16.689	0.59419	0.59488			6
2024.08.02	00:25:27.550	0.59420				2
2024.08.02	00:25:30.688	0.59421	0.59489			6
2024.08.02	00:25:42.109	0.59423				2
2024.08.02	00:26:00.373	0.59423				2
2024.08.02	00:26:27.023	0.59421				2
2024.08.02	00:26:30.732		0.59489			4
2024.08.02	00:26:35.844	0.59423				2
2024.08.02	00:26:45.440	0.59421				2
2024.08.02	00:27:00.413	0.59421				2
2024.08.02	00:27:31.691	0.59422	0.59488			6
2024.08.02	00:27:56.176	0.59421				2
2024.08.02	00:28:00.362	0.59421				2
2024.08.02	00:28:31.723		0.59488			4
2024.08.02	00:29:01.158	0.59421				2
2024.08.02	00:29:32.574		0.59488			4
2024.08.02	00:29:36.389	0.59420	0.59486			6
2024.08.02	00:29:46.615		0.59487			4
2024.08.02	00:29:51.008	0.59419				2
2024.08.02	00:30:00.374	0.59420	0.59488			6
2024.08.02	00:30:00.937	0.59421				2
2024.08.02	00:30:06.808		0.59489			4
2024.08.02	00:30:17.243	0.59424	0.59485			6
2024.08.02	00:30:17.748	0.59421	0.59488			6
2024.08.02	00:30:18.240	0.59422	0.59487			6
2024.08.02	00:30:18.549	0.59423	0.59489			6
2024.08.02	00:30:19.172	0.59425				2
2024.08.02	00:30:19.478	0.59422				2
2024.08.02	00:30:20.961	0.59423				2
2024.08.02	00:30:21.655	0.59425				2
2024.08.02	00:30:21.965	0.59426				2
2024.08.02	00:30:22.682	0.59425				2
2024.08.02	00:30:23.096	0.59427	0.59488			6
2024.08.02	00:30:23.418	0.59423				2
2024.08.02	00:30:23.729	0.59424				2
2024.08.02	00:30:24.032	0.59425				2
2024.08.02	00:30:24.334	0.59428				2
2024.08.02	00:30:24.640	0.59425	0.59489			6
2024.08.02	00:30:25.398		0.59486			4
2024.08.02	00:30:25.704		0.59489			4
2024.08.02	00:30:26.307		0.59487			4
2024.08.02	00:30:26.707		0.59489			4
2024.08.02	00:30:27.113		0.59487			4
2024.08.02	00:30:27.510		0.59489			4
2024.08.02	00:30:27.915		0.59486			4
2024.08.02	00:30:28.312		0.59489			4
2024.08.02	00:30:29.501	0.59427	0.59488			6
2024.08.02	00:30:31.449		0.59489			4
2024.08.02	00:30:31.748		0.59491			4
2024.08.02	00:30:32.061	0.59429	0.59489			6
2024.08.02	00:30:32.920	0.59428				2
2024.08.02	00:30:36.352	0.59430	0.59486			6
2024.08.02	00:30:38.481	0.59429				2
2024.08.02	00:30:43.124	0.59430				2
2024.08.02	00:30:47.510	0.59429	0.59489			6
2024.08.02	00:30:47.811	0.59432	0.59488			6
2024.08.02	00:30:48.113	0.59429				2
2024.08.02	00:30:48.416	0.59430	0.59489			6
2024.08.02	00:30:48.723	0.59434	0.59491			6
2024.08.02	00:30:49.050		0.59493			4
2024.08.02	00:30:49.362	0.59433				2
2024.08.02	00:30:49.681		0.59494			4
2024.08.02	00:30:50.011	0.59435	0.59493			6
2024.08.02	00:30:50.311		0.59496			4
2024.08.02	00:30:50.622	0.59433	0.59495			6
2024.08.02	00:30:51.496	0.59435	0.59496			6
2024.08.02	00:30:51.797	0.59433				2
2024.08.02	00:30:52.101	0.59434	0.59495			6
2024.08.02	00:30:52.417	0.59430	0.59493			6
2024.08.02	00:30:52.722	0.59429	0.59490			6
2024.08.02	00:30:53.028	0.59428				2
2024.08.02	00:30:53.462	0.59429	0.59488			6
2024.08.02	00:30:53.780	0.59431	0.59491			6
2024.08.02	00:30:54.082	0.59430				2
2024.08.02	00:30:54.405	0.59433	0.59493			6
2024.08.02	00:30:54.717	0.59435	0.59494			6
2024.08.02	00:30:55.021	0.59433	0.59495			6
2024.08.02	00:30:55.341		0.59493			4
2024.08.02	00:30:59.334	0.59435				2
2024.08.02	00:31:00.460	0.59433	0.59496			6
2024.08.02	00:31:00.989	0.59432	0.59494			6
2024.08.02	00:31:01.326	0.59433	0.59492			6
2024.08.02	00:31:01.667		0.59493			4
2024.08.02	00:31:01.972		0.59492			4
2024.08.02	00:31:02.306		0.59493			4
2024.08.02	00:31:02.679		0.59492			4
2024.08.02	00:31:03.070	0.59432	0.59493			6
2024.08.02	00:31:03.403		0.59492			4
2024.08.02	00:31:03.723		0.59493			4
2024.08.02	00:31:05.125		0.59492			4
2024.08.02	00:31:05.488		0.59493			4
2024.08.02	00:31:05.923		0.59492			4
2024.08.02	00:31:06.325		0.59493			4
2024.08.02	00:31:07.124	0.59433	0.59491			6
2024.08.02	00:31:07.456	0.59427	0.59489			6
2024.08.02	00:31:08.189		0.59487			4
2024.08.02	00:31:08.501		0.59486			4
2024.08.02	00:31:16.223		0.59481			4
2024.08.02	00:31:32.406		0.59480			4
2024.08.02	00:31:33.908		0.59486			4
2024.08.02	00:31:34.737		0.59484			4
2024.08.02	00:31:35.886		0.59486			4
2024.08.02	00:31:36.449		0.59487			4
2024.08.02	00:31:42.089	0.59428				2
2024.08.02	00:32:00.363	0.59428				2
2024.08.02	00:32:36.450	0.59429	0.59487			6
2024.08.02	00:32:36.761	0.59428	0.59490			6
2024.08.02	00:32:37.627		0.59488			4
2024.08.02	00:32:38.115		0.59490			4
2024.08.02	00:32:39.163		0.59488			4
2024.08.02	00:32:39.566		0.59490			4
2024.08.02	00:32:39.965		0.59488			4
2024.08.02	00:32:40.365		0.59489			4
2024.08.02	00:32:59.829		0.59487			4
2024.08.02	00:33:01.716	0.59428				2
2024.08.02	00:33:59.962		0.59487			4
2024.08.02	00:34:00.378	0.59428				2
2024.08.02	00:35:00.721	0.59428	0.59487			6
2024.08.02	00:36:00.010	0.59428				2
2024.08.02	00:36:00.945	0.59433	0.59487			6
2024.08.02	00:36:06.086	0.59432	0.59483			6
2024.08.02	00:36:10.069	0.59428	0.59489			6
2024.08.02	00:37:00.421	0.59428				2
2024.08.02	00:37:05.949	0.59429				2
2024.08.02	00:37:06.948		0.59488			4
2024.08.02	00:37:15.373	0.59433				2
2024.08.02	00:37:19.043	0.59429				2
2024.08.02	00:38:00.557	0.59429				2
2024.08.02	00:38:08.014		0.59488			4
2024.08.02	00:38:19.037	0.59432				2
2024.08.02	00:38:21.834		0.59494			4
2024.08.02	00:38:23.030		0.59488			4
2024.08.02	00:38:24.967	0.59433				2
2024.08.02	00:38:26.820		0.59489			4
2024.08.02	00:39:01.621	0.59433				2
2024.08.02	00:39:28.072		0.59489			4
2024.08.02	00:39:37.021	0.59430	0.59488			6
2024.08.02	00:39:37.325	0.59429				2
2024.08.02	00:39:53.353		0.59491			4
2024.08.02	00:40:11.026	0.59430	0.59493			6
2024.08.02	00:40:33.294	0.59429	0.59488			6
2024.08.02	00:40:37.187	0.59433	0.59489			6
2024.08.02	00:40:37.511		0.59490			4
2024.08.02	00:40:44.687		0.59488			4
2024.08.02	00:40:47.261		0.59490			4
2024.08.02	00:41:04.723	0.59433				2
2024.08.02	00:41:37.269	0.59430	0.59491			6
2024.08.02	00:41:38.051	0.59433	0.59490			6
2024.08.02	00:41:38.375		0.59489			4
2024.08.02	00:41:38.785		0.59490			4
2024.08.02	00:42:01.622	0.59433	0.59489			6
2024.08.02	00:42:03.779		0.59493			4
2024.08.02	00:42:21.622	0.59438	0.59494			6
2024.08.02	00:42:27.267	0.59448	0.59513			6
2024.08.02	00:42:28.190		0.59506			4
2024.08.02	00:42:28.567		0.59508			4
2024.08.02	00:42:29.310		0.59513			4
2024.08.02	00:42:29.646	0.59446				2
2024.08.02	00:42:29.983	0.59443				2
2024.08.02	00:42:30.290	0.59448				2
2024.08.02	00:42:37.634		0.59514			4
2024.08.02	00:42:47.834		0.59508			4
2024.08.02	00:42:48.141		0.59507			4
2024.08.02	00:42:48.455		0.59509			4
2024.08.02	00:42:51.562		0.59506			4
2024.08.02	00:42:53.076		0.59507			4
2024.08.02	00:42:54.197		0.59505			4
2024.08.02	00:42:56.521	0.59446	0.59506			6
2024.08.02	00:42:57.620	0.59447	0.59505			6
2024.08.02	00:43:01.755	0.59447				2
2024.08.02	00:43:02.362	0.59468	0.59524			6
2024.08.02	00:43:02.692		0.59523			4
2024.08.02	00:43:03.061		0.59522			4
2024.08.02	00:43:03.394		0.59518			4
2024.08.02	00:43:03.850		0.59521			4
2024.08.02	00:43:04.161		0.59519			4
2024.08.02	00:43:11.505		0.59516			4
2024.08.02	00:43:11.932		0.59514			4
2024.08.02	00:43:13.899		0.59520			4
2024.08.02	00:43:15.150		0.59521			4
2024.08.02	00:43:16.621		0.59517			4
2024.08.02	00:43:18.732		0.59515			4
2024.08.02	00:43:48.550		0.59513			4
2024.08.02	00:44:00.953	0.59468				2
2024.08.02	00:44:02.568		0.59517			4
2024.08.02	00:44:03.276		0.59513			4
2024.08.02	00:44:03.872		0.59515			4
2024.08.02	00:44:04.459		0.59514			4
2024.08.02	00:44:05.156		0.59511			4
2024.08.02	00:44:05.458		0.59513			4
2024.08.02	00:44:07.047		0.59512			4
2024.08.02	00:44:14.332		0.59514			4
2024.08.02	00:44:15.260		0.59512			4
2024.08.02	00:44:16.712		0.59513			4
2024.08.02	00:44:17.693		0.59512			4
2024.08.02	00:44:22.267		0.59514			4
2024.08.02	00:44:23.257		0.59511			4
2024.08.02	00:44:24.257		0.59514			4
2024.08.02	00:44:26.465	0.59463				2
2024.08.02	00:44:27.121		0.59511			4
2024.08.02	00:44:27.435		0.59509			4
2024.08.02	00:44:29.420		0.59510			4
2024.08.02	00:44:30.596		0.59511			4
2024.08.02	00:44:31.081		0.59510			4
2024.08.02	00:44:32.693		0.59508			4
2024.08.02	00:44:33.897		0.59509			4
2024.08.02	00:44:41.899		0.59508			4
2024.08.02	00:44:48.438		0.59506			4
2024.08.02	00:44:58.362		0.59507			4
2024.08.02	00:44:59.931		0.59509			4
2024.08.02	00:45:00.732	0.59463	0.59508			6
2024.08.02	00:45:01.080		0.59507			4
2024.08.02	00:45:06.486	0.59475	0.59500			6
2024.08.02	00:45:27.347	0.59468	0.59495			6
2024.08.02	00:46:00.369	0.59468				2
2024.08.02	00:46:28.320		0.59495			4
2024.08.02	00:46:43.013	0.59470	0.59500			6
2024.08.02	00:46:45.420		0.59501			4
2024.08.02	00:46:51.220		0.59500			4
2024.08.02	00:47:01.468	0.59470	0.59509			6
2024.08.02	00:47:02.653		0.59500			4
2024.08.02	00:47:10.237	0.59473				2
2024.08.02	00:48:01.010	0.59473				2
2024.08.02	00:48:03.244		0.59500			4
2024.08.02	00:48:51.327		0.59501			4
2024.08.02	00:49:06.423	0.59473				2
2024.08.02	00:49:10.784		0.59505			4
2024.08.02	00:49:50.629	0.59469				2
2024.08.02	00:49:53.614	0.59464	0.59501			6
2024.08.02	00:50:02.940	0.59464				2
2024.08.02	00:50:55.323		0.59501			4
2024.08.02	00:51:00.090	0.59464				2
2024.08.02	00:51:19.680		0.59502			4
2024.08.02	00:51:25.439		0.59501			4
2024.08.02	00:51:31.562	0.59465	0.59495			6
2024.08.02	00:52:00.721	0.59465				2
2024.08.02	00:52:31.602		0.59495			4
2024.08.02	00:53:01.447	0.59465				2
2024.08.02	00:53:31.600	0.59457				2
2024.08.02	00:53:32.169		0.59498			4
2024.08.02	00:53:45.378	0.59450	0.59494			6
2024.08.02	00:53:48.543	0.59447				2
2024.08.02	00:53:53.822	0.59441	0.59485			6
2024.08.02	00:53:56.722	0.59442	0.59491			6
2024.08.02	00:53:57.084	0.59441	0.59490			6
2024.08.02	00:53:58.042	0.59429				2
2024.08.02	00:53:58.352		0.59481			4
2024.08.02	00:53:58.663	0.59428	0.59489			6
2024.08.02	00:54:00.165	0.59428	0.59490			6
2024.08.02	00:54:00.901	0.59436	0.59486			6
2024.08.02	00:54:03.001	0.59435	0.59485			6
2024.08.02	00:54:05.824		0.59484			4
2024.08.02	00:54:06.850	0.59434				2
2024.08.02	00:54:09.091	0.59435	0.59488			6
2024.08.02	00:54:09.645		0.59482			4
2024.08.02	00:54:11.751		0.59485			4
2024.08.02	00:54:13.381		0.59486			4
2024.08.02	00:54:13.800	0.59434	0.59482			6
2024.08.02	00:54:15.098		0.59481			4
2024.08.02	00:54:16.736		0.59485			4
2024.08.02	00:54:17.076		0.59481			4
2024.08.02	00:54:17.503		0.59485			4
2024.08.02	00:54:18.190		0.59486			4
2024.08.02	00:54:21.962	0.59436	0.59485			6
2024.08.02	00:54:32.168	0.59430				2
2024.08.02	00:54:32.522	0.59432				2
2024.08.02	00:54:33.890	0.59433	0.59484			6
2024.08.02	00:54:35.540		0.59482			4
2024.08.02	00:54:37.128	0.59431				2
2024.08.02	00:54:37.821	0.59430	0.59481			6
2024.08.02	00:54:39.889		0.59480			4
2024.08.02	00:54:41.610	0.59429	0.59479			6
2024.08.02	00:54:43.109	0.59428	0.59475			6
2024.08.02	00:54:47.767	0.59424	0.59471			6
2024.08.02	00:55:00.081	0.59425	0.59472			6
2024.08.02	00:55:03.640	0.59424	0.59471			6
2024.08.02	00:55:07.081	0.59431	0.59470			6
2024.08.02	00:55:07.384	0.59428	0.59472			6
2024.08.02	00:55:13.421		0.59473			4
2024.08.02	00:55:14.150		0.59474			4
2024.08.02	00:55:16.167		0.59473			4
2024.08.02	00:55:16.802		0.59472			4
2024.08.02	00:55:17.112		0.59475			4
2024.08.02	00:55:18.149		0.59484			4
2024.08.02	00:55:18.466		0.59485			4
2024.08.02	00:55:18.787	0.59429				2
2024.08.02	00:55:19.150	0.59432				2
2024.08.02	00:55:19.476	0.59430	0.59477			6
2024.08.02	00:55:20.558	0.59428	0.59474			6
2024.08.02	00:55:23.373		0.59475			4
2024.08.02	00:55:23.674	0.59429	0.59476			6
2024.08.02	00:55:24.107	0.59428	0.59475			6
2024.08.02	00:55:27.694		0.59474			4
2024.08.02	00:55:29.453		0.59473			4
2024.08.02	00:55:43.445		0.59472			4
2024.08.02	00:56:03.422	0.59428				2
2024.08.02	00:56:17.571		0.59473			4
2024.08.02	00:56:32.232	0.59429				2
2024.08.02	00:56:32.700	0.59428				2
2024.08.02	00:56:33.887	0.59429	0.59476			6
2024.08.02	00:56:41.833	0.59432	0.59481			6
2024.08.02	00:56:42.142	0.59431	0.59480			6
2024.08.02	00:56:43.275	0.59430	0.59482			6
2024.08.02	00:56:43.584		0.59487			4
2024.08.02	00:56:43.908		0.59483			4
2024.08.02	00:56:44.220		0.59487			4
2024.08.02	00:56:44.523	0.59431				2
2024.08.02	00:56:44.942		0.59483			4
2024.08.02	00:56:45.670		0.59487			4
2024.08.02	00:56:45.982		0.59483			4
2024.08.02	00:56:46.330		0.59487			4
2024.08.02	00:56:46.836		0.59483			4
2024.08.02	00:56:47.143	0.59432				2
2024.08.02	00:56:48.120		0.59487			4
2024.08.02	00:56:48.466		0.59486			4
2024.08.02	00:56:51.001	0.59433	0.59485			6
2024.08.02	00:56:51.927		0.59487			4
2024.08.02	00:56:52.239	0.59435				2
2024.08.02	00:56:54.009	0.59434	0.59486			6
2024.08.02	00:56:54.982	0.59435	0.59487			6
2024.08.02	00:56:59.188	0.59430	0.59486			6
2024.08.02	00:57:00.144	0.59430				2
2024.08.02	00:57:00.766		0.59485			4
2024.08.02	00:57:04.521		0.59484			4
2024.08.02	00:57:04.824	0.59432				2
2024.08.02	00:57:05.291	0.59433				2
2024.08.02	00:57:05.602	0.59431	0.59483			6
2024.08.02	00:57:07.341	0.59432	0.59482			6
2024.08.02	00:57:07.837	0.59433				2
2024.08.02	00:57:08.142	0.59431				2
2024.08.02	00:57:09.168	0.59430	0.59477			6
2024.08.02	00:57:09.482	0.59429	0.59476			6
2024.08.02	00:57:09.798	0.59430	0.59477			6
2024.08.02	00:57:10.119		0.59481			4
2024.08.02	00:57:11.661	0.59429	0.59476			6
2024.08.02	00:57:12.078	0.59430	0.59481			6
2024.08.02	00:57:12.765		0.59477			4
2024.08.02	00:57:13.148		0.59481			4
2024.08.02	00:57:14.398		0.59477			4
2024.08.02	00:57:14.734	0.59428	0.59474			6
2024.08.02	00:57:15.045		0.59483			4
2024.08.02	00:57:15.377		0.59475			4
2024.08.02	00:57:18.144		0.59474			4
2024.08.02	00:57:19.344	0.59430	0.59477			6
2024.08.02	00:57:19.663	0.59431	0.59482			6
2024.08.02	00:57:19.973		0.59481			4
2024.08.02	00:57:20.281	0.59430	0.59477			6
2024.08.02	00:57:20.584	0.59432	0.59479			6
2024.08.02	00:57:20.911	0.59430	0.59477			6
2024.08.02	00:57:21.223	0.59433	0.59480			6
2024.08.02	00:57:21.545	0.59432	0.59484			6
2024.08.02	00:57:21.852		0.59483			4
2024.08.02	00:57:22.159	0.59431	0.59481			6
2024.08.02	00:57:22.460		0.59478			4
2024.08.02	00:57:23.730	0.59432	0.59481			6
2024.08.02	00:57:24.055		0.59479			4
2024.08.02	00:57:24.440	0.59430	0.59477			6
2024.08.02	00:57:25.389	0.59429	0.59476			6
2024.08.02	00:57:31.583	0.59428	0.59475			6
2024.08.02	00:57:34.197		0.59474			4
2024.08.02	00:57:34.541		0.59473			4
2024.08.02	00:57:35.964		0.59474			4
2024.08.02	00:57:37.886	0.59429	0.59476			6
2024.08.02	00:57:45.189	0.59430	0.59477			6
2024.08.02	00:57:46.501	0.59433	0.59484			6
2024.08.02	00:57:46.803	0.59434				2
2024.08.02	00:57:47.109	0.59430				2
2024.08.02	00:57:47.421	0.59431	0.59487			6
2024.08.02	00:57:47.773	0.59434				2
2024.08.02	00:57:48.103		0.59479			4
2024.08.02	00:57:48.420	0.59431				2
2024.08.02	00:57:49.380		0.59486			4
2024.08.02	00:57:49.911	0.59432				2
2024.08.02	00:57:50.221		0.59483			4
2024.08.02	00:57:50.533	0.59433				2
2024.08.02	00:57:51.268		0.59487			4
2024.08.02	00:57:51.970		0.59483			4
2024.08.02	00:57:52.812		0.59487			4
2024.08.02	00:57:53.762		0.59483			4
2024.08.02	00:57:54.188	0.59434				2
2024.08.02	00:57:54.501	0.59435	0.59484			6
2024.08.02	00:57:54.802	0.59438	0.59483			6
2024.08.02	00:57:55.427		0.59486			4
2024.08.02	00:57:55.741	0.59440	0.59484			6
2024.08.02	00:57:56.875	0.59439	0.59490			6
2024.08.02	00:57:57.183	0.59436	0.59483			6
2024.08.02	00:57:57.503	0.59437	0.59485			6
2024.08.02	00:57:57.845	0.59436	0.59483			6
2024.08.02	00:57:58.190	0.59437	0.59489			6
2024.08.02	00:57:59.403	0.59436	0.59483			6
2024.08.02	00:57:59.728	0.59437	0.59489			6
2024.08.02	00:58:00.044	0.59437	0.59485			6
2024.08.02	00:58:00.426	0.59442	0.59489			6
2024.08.02	00:58:03.473	0.59441	0.59488			6
2024.08.02	00:58:05.958	0.59440	0.59487			6
2024.08.02	00:58:06.736	0.59439	0.59486			6
2024.08.02	00:58:08.738	0.59440	0.59487			6
2024.08.02	00:58:15.618	0.59435	0.59482			6
2024.08.02	00:58:16.721	0.59433	0.59485			6
2024.08.02	00:58:17.042	0.59434				2
2024.08.02	00:58:18.087		0.59484			4
2024.08.02	00:58:20.186		0.59483			4
2024.08.02	00:58:21.008	0.59432				2
2024.08.02	00:58:24.721	0.59433	0.59481			6
2024.08.02	00:58:27.186		0.59480			4
2024.08.02	00:58:48.214	0.59435	0.59482			6
2024.08.02	00:58:48.521	0.59437	0.59484			6
2024.08.02	00:58:49.922	0.59438	0.59485			6
2024.08.02	00:58:53.070	0.59441	0.59488			6
2024.08.02	00:58:53.387	0.59439	0.59486			6
2024.08.02	00:58:53.695	0.59438	0.59485			6
2024.08.02	00:58:56.460	0.59435	0.59482			6
2024.08.02	00:59:00.361	0.59435				2
2024.08.02	00:59:01.149	0.59434	0.59481			6
2024.08.02	00:59:01.452	0.59432	0.59479			6
2024.08.02	00:59:02.341	0.59435	0.59478			6
2024.08.02	00:59:02.845	0.59434	0.59481			6
2024.08.02	00:59:06.690	0.59433	0.59480			6
2024.08.02	00:59:06.994	0.59434				2
2024.08.02	00:59:08.557	0.59433				2
2024.08.02	00:59:15.390	0.59436	0.59481			6
2024.08.02	00:59:15.701	0.59434				2
2024.08.02	00:59:26.236	0.59432	0.59478			6
2024.08.02	00:59:27.595	0.59434				2
2024.08.02	00:59:29.442	0.59435				2
2024.08.02	00:59:29.863	0.59434				2
2024.08.02	00:59:37.078	0.59432				2
2024.08.02	00:59:39.562		0.59476			4
2024.08.02	00:59:42.160	0.59434				2
2024.08.02	00:59:43.445	0.59433				2
2024.08.02	00:59:45.281	0.59434				2
2024.08.02	00:59:45.679	0.59431	0.59478			6
2024.08.02	00:59:45.983	0.59432				2
2024.08.02	00:59:46.282		0.59477			4
2024.08.02	00:59:47.961	0.59431				2
2024.08.02	00:59:48.285	0.59430	0.59476			6
2024.08.02	00:59:48.789	0.59431				2
2024.08.02	00:59:49.621	0.59433	0.59478			6
2024.08.02	00:59:49.924	0.59432				2
2024.08.02	00:59:50.230	0.59434	0.59479			6
2024.08.02	00:59:54.903	0.59436	0.59485			6
2024.08.02	00:59:55.222		0.59486			4
2024.08.02	00:59:55.621	0.59437				2
2024.08.02	00:59:57.468		0.59482			4
2024.08.02	00:59:58.664		0.59485			4
2024.08.02	00:59:59.348	0.59438				2
2024.08.02	00:59:59.667		0.59482			4
2024.08.02	01:00:00.006	0.59438	0.59485			6
2024.08.02	01:00:00.311	0.59425				2
2024.08.02	01:00:00.625	0.59433	0.59490			6
2024.08.02	01:00:00.932	0.59435				2
2024.08.02	01:00:01.244	0.59443				2
2024.08.02	01:00:01.578	0.59444				2
2024.08.02	01:00:02.966		0.59489			4
2024.08.02	01:00:03.277	0.59459				2
2024.08.02	01:00:03.587	0.59461	0.59488			6
2024.08.02	01:00:03.893	0.59459	0.59489			6
2024.08.02	01:00:04.196	0.59460	0.59488			6
2024.08.02	01:00:04.500	0.59456	0.59483			6
2024.08.02	01:00:04.803	0.59454	0.59488			6
2024.08.02	01:00:05.122	0.59455				2
2024.08.02	01:00:05.429	0.59456				2
2024.08.02	01:00:05.764	0.59458				2
2024.08.02	01:00:06.065	0.59456	0.59489			6
2024.08.02	01:00:06.382	0.59457				2
2024.08.02	01:00:06.691	0.59464	0.59486			6
2024.08.02	01:00:07.031		0.59485			4
2024.08.02	01:00:07.868	0.59470				2
2024.08.02	01:00:12.878	0.59453	0.59477			6
2024.08.02	01:00:13.183	0.59454				2
2024.08.02	01:00:13.494	0.59453				2
2024.08.02	01:00:14.414	0.59454				2
2024.08.02	01:00:14.728	0.59453	0.59482			6
2024.08.02	01:00:15.047	0.59450	0.59474			6
2024.08.02	01:00:15.363	0.59449				2
2024.08.02	01:00:15.701	0.59451				2
2024.08.02	01:00:16.347	0.59452				2
2024.08.02	01:00:16.654	0.59453				2
2024.08.02	01:00:16.976		0.59484			4
2024.08.02	01:00:17.394	0.59454				2
2024.08.02	01:00:18.203	0.59455	0.59483			6
2024.08.02	01:00:19.520	0.59453	0.59484			6
2024.08.02	01:00:21.035		0.59477			4
2024.08.02	01:00:21.397		0.59484			4
2024.08.02	01:00:22.656		0.59485			4
2024.08.02	01:00:23.424	0.59454				2
2024.08.02	01:00:24.390	0.59455				2
2024.08.02	01:00:24.858	0.59453	0.59484			6
2024.08.02	01:00:25.282	0.59454	0.59485			6
2024.08.02	01:00:27.126	0.59455	0.59481			6
2024.08.02	01:00:28.288	0.59454	0.59479			6
2024.08.02	01:00:29.404	0.59456				2
2024.08.02	01:00:30.700	0.59453	0.59477			6
2024.08.02	01:00:31.122	0.59452				2
2024.08.02	01:00:31.429		0.59476			4
2024.08.02	01:00:31.735	0.59453	0.59475			6
2024.08.02	01:00:32.338	0.59452	0.59474			6
2024.08.02	01:00:32.689	0.59453	0.59475			6
2024.08.02	01:00:33.405	0.59454				2
2024.08.02	01:00:34.392		0.59474			4
2024.08.02	01:00:34.741	0.59455	0.59476			6
2024.08.02	01:00:35.405	0.59454				2
2024.08.02	01:00:36.032	0.59452	0.59475			6
2024.08.02	01:00:36.338	0.59451				2
2024.08.02	01:00:36.793	0.59453	0.59470			6
2024.08.02	01:00:37.405	0.59445	0.59473			6
2024.08.02	01:00:37.711	0.59446	0.59475			6
2024.08.02	01:00:38.015		0.59477			4
2024.08.02	01:00:38.345		0.59474			4
2024.08.02	01:00:38.773	0.59448	0.59478			6
2024.08.02	01:00:39.280		0.59480			4
2024.08.02	01:00:39.582	0.59447	0.59475			6
2024.08.02	01:00:40.005	0.59448				2
2024.08.02	01:00:40.354	0.59451	0.59473			6
2024.08.02	01:00:40.749	0.59448	0.59472			6
2024.08.02	01:00:41.052		0.59474			4
2024.08.02	01:00:41.458		0.59472			4
2024.08.02	01:00:41.764	0.59443	0.59470			6
2024.08.02	01:00:42.169	0.59442				2
2024.08.02	01:00:42.574	0.59444	0.59469			6
2024.08.02	01:00:42.875	0.59442	0.59470			6
2024.08.02	01:00:43.381	0.59444	0.59472			6
2024.08.02	01:00:43.989	0.59445	0.59470			6
2024.08.02	01:00:44.394	0.59446	0.59469			6
2024.08.02	01:00:44.915	0.59448	0.59474			6
2024.08.02	01:00:45.713	0.59449				2
2024.08.02	01:00:46.419	0.59450	0.59475			6
2024.08.02	01:00:47.386	0.59451				2
2024.08.02	01:00:47.951	0.59452	0.59466			6
2024.08.02	01:00:48.264	0.59462	0.59471			6
2024.08.02	01:00:48.567	0.59467	0.59476			6
2024.08.02	01:00:49.050		0.59478			4
2024.08.02	01:00:52.541		0.59479			4
2024.08.02	01:00:57.006	0.59466				2
2024.08.02	01:00:58.470	0.59467				2
2024.08.02	01:01:00.307	0.59466	0.59475			6
2024.08.02	01:01:01.380	0.59465				2
2024.08.02	01:01:04.274	0.59466				2
2024.08.02	01:01:05.031	0.59463	0.59477			6
2024.08.02	01:01:05.396	0.59464				2
2024.08.02	01:01:05.749	0.59463				2
2024.08.02	01:01:07.386	0.59464	0.59479			6
2024.08.02	01:01:08.219	0.59465				2
2024.08.02	01:01:09.329	0.59466				2
2024.08.02	01:01:09.832	0.59463				2
2024.08.02	01:01:11.427	0.59464				2
2024.08.02	01:01:11.820	0.59465	0.59478			6
2024.08.02	01:01:12.293	0.59464				2
2024.08.02	01:01:13.406	0.59465	0.59468			6
2024.08.02	01:01:14.029		0.59478			4
2024.08.02	01:01:20.599	0.59464				2
2024.08.02	01:01:21.405	0.59465				2
2024.08.02	01:01:26.503		0.59479			4
2024.08.02	01:01:29.653		0.59478			4
2024.08.02	01:01:30.456		0.59477			4
2024.08.02	01:01:31.390	0.59468	0.59481			6
2024.08.02	01:01:32.181	0.59470	0.59479			6
2024.08.02	01:01:32.613	0.59471				2
2024.08.02	01:01:33.265	0.59470				2
2024.08.02	01:01:34.383	0.59471				2
2024.08.02	01:01:36.396	0.59470				2
2024.08.02	01:01:36.971		0.59478			4
2024.08.02	01:01:38.384	0.59471				2
2024.08.02	01:01:41.370		0.59472			4
2024.08.02	01:01:44.402	0.59470				2
2024.08.02	01:01:46.386	0.59467				2
2024.08.02	01:01:54.815	0.59471				2
2024.08.02	01:01:55.489	0.59467				2
2024.08.02	01:01:56.391	0.59466				2
2024.08.02	01:01:59.102	0.59468	0.59474			6
2024.08.02	01:02:00.155	0.59474	0.59483			6
2024.08.02	01:02:00.543	0.59472	0.59474			6
2024.08.02	01:02:00.926	0.59470	0.59478			6
2024.08.02	01:02:01.404	0.59469				2
2024.08.02	01:02:02.414	0.59470				2
2024.08.02	01:02:03.324	0.59467				2
2024.08.02	01:02:03.628		0.59477			4
2024.08.02	01:02:04.387	0.59468	0.59479			6
2024.08.02	01:02:05.142	0.59470				2
2024.08.02	01:02:05.484	0.59469	0.59474			6
2024.08.02	01:02:05.801		0.59472			4
2024.08.02	01:02:07.571		0.59474			4
2024.08.02	01:02:08.390	0.59468				2
2024.08.02	01:02:09.401	0.59469				2
2024.08.02	01:02:20.912	0.59466	0.59469			6
2024.08.02	01:02:21.418	0.59465				2
2024.08.02	01:02:23.400	0.59464				2
2024.08.02	01:02:31.404	0.59463				2
2024.08.02	01:02:41.275		0.59472			4
2024.08.02	01:02:42.089		0.59470			4
2024.08.02	01:02:42.439	0.59464				2
2024.08.02	01:02:44.813		0.59472			4
2024.08.02	01:02:51.049		0.59470			4
2024.08.02	01:02:55.406	0.59465				2
2024.08.02	01:02:59.018		0.59472			4
2024.08.02	01:03:00.429	0.59463	0.59470			6
2024.08.02	01:03:00.883		0.59472			4
2024.08.02	01:03:02.391	0.59464				2
2024.08.02	01:03:04.098	0.59467	0.59470			6
2024.08.02	01:03:04.408		0.59472			4
2024.08.02	01:03:05.494	0.59464	0.59470			6
2024.08.02	01:03:05.853	0.59463				2
2024.08.02	01:03:06.358	0.59464				2
2024.08.02	01:03:07.113	0.59463				2
2024.08.02	01:03:09.023	0.59464				2
2024.08.02	01:03:21.035	0.59465				2
2024.08.02	01:03:24.417	0.59464				2
2024.08.02	01:03:33.418	0.59463				2
2024.08.02	01:03:34.074	0.59464				2
2024.08.02	01:03:34.429	0.59463				2
2024.08.02	01:03:35.395	0.59464				2
2024.08.02	01:03:58.480	0.59467				2
2024.08.02	01:04:05.223	0.59463	0.59468			6
2024.08.02	01:04:06.184	0.59465				2
2024.08.02	01:06:01.405	0.59466	0.59468			6
2024.08.02	01:06:02.173	0.59465				2
2024.08.02	01:06:13.934	0.59466				2
2024.08.02	01:06:29.545	0.59467				2
2024.08.02	01:06:52.064	0.59466				2
2024.08.02	01:07:00.526	0.59465				2
2024.08.02	01:07:01.429		0.59467			4
2024.08.02	01:07:01.738	0.59466				2
2024.08.02	01:07:02.171		0.59468			4
2024.08.02	01:07:08.456	0.59465				2
2024.08.02	01:07:22.453	0.59463	0.59466			6
2024.08.02	01:07:22.764	0.59461	0.59463			6
2024.08.02	01:07:23.082	0.59460	0.59462			6
2024.08.02	01:07:23.615	0.59459				2
2024.08.02	01:07:24.406	0.59457	0.59459			6
2024.08.02	01:07:26.615		0.59461			4
2024.08.02	01:07:27.789	0.59458				2
2024.08.02	01:07:28.664	0.59459				2
2024.08.02	01:07:29.014	0.59460	0.59465			6
2024.08.02	01:07:35.873	0.59457	0.59466			6
2024.08.02	01:07:36.193	0.59458				2
2024.08.02	01:07:36.803	0.59460				2
2024.08.02	01:07:43.670	0.59462				2
2024.08.02	01:07:44.101	0.59464				2
2024.08.02	01:07:44.521	0.59467	0.59470			6
2024.08.02	01:07:44.835		0.59471			4
2024.08.02	01:07:56.878	0.59465	0.59469			6
2024.08.02	01:08:00.981	0.59465				2
2024.08.02	01:08:10.444		0.59471			4
2024.08.02	01:08:13.432		0.59472			4
2024.08.02	01:08:13.743		0.59471			4
2024.08.02	01:08:28.339	0.59464				2
2024.08.02	01:08:35.482	0.59461	0.59467			6
2024.08.02	01:08:35.795	0.59460				2
2024.08.02	01:08:36.412	0.59459	0.59466			6
2024.08.02	01:08:39.547		0.59467			4
2024.08.02	01:08:40.405		0.59466			4
2024.08.02	01:08:41.793	0.59458	0.59467			6
2024.08.02	01:08:42.327		0.59466			4
2024.08.02	01:08:43.949	0.59459				2
2024.08.02	01:08:51.862	0.59458	0.59463			6
2024.08.02	01:08:52.168	0.59457				2
2024.08.02	01:08:52.923	0.59459				2
2024.08.02	01:08:58.411	0.59458				2
2024.08.02	01:09:00.785	0.59456	0.59462			6
2024.08.02	01:09:04.008	0.59454	0.59459			6
2024.08.02	01:09:04.323	0.59453	0.59458			6
2024.08.02	01:09:05.322	0.59452	0.59457			6
2024.08.02	01:09:10.126	0.59451				2
2024.08.02	01:09:17.020	0.59448	0.59455			6
2024.08.02	01:09:17.459		0.59454			4
2024.08.02	01:09:17.983	0.59449	0.59455			6
2024.08.02	01:09:18.347		0.59454			4
2024.08.02	01:09:21.061	0.59448	0.59455			6
2024.08.02	01:09:22.328	0.59449				2
2024.08.02	01:09:24.059	0.59448	0.59454			6
2024.08.02	01:09:26.585	0.59452	0.59457			6
2024.08.02	01:09:27.674	0.59453				2
2024.08.02	01:09:28.833	0.59455	0.59458			6
2024.08.02	01:09:31.774	0.59454				2
2024.08.02	01:09:40.507	0.59449	0.59454			6
2024.08.02	01:09:40.830	0.59448				2
2024.08.02	01:10:00.302	0.59448				2
2024.08.02	01:10:01.446	0.59452	0.59456			6
2024.08.02	01:10:01.770		0.59457			4
2024.08.02	01:10:05.410		0.59456			4
2024.08.02	01:10:11.080	0.59451				2
2024.08.02	01:10:14.643	0.59453	0.59457			6
2024.08.02	01:10:32.841	0.59454				2
2024.08.02	01:10:35.003	0.59458	0.59461			6
2024.08.02	01:10:38.220	0.59457				2
2024.08.02	01:10:49.505	0.59459				2
2024.08.02	01:10:49.806	0.59458				2
2024.08.02	01:10:50.235	0.59457				2
2024.08.02	01:10:52.120	0.59456				2
2024.08.02	01:11:05.712	0.59457				2
2024.08.02	01:11:09.740	0.59456				2
2024.08.02	01:11:10.348	0.59459	0.59462			6
2024.08.02	01:11:13.341	0.59458				2
2024.08.02	01:11:22.270	0.59457				2
2024.08.02	01:11:22.877		0.59461			4
2024.08.02	01:11:23.236		0.59462			4
2024.08.02	01:11:25.584		0.59461			4
2024.08.02	01:11:26.542	0.59456				2
2024.08.02	01:11:27.403		0.59462			4
2024.08.02	01:11:30.079	0.59453	0.59458			6
2024.08.02	01:11:30.384	0.59452				2
2024.08.02	01:11:40.732		0.59459			4
2024.08.02	01:11:41.084	0.59453				2
2024.08.02	01:11:45.550	0.59454				2
2024.08.02	01:11:47.349		0.59460			4
2024.08.02	01:11:47.962		0.59458			4
2024.08.02	01:11:48.400	0.59453				2
2024.08.02	01:12:00.531	0.59453	0.59456			6
2024.08.02	01:12:00.931	0.59452				2
2024.08.02	01:12:06.612	0.59448	0.59451			6
2024.08.02	01:12:08.663	0.59447				2
2024.08.02	01:12:19.849	0.59448	0.59452			6
2024.08.02	01:12:20.217		0.59451			4
2024.08.02	01:12:22.921	0.59447				2
2024.08.02	01:12:23.221	0.59440	0.59442			6
2024.08.02	01:12:23.523	0.59438	0.59441			6
2024.08.02	01:12:23.844	0.59434	0.59436			6
2024.08.02	01:12:30.318		0.59437			4
2024.08.02	01:12:31.427	0.59436				2
2024.08.02	01:12:40.111	0.59431	0.59433			6
2024.08.02	01:12:41.474	0.59429				2
2024.08.02	01:12:47.143		0.59432			4
2024.08.02	01:12:48.121	0.59431	0.59436			6
2024.08.02	01:12:51.480		0.59432			4
2024.08.02	01:12:52.491	0.59430	0.59434			6
2024.08.02	01:12:53.222	0.59431				2
2024.08.02	01:12:54.349		0.59436			4
2024.08.02	01:12:56.847	0.59432				2
2024.08.02	01:13:06.614	0.59432				2
2024.08.02	01:13:06.923	0.59433				2
2024.08.02	01:13:07.861	0.59436	0.59442			6
2024.08.02	01:13:09.141	0.59437				2
2024.08.02	01:13:09.555		0.59441			4
2024.08.02	01:13:12.178	0.59436				2
2024.08.02	01:13:15.067	0.59437				2
2024.08.02	01:13:19.899	0.59435				2
2024.08.02	01:13:26.547	0.59434				2
2024.08.02	01:14:02.028	0.59434				2
2024.08.02	01:14:03.349	0.59435				2
2024.08.02	01:14:04.431		0.59442			4
2024.08.02	01:14:05.292		0.59441			4
2024.08.02	01:14:07.428	0.59436	0.59442			6
2024.08.02	01:14:14.672	0.59435	0.59441			6
2024.08.02	01:14:18.546		0.59440			4
2024.08.02	01:14:21.977	0.59436	0.59441			6
2024.08.02	01:14:25.672	0.59434	0.59438			6
2024.08.02	01:14:26.091	0.59433	0.59437			6
2024.08.02	01:14:28.400	0.59437	0.59440			6
2024.08.02	01:14:28.705	0.59438	0.59441			6
2024.08.02	01:14:35.118	0.59435	0.59438			6
2024.08.02	01:14:38.371	0.59437	0.59440			6
2024.08.02	01:14:40.262	0.59435				2
2024.08.02	01:14:42.317	0.59434	0.59438			6
2024.08.02	01:14:42.714	0.59433				2
2024.08.02	01:14:48.519	0.59434	0.59439			6
2024.08.02	01:14:51.448	0.59435				2
2024.08.02	01:14:52.136	0.59434				2
2024.08.02	01:14:54.322	0.59432	0.59437			6
2024.08.02	01:14:54.707		0.59438			4
2024.08.02	01:14:56.508		0.59436			4
2024.08.02	01:15:00.122	0.59432				2
2024.08.02	01:15:07.718	0.59430	0.59434			6
2024.08.02	01:15:11.865	0.59429	0.59433			6
2024.08.02	01:15:39.066	0.59432	0.59436			6
2024.08.02	01:15:39.377	0.59433				2
2024.08.02	01:15:41.231	0.59432				2
2024.08.02	01:15:43.469	0.59431				2
2024.08.02	01:15:43.770		0.59435			4
2024.08.02	01:15:46.577	0.59432				2
2024.08.02	01:15:49.315	0.59431				2
2024.08.02	01:15:50.822	0.59432				2
2024.08.02	01:15:52.042	0.59431				2
2024.08.02	01:15:53.241	0.59432				2
2024.08.02	01:15:53.548	0.59430				2
2024.08.02	01:15:54.225		0.59434			4
2024.08.02	01:15:57.295	0.59431				2
2024.08.02	01:16:00.028	0.59431				2
2024.08.02	01:16:02.254	0.59430				2
2024.08.02	01:16:02.579		0.59435			4
2024.08.02	01:16:04.591		0.59434			4
2024.08.02	01:16:31.349	0.59429				2
2024.08.02	01:16:34.903		0.59433			4
2024.08.02	01:16:36.622		0.59431			4
2024.08.02	01:16:37.909	0.59424	0.59426			6
2024.08.02	01:16:38.271	0.59423				2
2024.08.02	01:16:56.256	0.59422				2
2024.08.02	01:17:00.118	0.59422				2
2024.08.02	01:17:04.993	0.59423				2
2024.08.02	01:17:06.643	0.59422				2
2024.08.02	01:17:07.580	0.59423				2
2024.08.02	01:17:08.008	0.59422				2
2024.08.02	01:17:08.322	0.59423				2
2024.08.02	01:17:30.712	0.59426	0.59430			6
2024.08.02	01:17:33.900	0.59425	0.59429			6
2024.08.02	01:17:36.730	0.59424				2
2024.08.02	01:17:41.712	0.59423	0.59427			6
2024.08.02	01:17:43.582	0.59424				2
2024.08.02	01:17:45.023	0.59426	0.59430			6
2024.08.02	01:17:50.494	0.59428	0.59431			6
2024.08.02	01:17:52.549	0.59429				2
2024.08.02	01:17:54.244	0.59428				2
2024.08.02	01:18:00.066	0.59428	0.59433			6
2024.08.02	01:18:08.784	0.59429				2
2024.08.02	01:18:09.088	0.59428				2
2024.08.02	01:18:14.815	0.59429				2
2024.08.02	01:18:15.163	0.59430	0.59434			6
2024.08.02	01:18:15.465	0.59432	0.59436			6
2024.08.02	01:18:15.816		0.59437			4
2024.08.02	01:18:17.103	0.59433				2
2024.08.02	01:18:17.481		0.59438			4
2024.08.02	01:18:19.391	0.59429	0.59433			6
2024.08.02	01:18:26.956	0.59423	0.59427			6
2024.08.02	01:18:27.262	0.59422				2
2024.08.02	01:18:43.970		0.59426			4
2024.08.02	01:18:47.243	0.59421	0.59425			6
2024.08.02	01:18:50.523		0.59426			4
2024.08.02	01:18:53.556	0.59420	0.59424			6
2024.08.02	01:18:53.870		0.59425			4
2024.08.02	01:18:55.991		0.59423			4
2024.08.02	01:19:00.288	0.59420				2
2024.08.02	01:19:00.940	0.59421	0.59424			6
2024.08.02	01:19:04.634		0.59425			4
2024.08.02	01:19:13.069	0.59420	0.59423			6
2024.08.02	01:19:18.256		0.59422			4
2024.08.02	01:19:18.564		0.59423			4
2024.08.02	01:19:23.895		0.59424			4
2024.08.02	01:19:24.784	0.59421				2
2024.08.02	01:19:25.088	0.59420				2
2024.08.02	01:19:29.522		0.59423			4
2024.08.02	01:19:29.864		0.59424			4
2024.08.02	01:19:36.971		0.59423			4
2024.08.02	01:19:37.817		0.59424			4
2024.08.02	01:19:41.418		0.59423			4
2024.08.02	01:19:44.616	0.59415	0.59418			6
2024.08.02	01:19:49.502	0.59413	0.59417			6
2024.08.02	01:19:50.244	0.59412	0.59416			6
2024.08.02	01:19:53.157	0.59409	0.59413			6
2024.08.02	01:19:55.871	0.59408				2
2024.08.02	01:19:58.690	0.59409				2
2024.08.02	01:20:00.049	0.59409				2
2024.08.02	01:20:00.430	0.59408				2
2024.08.02	01:20:02.539	0.59409				2
2024.08.02	01:20:03.291		0.59412			4
2024.08.02	01:20:09.131	0.59410	0.59413			6
2024.08.02	01:20:09.435	0.59411	0.59414			6
2024.08.02	01:20:09.838		0.59415			4
2024.08.02	01:20:16.374	0.59413	0.59417			6
2024.08.02	01:20:19.991	0.59414				2
2024.08.02	01:20:20.306	0.59413				2
2024.08.02	01:20:22.411	0.59412	0.59416			6
2024.08.02	01:20:31.388	0.59411				2
2024.08.02	01:20:37.116	0.59412				2
2024.08.02	01:20:40.641	0.59411				2
2024.08.02	01:20:41.351	0.59410	0.59414			6
2024.08.02	01:20:42.801	0.59409	0.59413			6
2024.08.02	01:20:44.451		0.59412			4
2024.08.02	01:20:44.753		0.59411			4
2024.08.02	01:20:45.062	0.59405	0.59408			6
2024.08.02	01:20:45.384	0.59404				2
2024.08.02	01:20:46.846		0.59409			4
2024.08.02	01:20:47.929	0.59405				2
2024.08.02	01:20:48.357	0.59404				2
2024.08.02	01:20:51.739		0.59408			4
2024.08.02	01:20:54.421	0.59407	0.59412			6
2024.08.02	01:20:59.955	0.59409				2
2024.08.02	01:21:01.224	0.59406	0.59410			6
2024.08.02	01:21:01.525	0.59405	0.59409			6
2024.08.02	01:21:01.828	0.59404				2
2024.08.02	01:21:02.468	0.59406	0.59410			6
2024.08.02	01:21:04.473	0.59407	0.59411			6
2024.08.02	01:21:05.488	0.59405	0.59410			6
2024.08.02	01:21:05.824	0.59404	0.59408			6
2024.08.02	01:21:07.045		0.59409			4
2024.08.02	01:21:09.139	0.59403	0.59408			6
2024.08.02	01:21:09.456	0.59404				2
2024.08.02	01:21:17.220	0.59403				2
2024.08.02	01:21:18.312	0.59404				2
2024.08.02	01:21:19.300	0.59405				2
2024.08.02	01:21:20.532		0.59409			4
2024.08.02	01:21:22.237	0.59404				2
2024.08.02	01:21:22.542		0.59408			4
2024.08.02	01:21:22.860		0.59407			4
2024.08.02	01:21:24.190	0.59403				2
2024.08.02	01:21:26.384	0.59404	0.59409			6
2024.08.02	01:21:26.904	0.59405				2
2024.08.02	01:21:28.813	0.59404	0.59408			6
2024.08.02	01:21:29.123	0.59403	0.59407			6
2024.08.02	01:21:29.908	0.59402	0.59406			6
2024.08.02	01:21:34.313		0.59407			4
2024.08.02	01:21:37.898	0.59403	0.59408			6
2024.08.02	01:21:38.681		0.59406			4
2024.08.02	01:21:43.954	0.59404				2
2024.08.02	01:21:44.264	0.59405	0.59407			6
2024.08.02	01:21:45.580	0.59404				2
2024.08.02	01:21:47.368	0.59405				2
2024.08.02	01:21:48.628	0.59408	0.59410			6
2024.08.02	01:21:48.934		0.59411			4
2024.08.02	01:22:00.365	0.59408				2
2024.08.02	01:22:00.683	0.59407	0.59409			6
2024.08.02	01:22:02.334	0.59410	0.59411			6
2024.08.02	01:22:02.695	0.59407	0.59410			6
2024.08.02	01:22:06.067	0.59410	0.59411			6
2024.08.02	01:22:06.406	0.59407	0.59410			6
2024.08.02	01:22:06.733	0.59410	0.59411			6
2024.08.02	01:22:07.092	0.59407	0.59410			6
2024.08.02	01:22:08.821	0.59406				2
2024.08.02	01:22:10.781	0.59407				2
2024.08.02	01:22:14.794	0.59404	0.59407			6
2024.08.02	01:22:15.104	0.59406	0.59410			6
2024.08.02	01:22:16.224	0.59407				2
2024.08.02	01:22:17.051		0.59411			4
2024.08.02	01:22:19.067	0.59406				2
2024.08.02	01:22:20.064	0.59407				2
2024.08.02	01:22:21.305	0.59406	0.59410			6
2024.08.02	01:22:21.613		0.59411			4
2024.08.02	01:22:23.520	0.59407				2
2024.08.02	01:22:23.905	0.59406				2
2024.08.02	01:22:25.020	0.59407				2
2024.08.02	01:22:25.948	0.59406				2
2024.08.02	01:22:27.299	0.59404	0.59407			6
2024.08.02	01:22:28.356	0.59403				2
2024.08.02	01:22:31.720	0.59404	0.59408			6
2024.08.02	01:22:32.023	0.59403				2
2024.08.02	01:22:32.584		0.59407			4
2024.08.02	01:22:34.099	0.59404	0.59408			6
2024.08.02	01:22:35.678	0.59408	0.59413			6
2024.08.02	01:22:35.983	0.59407	0.59411			6
2024.08.02	01:22:39.827		0.59412			4
2024.08.02	01:22:40.901		0.59411			4
2024.08.02	01:22:41.254	0.59406				2
2024.08.02	01:22:45.557	0.59407				2
2024.08.02	01:22:46.360	0.59406				2
2024.08.02	01:22:51.946	0.59407				2
2024.08.02	01:22:59.207	0.59409				2
2024.08.02	01:22:59.514	0.59407				2
2024.08.02	01:23:00.385	0.59407				2
2024.08.02	01:23:01.633	0.59406				2
2024.08.02	01:23:01.991	0.59404	0.59408			6
2024.08.02	01:23:02.325	0.59405	0.59409			6
2024.08.02	01:23:02.643	0.59406	0.59410			6
2024.08.02	01:23:03.121	0.59405				2
2024.08.02	01:23:03.458	0.59406				2
2024.08.02	01:23:03.851	0.59405				2
2024.08.02	01:23:04.306	0.59406				2
2024.08.02	01:23:04.657	0.59407				2
2024.08.02	01:23:13.614	0.59405	0.59408			6
2024.08.02	01:23:13.917	0.59404				2
2024.08.02	01:23:15.123	0.59405	0.59409			6
2024.08.02	01:23:16.236	0.59406	0.59410			6
2024.08.02	01:23:20.870	0.59407				2
2024.08.02	01:23:22.869	0.59406				2
2024.08.02	01:23:26.781	0.59407				2
2024.08.02	01:23:27.125	0.59408	0.59413			6
2024.08.02	01:23:27.436	0.59409				2
2024.08.02	01:23:28.042	0.59408	0.59412			6
2024.08.02	01:23:29.371	0.59409				2
2024.08.02	01:23:30.865	0.59408				2
2024.08.02	01:23:31.823		0.59411			4
2024.08.02	01:23:32.510	0.59407				2
2024.08.02	01:23:43.062		0.59412			4
2024.08.02	01:23:43.364	0.59408				2
2024.08.02	01:23:44.008	0.59407				2
2024.08.02	01:23:53.123		0.59411			4
2024.08.02	01:23:53.427	0.59405	0.59408			6
2024.08.02	01:23:53.862	0.59404				2
2024.08.02	01:23:54.175	0.59403				2
2024.08.02	01:23:56.338	0.59404				2
2024.08.02	01:24:00.120	0.59403				2
2024.08.02	01:24:07.718	0.59402	0.59406			6
2024.08.02	01:24:31.365	0.59403	0.59407			6
2024.08.02	01:24:34.379		0.59406			4
2024.08.02	01:24:34.682		0.59407			4
2024.08.02	01:24:39.017	0.59404				2
2024.08.02	01:24:41.285	0.59403				2
2024.08.02	01:24:51.440	0.59402	0.59406			6
2024.08.02	01:24:51.743	0.59403	0.59407			6
2024.08.02	01:24:52.046	0.59404	0.59409			6
2024.08.02	01:24:56.598	0.59405	0.59410			6
2024.08.02	01:24:57.691	0.59406				2
2024.08.02	01:24:58.903	0.59407				2
2024.08.02	01:25:01.073	0.59407				2
2024.08.02	01:25:02.221	0.59406				2
2024.08.02	01:25:03.184	0.59407				2
2024.08.02	01:25:03.491	0.59406				2
2024.08.02	01:25:11.328	0.59413	0.59417			6
2024.08.02	01:25:22.015		0.59416			4
2024.08.02	01:25:33.295	0.59414	0.59419			6
2024.08.02	01:25:34.020	0.59415				2
2024.08.02	01:25:34.380	0.59416				2
2024.08.02	01:25:34.680	0.59415				2
2024.08.02	01:25:36.420	0.59414				2
2024.08.02	01:25:36.812	0.59413	0.59417			6
2024.08.02	01:25:41.221	0.59414				2
2024.08.02	01:25:41.549	0.59413				2
2024.08.02	01:26:00.249	0.59413				2
2024.08.02	01:26:14.109	0.59414	0.59418			6
2024.08.02	01:26:16.758		0.59417			4
2024.08.02	01:26:17.137		0.59418			4
2024.08.02	01:26:17.825		0.59417			4
2024.08.02	01:26:23.599		0.59418			4
2024.08.02	01:26:25.123		0.59417			4
2024.08.02	01:26:25.478	0.59413				2
2024.08.02	01:26:32.541	0.59414	0.59418			6
2024.08.02	01:26:32.946	0.59415				2
2024.08.02	01:26:36.555	0.59416				2
2024.08.02	01:26:39.322	0.59415				2
2024.08.02	01:26:40.186	0.59414	0.59417			6
2024.08.02	01:26:40.560	0.59416	0.59418			6
2024.08.02	01:26:40.931	0.59414				2
2024.08.02	01:26:41.663		0.59417			4
2024.08.02	01:26:44.520		0.59418			4
2024.08.02	01:26:46.297	0.59415				2
2024.08.02	01:26:46.633	0.59414	0.59417			6
2024.08.02	01:26:47.575		0.59418			4
2024.08.02	01:26:49.421	0.59416				2
2024.08.02	01:26:55.377		0.59420			4
2024.08.02	01:26:55.682		0.59419			4
2024.08.02	01:26:57.690		0.59418			4
2024.08.02	01:26:58.015		0.59420			4
2024.08.02	01:26:58.348		0.59419			4
2024.08.02	01:26:59.441		0.59420			4
2024.08.02	01:27:00.152	0.59416				2
2024.08.02	01:27:04.526	0.59417	0.59421			6
2024.08.02	01:27:09.088	0.59420	0.59424			6
2024.08.02	01:27:09.434		0.59423			4
2024.08.02	01:27:16.184		0.59424			4
2024.08.02	01:27:24.609	0.59421	0.59426			6
2024.08.02	01:27:24.922	0.59420	0.59424			6
2024.08.02	01:27:40.920		0.59425			4
2024.08.02	01:27:41.234	0.59424	0.59428			6
2024.08.02	01:27:41.556	0.59425	0.59430			6
2024.08.02	01:27:43.062		0.59429			4
2024.08.02	01:27:57.531	0.59427	0.59431			6
2024.08.02	01:28:00.201	0.59427				2
2024.08.02	01:28:10.320	0.59428	0.59432			6
2024.08.02	01:28:31.631		0.59431			4
2024.08.02	01:28:32.183		0.59432			4
2024.08.02	01:28:33.870		0.59434			4
2024.08.02	01:28:34.556		0.59433			4
2024.08.02	01:28:37.792	0.59429				2
2024.08.02	01:28:38.370		0.59432			4
2024.08.02	01:28:40.945		0.59433			4
2024.08.02	01:28:42.671	0.59428				2
2024.08.02	01:28:47.827		0.59432			4
2024.08.02	01:28:48.331		0.59433			4
2024.08.02	01:28:48.956		0.59432			4
2024.08.02	01:28:49.264		0.59433			4
2024.08.02	01:28:49.580		0.59432			4
2024.08.02	01:28:59.186	0.59429				2
2024.08.02	01:28:59.488	0.59428				2
2024.08.02	01:29:00.452	0.59428				2
2024.08.02	01:29:01.886		0.59431			4
2024.08.02	01:29:03.214	0.59424	0.59427			6
2024.08.02	01:29:03.619	0.59423				2
2024.08.02	01:29:06.764		0.59428			4
2024.08.02	01:29:08.794		0.59427			4
2024.08.02	01:29:15.228	0.59424				2
2024.08.02	01:29:22.334	0.59423				2
2024.08.02	01:29:22.997	0.59425				2
2024.08.02	01:29:23.365	0.59423				2
2024.08.02	01:29:44.352	0.59424				2
2024.08.02	01:29:48.198	0.59423				2
2024.08.02	01:29:49.995	0.59424				2
2024.08.02	01:29:54.758	0.59423				2
2024.08.02	01:29:55.714	0.59424				2
2024.08.02	01:30:00.313	0.59424				2
2024.08.02	01:30:01.499	0.59423	0.59428			6
2024.08.02	01:30:02.506		0.59427			4
2024.08.02	01:30:03.569	0.59424				2
2024.08.02	01:30:04.067	0.59427	0.59431			6
2024.08.02	01:30:05.317	0.59428				2
2024.08.02	01:30:05.679	0.59429				2
2024.08.02	01:30:09.482	0.59428				2
2024.08.02	01:30:25.725	0.59431	0.59434			6
2024.08.02	01:30:26.031	0.59432				2
2024.08.02	01:30:29.822		0.59435			4
2024.08.02	01:30:30.123	0.59431	0.59434			6
2024.08.02	01:30:34.525	0.59433	0.59437			6
2024.08.02	01:30:38.138	0.59434				2
2024.08.02	01:30:54.169	0.59433				2
2024.08.02	01:31:00.036	0.59433				2
2024.08.02	01:31:07.329	0.59432				2
2024.08.02	01:31:08.356	0.59429	0.59433			6
2024.08.02	01:31:08.730	0.59430				2
2024.08.02	01:31:10.006	0.59431				2
2024.08.02	01:31:12.007	0.59430				2
2024.08.02	01:31:18.358	0.59432	0.59434			6
2024.08.02	01:31:20.813	0.59431				2
2024.08.02	01:31:24.242	0.59430	0.59433			6
2024.08.02	01:31:25.347	0.59432	0.59434			6
2024.08.02	01:31:26.269	0.59431				2
2024.08.02	01:31:28.526	0.59430				2
2024.08.02	01:31:28.841	0.59428	0.59431			6
2024.08.02	01:31:29.148	0.59427				2
2024.08.02	01:31:33.206	0.59428				2
2024.08.02	01:31:37.717		0.59432			4
2024.08.02	01:31:41.997		0.59431			4
2024.08.02	01:31:48.468	0.59429				2
2024.08.02	01:31:49.075	0.59426	0.59429			6
2024.08.02	01:31:50.783		0.59428			4
2024.08.02	01:31:52.568		0.59429			4
2024.08.02	01:31:53.226		0.59430			4
2024.08.02	01:31:55.255	0.59427				2
2024.08.02	01:31:55.558		0.59431			4
2024.08.02	01:31:58.623		0.59430			4
2024.08.02	01:32:00.365	0.59427				2
2024.08.02	01:32:00.691	0.59426	0.59429			6
2024.08.02	01:32:01.077		0.59430			4
2024.08.02	01:32:03.377	0.59427	0.59431			6
2024.08.02	01:32:04.809	0.59429	0.59432			6
2024.08.02	01:32:09.517	0.59428	0.59431			6
2024.08.02	01:32:09.936	0.59429				2
2024.08.02	01:32:10.304		0.59432			4
2024.08.02	01:32:10.879	0.59428				2
2024.08.02	01:32:14.813		0.59431			4
2024.08.02	01:32:15.722		0.59432			4
2024.08.02	01:32:16.027		0.59433			4
2024.08.02	01:32:16.679		0.59432			4
2024.08.02	01:32:18.351	0.59430				2
2024.08.02	01:32:18.659		0.59433			4
2024.08.02	01:32:19.620	0.59429				2
2024.08.02	01:32:22.994	0.59427	0.59430			6
2024.08.02	01:32:26.125		0.59431			4
2024.08.02	01:32:26.814	0.59428				2
2024.08.02	01:32:28.344	0.59429	0.59432			6
2024.08.02	01:32:28.658		0.59433			4
2024.08.02	01:32:29.395		0.59432			4
2024.08.02	01:32:31.432		0.59433			4
2024.08.02	01:32:32.231		0.59432			4
2024.08.02	01:32:35.776	0.59431				2
2024.08.02	01:32:36.078	0.59434	0.59437			6
2024.08.02	01:32:39.744	0.59435	0.59438			6
2024.08.02	01:32:41.303	0.59434	0.59437			6
2024.08.02	01:32:42.505	0.59433				2
2024.08.02	01:32:43.075		0.59436			4
2024.08.02	01:32:43.381		0.59437			4
2024.08.02	01:32:45.727		0.59436			4
2024.08.02	01:32:46.193	0.59434	0.59438			6
2024.08.02	01:32:47.040		0.59437			4
2024.08.02	01:32:49.078		0.59438			4
2024.08.02	01:32:50.767		0.59437			4
2024.08.02	01:32:51.095		0.59438			4
2024.08.02	01:32:53.037		0.59437			4
2024.08.02	01:32:53.753		0.59438			4
2024.08.02	01:32:56.744	0.59435	0.59439			6
2024.08.02	01:32:57.124		0.59438			4
2024.08.02	01:33:00.351	0.59435				2
2024.08.02	01:33:07.063		0.59439			4
2024.08.02	01:33:07.484		0.59440			4
2024.08.02	01:33:10.992		0.59439			4
2024.08.02	01:33:17.342		0.59440			4
2024.08.02	01:33:19.846		0.59439			4
2024.08.02	01:33:20.156		0.59440			4
2024.08.02	01:33:21.234		0.59439			4
2024.08.02	01:33:29.182		0.59437			4
2024.08.02	01:33:39.115	0.59433	0.59436			6
2024.08.02	01:33:40.510	0.59432				2
2024.08.02	01:33:40.838		0.59435			4
2024.08.02	01:33:42.906	0.59429	0.59432			6
2024.08.02	01:33:44.917		0.59431			4
2024.08.02	01:33:45.864		0.59432			4
2024.08.02	01:33:46.889	0.59428	0.59431			6
2024.08.02	01:33:47.203		0.59432			4
2024.08.02	01:33:47.647	0.59427	0.59430			6
2024.08.02	01:33:47.962	0.59428	0.59432			6
2024.08.02	01:33:48.668		0.59431			4
2024.08.02	01:33:53.312	0.59429	0.59433			6
2024.08.02	01:33:53.622	0.59427	0.59432			6
2024.08.02	01:33:53.926	0.59426	0.59430			6
2024.08.02	01:33:57.723	0.59427	0.59431			6
2024.08.02	01:33:59.451	0.59426	0.59430			6
2024.08.02	01:34:00.104	0.59426				2
2024.08.02	01:34:01.702		0.59429			4
2024.08.02	01:34:08.449	0.59425	0.59428			6
2024.08.02	01:34:08.774		0.59429			4
2024.08.02	01:34:09.432	0.59426	0.59430			6
2024.08.02	01:34:13.052	0.59425	0.59428			6
2024.08.02	01:34:13.406		0.59429			4
2024.08.02	01:34:23.783	0.59427	0.59430			6
2024.08.02	01:34:24.086	0.59425				2
2024.08.02	01:34:24.400		0.59429			4
2024.08.02	01:34:26.850	0.59426				2
2024.08.02	01:34:27.841		0.59430			4
2024.08.02	01:34:30.382	0.59425				2
2024.08.02	01:34:31.370		0.59429			4
2024.08.02	01:34:33.693	0.59426				2
2024.08.02	01:34:38.119		0.59430			4
2024.08.02	01:34:42.456		0.59429			4
2024.08.02	01:34:42.794		0.59430			4
2024.08.02	01:34:44.131	0.59427				2
2024.08.02	01:34:46.202	0.59426				2
2024.08.02	01:34:51.242	0.59429	0.59433			6
2024.08.02	01:34:53.027		0.59434			4
2024.08.02	01:34:53.342	0.59430				2
2024.08.02	01:34:53.999	0.59429				2
2024.08.02	01:34:54.302	0.59431	0.59435			6
2024.08.02	01:34:55.882		0.59433			4
2024.08.02	01:34:56.551		0.59434			4
2024.08.02	01:34:56.863	0.59430	0.59431			6
2024.08.02	01:34:57.177		0.59433			4
2024.08.02	01:34:58.525	0.59431	0.59435			6
2024.08.02	01:34:58.952		0.59434			4
2024.08.02	01:35:00.064	0.59431				2
2024.08.02	01:35:02.388		0.59435			4
2024.08.02	01:35:02.694		0.59434			4
2024.08.02	01:35:04.586		0.59432			4
2024.08.02	01:35:04.938	0.59430				2
2024.08.02	01:35:07.310		0.59433			4
2024.08.02	01:35:07.626		0.59434			4
2024.08.02	01:35:08.299		0.59433			4
2024.08.02	01:35:08.945		0.59434			4
2024.08.02	01:35:11.517		0.59433			4
2024.08.02	01:35:12.517		0.59432			4
2024.08.02	01:35:12.941	0.59429	0.59431			6
2024.08.02	01:35:16.823	0.59424	0.59429			6
2024.08.02	01:35:18.196		0.59428			4
2024.08.02	01:35:19.721	0.59427	0.59430			6
2024.08.02	01:35:20.031		0.59431			4
2024.08.02	01:35:21.420	0.59425	0.59430			6
2024.08.02	01:35:27.106		0.59429			4
2024.08.02	01:35:29.410		0.59430			4
2024.08.02	01:35:43.530	0.59426				2
2024.08.02	01:35:44.940	0.59425	0.59428			6
2024.08.02	01:35:45.334		0.59429			4
2024.08.02	01:35:54.304		0.59428			4
2024.08.02	01:35:54.679		0.59429			4
2024.08.02	01:35:57.862		0.59430			4
2024.08.02	01:36:00.073	0.59425				2
2024.08.02	01:36:02.393	0.59426				2
2024.08.02	01:36:07.235		0.59429			4
2024.08.02	01:36:08.058		0.59430			4
2024.08.02	01:36:13.397	0.59425				2
2024.08.02	01:36:13.731	0.59426	0.59431			6
2024.08.02	01:36:14.126		0.59432			4
2024.08.02	01:36:14.461		0.59431			4
2024.08.02	01:36:14.820	0.59427	0.59432			6
2024.08.02	01:36:16.622	0.59426	0.59430			6
2024.08.02	01:36:20.321		0.59431			4
2024.08.02	01:36:20.626	0.59427				2
2024.08.02	01:36:20.957	0.59426				2
2024.08.02	01:36:21.283	0.59428	0.59432			6
2024.08.02	01:36:22.106		0.59431			4
2024.08.02	01:36:23.763		0.59430			4
2024.08.02	01:36:24.604		0.59431			4
2024.08.02	01:36:26.417		0.59430			4
2024.08.02	01:36:26.958		0.59431			4
2024.08.02	01:36:30.467		0.59430			4
2024.08.02	01:36:30.801		0.59432			4
2024.08.02	01:36:32.132		0.59431			4
2024.08.02	01:36:32.520		0.59430			4
2024.08.02	01:36:32.823		0.59431			4
2024.08.02	01:36:40.061	0.59426	0.59430			6
2024.08.02	01:36:40.362	0.59428	0.59431			6
2024.08.02	01:36:41.113		0.59432			4
2024.08.02	01:36:43.601		0.59431			4
2024.08.02	01:36:44.398		0.59432			4
2024.08.02	01:36:48.736	0.59427	0.59431			6
2024.08.02	01:36:49.823		0.59432			4
2024.08.02	01:36:54.748	0.59428				2
2024.08.02	01:36:56.831	0.59430	0.59434			6
2024.08.02	01:37:00.566	0.59430				2
2024.08.02	01:37:02.280		0.59433			4
2024.08.02	01:37:02.952		0.59434			4
2024.08.02	01:37:09.185	0.59428	0.59432			6
2024.08.02	01:37:09.506		0.59431			4
2024.08.02	01:37:10.979	0.59427				2
2024.08.02	01:37:11.283		0.59432			4
2024.08.02	01:37:12.137		0.59431			4
2024.08.02	01:37:12.445		0.59432			4
2024.08.02	01:37:21.015	0.59428				2
2024.08.02	01:37:22.044		0.59433			4
2024.08.02	01:37:24.533		0.59432			4
2024.08.02	01:37:24.969	0.59427	0.59431			6
2024.08.02	01:37:25.300		0.59432			4
2024.08.02	01:37:26.252	0.59428				2
2024.08.02	01:37:27.085	0.59427				2
2024.08.02	01:37:29.509		0.59431			4
2024.08.02	01:37:29.853	0.59426	0.59430			6
2024.08.02	01:37:30.983	0.59427	0.59431			6
2024.08.02	01:37:31.655		0.59432			4
2024.08.02	01:37:32.131		0.59431			4
2024.08.02	01:37:32.865		0.59432			4
2024.08.02	01:37:41.042		0.59431			4
2024.08.02	01:37:41.502		0.59432			4
2024.08.02	01:37:46.352		0.59431			4
2024.08.02	01:37:50.539		0.59432			4
2024.08.02	01:37:58.021		0.59431			4
2024.08.02	01:38:00.017	0.59426	0.59430			6
2024.08.02	01:38:01.050		0.59429			4
2024.08.02	01:38:03.068		0.59430			4
2024.08.02	01:38:10.679		0.59429			4
2024.08.02	01:38:17.267		0.59430			4
2024.08.02	01:38:17.696		0.59429			4
2024.08.02	01:38:27.000	0.59425				2
2024.08.02	01:38:30.921		0.59428			4
2024.08.02	01:38:34.189	0.59420	0.59423			6
2024.08.02	01:38:34.494	0.59419				2
2024.08.02	01:38:34.819		0.59424			4
2024.08.02	01:38:37.048		0.59423			4
2024.08.02	01:38:47.140	0.59418				2
2024.08.02	01:39:00.481	0.59418				2
2024.08.02	01:39:01.009	0.59419				2
2024.08.02	01:39:02.822	0.59424	0.59428			6
2024.08.02	01:39:18.183		0.59425			4
2024.08.02	01:39:20.563	0.59419	0.59421			6
2024.08.02	01:39:20.865		0.59420			4
2024.08.02	01:39:28.237		0.59423			4
2024.08.02	01:39:30.343	0.59418	0.59422			6
2024.08.02	01:39:30.663		0.59421			4
2024.08.02	01:39:32.358	0.59416	0.59420			6
2024.08.02	01:39:32.701	0.59418	0.59422			6
2024.08.02	01:39:33.047		0.59423			4
2024.08.02	01:39:33.777	0.59419	0.59424			6
2024.08.02	01:39:34.101		0.59423			4
2024.08.02	01:39:35.426	0.59418	0.59422			6
2024.08.02	01:39:36.425		0.59421			4
2024.08.02	01:39:36.892		0.59422			4
2024.08.02	01:39:37.198		0.59423			4
2024.08.02	01:39:39.566	0.59419	0.59422			6
2024.08.02	01:39:39.870		0.59423			4
2024.08.02	01:39:46.632	0.59424	0.59428			6
2024.08.02	01:39:46.943		0.59429			4
2024.08.02	01:39:49.862	0.59425				2
2024.08.02	01:40:01.339	0.59425				2
2024.08.02	01:40:01.785	0.59424	0.59427			6
2024.08.02	01:40:03.590		0.59428			4
2024.08.02	01:40:03.904	0.59421	0.59425			6
2024.08.02	01:40:04.208	0.59422	0.59426			6
2024.08.02	01:40:04.525	0.59423	0.59428			6
2024.08.02	01:40:06.929		0.59427			4
2024.08.02	01:40:09.717	0.59424	0.59428			6
2024.08.02	01:40:10.023		0.59429			4
2024.08.02	01:40:18.474	0.59427	0.59431			6
2024.08.02	01:40:20.030	0.59425	0.59430			6
2024.08.02	01:40:20.858	0.59426				2
2024.08.02	01:40:21.159		0.59431			4
2024.08.02	01:40:21.917		0.59430			4
2024.08.02	01:40:23.678		0.59431			4
2024.08.02	01:40:24.076		0.59430			4
2024.08.02	01:40:24.392		0.59431			4
2024.08.02	01:40:24.827		0.59430			4
2024.08.02	01:40:25.607	0.59425	0.59429			6
2024.08.02	01:40:26.090		0.59430			4
2024.08.02	01:40:26.732	0.59427				2
2024.08.02	01:40:27.090		0.59431			4
2024.08.02	01:40:27.414	0.59428				2
2024.08.02	01:40:27.731		0.59432			4
2024.08.02	01:40:28.589		0.59431			4
2024.08.02	01:40:30.262		0.59432			4
2024.08.02	01:40:31.069	0.59427	0.59431			6
2024.08.02	01:40:40.996	0.59428				2
2024.08.02	01:40:41.412	0.59427				2
2024.08.02	01:40:42.476	0.59428				2
2024.08.02	01:40:43.579	0.59427				2
2024.08.02	01:41:00.581	0.59427				2
2024.08.02	01:41:16.143		0.59430			4
2024.08.02	01:41:16.579	0.59424	0.59427			6
2024.08.02	01:41:16.884	0.59420	0.59423			6
2024.08.02	01:41:17.205	0.59419				2
2024.08.02	01:41:29.692		0.59422			4
2024.08.02	01:41:30.053		0.59423			4
2024.08.02	01:41:48.421		0.59422			4
2024.08.02	01:41:48.785	0.59415	0.59419			6
2024.08.02	01:41:49.103	0.59413	0.59418			6
2024.08.02	01:42:00.166	0.59413				2
2024.08.02	01:42:18.388		0.59417			4
2024.08.02	01:42:18.704	0.59408	0.59413			6
2024.08.02	01:42:19.261		0.59412			4
2024.08.02	01:42:19.932	0.59407	0.59411			6
2024.08.02	01:42:29.389	0.59404	0.59408			6
2024.08.02	01:42:30.226		0.59409			4
2024.08.02	01:42:30.560	0.59405				2
2024.08.02	01:42:32.453	0.59404				2
2024.08.02	01:42:43.754	0.59406	0.59410			6
2024.08.02	01:42:48.042	0.59407	0.59411			6
2024.08.02	01:42:50.390	0.59405	0.59410			6
2024.08.02	01:42:53.592	0.59407	0.59411			6
2024.08.02	01:43:02.222	0.59407				2
2024.08.02	01:43:05.266		0.59410			4
2024.08.02	01:43:05.579	0.59406				2
2024.08.02	01:43:13.459	0.59404	0.59407			6
2024.08.02	01:43:16.463	0.59408	0.59411			6
2024.08.02	01:43:17.244	0.59406	0.59409			6
2024.08.02	01:43:18.931	0.59407				2
2024.08.02	01:43:19.235	0.59406				2
2024.08.02	01:43:23.787		0.59407			4
2024.08.02	01:43:24.416	0.59405				2
2024.08.02	01:43:24.724	0.59404				2
2024.08.02	01:43:33.131	0.59403				2
2024.08.02	01:43:35.594		0.59408			4
2024.08.02	01:43:36.825	0.59404				2
2024.08.02	01:43:37.726	0.59406	0.59410			6
2024.08.02	01:43:46.718	0.59405				2
2024.08.02	01:43:47.020	0.59406				2
2024.08.02	01:43:48.112	0.59405	0.59409			6
2024.08.02	01:43:48.740	0.59404				2
2024.08.02	01:43:49.321	0.59406				2
2024.08.02	01:43:50.780	0.59405				2
2024.08.02	01:43:52.960	0.59404				2
2024.08.02	01:43:58.079	0.59406	0.59410			6
2024.08.02	01:44:00.023	0.59405	0.59409			6
2024.08.02	01:44:00.362	0.59406				2
2024.08.02	01:44:11.142		0.59410			4
2024.08.02	01:44:20.630	0.59407				2
2024.08.02	01:44:24.726	0.59406				2
2024.08.02	01:44:25.051	0.59407				2
2024.08.02	01:44:27.960	0.59406				2
2024.08.02	01:44:28.261	0.59407				2
2024.08.02	01:44:28.572	0.59406	0.59409			6
2024.08.02	01:44:34.693	0.59407	0.59410			6
2024.08.02	01:44:39.006	0.59406				2
2024.08.02	01:44:39.824	0.59407				2
2024.08.02	01:44:40.305	0.59406				2
2024.08.02	01:44:44.562	0.59407				2
2024.08.02	01:44:50.472	0.59406				2
2024.08.02	01:44:52.352	0.59407				2
2024.08.02	01:44:54.420	0.59406				2
2024.08.02	01:45:00.277	0.59406				2
2024.08.02	01:45:23.103	0.59407				2
2024.08.02	01:45:29.797	0.59406				2
2024.08.02	01:45:33.280	0.59405	0.59407			6
2024.08.02	01:45:39.940		0.59408			4
2024.08.02	01:45:43.782	0.59404	0.59407			6
2024.08.02	01:45:45.501	0.59405				2
2024.08.02	01:45:46.419		0.59406			4
2024.08.02	01:45:49.427		0.59407			4
2024.08.02	01:45:57.609	0.59406				2
2024.08.02	01:45:57.912	0.59405				2
2024.08.02	01:45:58.560	0.59406				2
2024.08.02	01:45:59.368	0.59405				2
2024.08.02	01:46:01.023	0.59405				2
2024.08.02	01:46:02.628	0.59406				2
2024.08.02	01:46:03.396	0.59407	0.59408			6
2024.08.02	01:46:07.478	0.59408	0.59409			6
2024.08.02	01:46:14.536	0.59407	0.59408			6
2024.08.02	01:46:16.271	0.59408	0.59409			6
2024.08.02	01:46:16.666	0.59407				2
2024.08.02	01:46:26.252	0.59408				2
2024.08.02	01:46:29.460		0.59410			4
2024.08.02	01:46:49.406	0.59409				2
2024.08.02	01:46:50.358	0.59408				2
2024.08.02	01:46:55.392	0.59407	0.59409			6
2024.08.02	01:46:55.703	0.59405	0.59407			6
2024.08.02	01:46:56.027	0.59407	0.59408			6
2024.08.02	01:46:56.724	0.59406	0.59407			6
2024.08.02	01:46:59.658	0.59407	0.59408			6
2024.08.02	01:47:00.171	0.59407				2
2024.08.02	01:47:00.823	0.59406				2
2024.08.02	01:47:01.525	0.59407				2
2024.08.02	01:47:01.834		0.59409			4
2024.08.02	01:47:03.757	0.59408				2
2024.08.02	01:47:04.103	0.59407				2
2024.08.02	01:47:06.583	0.59405	0.59408			6
2024.08.02	01:47:09.306	0.59406	0.59409			6
2024.08.02	01:47:11.216	0.59407				2
2024.08.02	01:47:15.781	0.59406	0.59408			6
2024.08.02	01:47:35.417	0.59407				2
2024.08.02	01:47:39.811	0.59408	0.59409			6
2024.08.02	01:47:41.000	0.59406	0.59408			6
2024.08.02	01:47:43.387	0.59407				2
2024.08.02	01:47:43.700	0.59406				2
2024.08.02	01:47:44.002	0.59407				2
2024.08.02	01:47:44.750		0.59409			4
2024.08.02	01:47:49.552	0.59408				2
2024.08.02	01:47:50.751	0.59412	0.59413			6
2024.08.02	01:47:51.078	0.59411				2
2024.08.02	01:47:54.625	0.59410				2
2024.08.02	01:47:55.695		0.59412			4
2024.08.02	01:47:56.223		0.59413			4
2024.08.02	01:47:58.096	0.59411				2
2024.08.02	01:47:59.723	0.59410				2
2024.08.02	01:48:02.349	0.59410				2
2024.08.02	01:48:02.897	0.59411				2
2024.08.02	01:48:07.286	0.59415	0.59418			6
2024.08.02	01:48:07.657	0.59411	0.59414			6
2024.08.02	01:48:09.165	0.59412				2
2024.08.02	01:48:11.802	0.59413				2
2024.08.02	01:48:14.514	0.59412				2
2024.08.02	01:48:17.525	0.59413				2
2024.08.02	01:48:21.192	0.59415	0.59416			6
2024.08.02	01:48:36.232	0.59414				2
2024.08.02	01:48:38.617	0.59415				2
2024.08.02	01:48:41.261	0.59414				2
2024.08.02	01:48:46.093	0.59412	0.59414			6
2024.08.02	01:48:51.930	0.59413				2
2024.08.02	01:48:52.290	0.59412				2
2024.08.02	01:49:00.673	0.59412				2
2024.08.02	01:49:01.217	0.59411				2
2024.08.02	01:49:09.136	0.59410	0.59412			6
2024.08.02	01:49:10.903	0.59411	0.59413			6
2024.08.02	01:49:12.398		0.59414			4
2024.08.02	01:49:13.308	0.59412				2
2024.08.02	01:49:14.875	0.59410	0.59413			6
2024.08.02	01:49:18.819	0.59412	0.59414			6
2024.08.02	01:49:20.117	0.59411	0.59413			6
2024.08.02	01:49:32.455	0.59410				2
2024.08.02	01:49:38.227		0.59412			4
2024.08.02	01:49:40.485		0.59413			4
2024.08.02	01:49:43.032	0.59407	0.59410			6
2024.08.02	01:49:48.180	0.59409	0.59411			6
2024.08.02	01:49:48.515		0.59412			4
2024.08.02	01:49:57.380	0.59410	0.59411			6
2024.08.02	01:49:57.822		0.59413			4
2024.08.02	01:50:00.137	0.59410				2
2024.08.02	01:50:00.455	0.59409				2
2024.08.02	01:50:00.759		0.59412			4
2024.08.02	01:50:02.173	0.59410	0.59413			6
2024.08.02	01:50:02.480	0.59409	0.59412			6
2024.08.02	01:50:07.048		0.59411			4
2024.08.02	01:50:07.391	0.59408	0.59412			6
2024.08.02	01:50:09.066	0.59409				2
2024.08.02	01:50:15.189	0.59410	0.59413			6
2024.08.02	01:50:15.521		0.59412			4
2024.08.02	01:50:16.175		0.59413			4
2024.08.02	01:50:19.323	0.59409	0.59412			6
2024.08.02	01:50:24.417		0.59413			4
2024.08.02	01:50:25.116	0.59410				2
2024.08.02	01:50:29.744	0.59408	0.59412			6
2024.08.02	01:50:30.075	0.59409				2
2024.08.02	01:50:31.552	0.59408				2
2024.08.02	01:50:32.363	0.59406	0.59410			6
2024.08.02	01:50:33.072	0.59408	0.59411			6
2024.08.02	01:50:33.377		0.59412			4
2024.08.02	01:50:34.723		0.59411			4
2024.08.02	01:50:36.122		0.59412			4
2024.08.02	01:50:37.157	0.59409				2
2024.08.02	01:50:42.119		0.59411			4
2024.08.02	01:50:43.419		0.59412			4
2024.08.02	01:50:43.864		0.59411			4
2024.08.02	01:50:45.390		0.59412			4
2024.08.02	01:50:48.288		0.59411			4
2024.08.02	01:50:48.778		0.59412			4
2024.08.02	01:50:54.428		0.59411			4
2024.08.02	01:50:55.151		0.59412			4
2024.08.02	01:51:02.105	0.59408				2
2024.08.02	01:51:02.406		0.59411			4
2024.08.02	01:51:05.030	0.59409	0.59412			6
2024.08.02	01:51:05.949	0.59408				2
2024.08.02	01:51:10.840		0.59411			4
2024.08.02	01:51:16.113	0.59409	0.59412			6
2024.08.02	01:51:18.259	0.59408	0.59411			6
2024.08.02	01:51:18.733	0.59409				2
2024.08.02	01:51:19.878	0.59408				2
2024.08.02	01:51:21.386	0.59409	0.59412			6
2024.08.02	01:51:24.792		0.59411			4
2024.08.02	01:51:25.099		0.59412			4
2024.08.02	01:51:26.265		0.59411			4
2024.08.02	01:51:26.713		0.59412			4
2024.08.02	01:51:27.371	0.59408				2
2024.08.02	01:51:28.016		0.59411			4
2024.08.02	01:51:34.305	0.59409	0.59412			6
2024.08.02	01:51:57.129	0.59410				2
2024.08.02	01:52:00.416	0.59409				2
2024.08.02	01:52:12.306		0.59411			4
2024.08.02	01:52:13.419		0.59412			4
2024.08.02	01:52:18.530	0.59410				2
2024.08.02	01:52:21.214	0.59411	0.59414			6
2024.08.02	01:52:22.374	0.59412				2
2024.08.02	01:52:28.641	0.59419	0.59421			6
2024.08.02	01:52:28.960		0.59422			4
2024.08.02	01:52:31.064	0.59420				2
2024.08.02	01:52:33.730	0.59421	0.59423			6
2024.08.02	01:52:37.302	0.59419	0.59422			6
2024.08.02	01:52:37.724	0.59415	0.59418			6
2024.08.02	01:52:39.503	0.59414	0.59417			6
2024.08.02	01:52:39.859		0.59418			4
2024.08.02	01:52:40.360		0.59417			4
2024.08.02	01:52:40.746		0.59418			4
2024.08.02	01:52:42.139	0.59412	0.59416			6
2024.08.02	01:52:47.748	0.59410	0.59415			6
2024.08.02	01:52:48.088		0.59414			4
2024.08.02	01:52:55.214	0.59412	0.59415			6
2024.08.02	01:52:56.877	0.59410	0.59414			6
2024.08.02	01:52:57.363	0.59411				2
2024.08.02	01:52:58.866	0.59410				2
2024.08.02	01:53:00.053	0.59410				2
2024.08.02	01:53:01.066	0.59412	0.59415			6
2024.08.02	01:53:03.340		0.59416			4
2024.08.02	01:53:06.597	0.59413				2
2024.08.02	01:53:06.902	0.59409	0.59412			6
2024.08.02	01:53:10.175	0.59410	0.59413			6
2024.08.02	01:53:13.920	0.59411				2
2024.08.02	01:53:15.789	0.59410	0.59414			6
2024.08.02	01:53:17.302	0.59409	0.59412			6
2024.08.02	01:53:18.230	0.59410	0.59413			6
2024.08.02	01:53:30.222	0.59409	0.59412			6
2024.08.02	01:53:33.639	0.59408				2
2024.08.02	01:53:34.841	0.59409				2
2024.08.02	01:54:00.110	0.59409	0.59411			6
2024.08.02	01:54:00.462		0.59412			4
2024.08.02	01:54:18.741	0.59410				2
2024.08.02	01:54:20.214		0.59413			4
2024.08.02	01:54:23.197	0.59413	0.59416			6
2024.08.02	01:54:28.801	0.59415				2
2024.08.02	01:54:29.126	0.59413				2
2024.08.02	01:54:33.119	0.59411	0.59415			6
2024.08.02	01:54:33.419		0.59414			4
2024.08.02	01:54:46.089	0.59415	0.59417			6
2024.08.02	01:54:46.404	0.59416	0.59418			6
2024.08.02	01:54:47.636	0.59415				2
2024.08.02	01:54:48.696		0.59419			4
2024.08.02	01:54:49.005	0.59416	0.59418			6
2024.08.02	01:54:51.325		0.59419			4
2024.08.02	01:54:52.135		0.59418			4
2024.08.02	01:54:52.564		0.59419			4
2024.08.02	01:54:55.359		0.59418			4
2024.08.02	01:54:56.908		0.59417			4
2024.08.02	01:54:57.240		0.59418			4
2024.08.02	01:55:00.648	0.59416				2
2024.08.02	01:55:08.769		0.59417			4
2024.08.02	01:55:11.950		0.59418			4
2024.08.02	01:55:15.925	0.59415				2
2024.08.02	01:55:18.645	0.59413	0.59416			6
2024.08.02	01:55:25.894		0.59415			4
2024.08.02	01:55:26.214	0.59409	0.59411			6
2024.08.02	01:55:27.847	0.59411	0.59414			6
2024.08.02	01:55:28.256	0.59414	0.59416			6
2024.08.02	01:55:28.721		0.59417			4
2024.08.02	01:55:29.282	0.59415	0.59418			6
2024.08.02	01:55:29.586		0.59417			4
2024.08.02	01:55:29.988	0.59414				2
2024.08.02	01:55:31.278	0.59415	0.59418			6
2024.08.02	01:55:31.592		0.59417			4
2024.08.02	01:55:36.360		0.59418			4
2024.08.02	01:55:38.168		0.59417			4
2024.08.02	01:55:39.780		0.59418			4
2024.08.02	01:55:41.847		0.59416			4
2024.08.02	01:55:42.185	0.59414				2
2024.08.02	01:55:50.521	0.59413				2
2024.08.02	01:55:52.041	0.59414				2
2024.08.02	01:55:56.858	0.59413				2
2024.08.02	01:56:00.393	0.59413				2
2024.08.02	01:56:05.199	0.59414				2
2024.08.02	01:56:05.898	0.59413				2
2024.08.02	01:56:11.149	0.59414				2
2024.08.02	01:56:22.290	0.59411	0.59413			6
2024.08.02	01:56:23.137		0.59414			4
2024.08.02	01:56:23.506		0.59413			4
2024.08.02	01:56:24.327		0.59414			4
2024.08.02	01:56:27.186		0.59413			4
2024.08.02	01:56:31.881		0.59414			4
2024.08.02	01:56:33.196	0.59412	0.59415			6
2024.08.02	01:56:33.642	0.59411	0.59414			6
2024.08.02	01:56:34.940	0.59412				2
2024.08.02	01:56:36.920	0.59411				2
2024.08.02	01:56:38.448		0.59415			4
2024.08.02	01:56:38.944	0.59412				2
2024.08.02	01:56:39.259	0.59411				2
2024.08.02	01:56:43.013	0.59412				2
2024.08.02	01:56:43.316	0.59411				2
2024.08.02	01:56:44.169		0.59414			4
2024.08.02	01:56:53.358		0.59415			4
2024.08.02	01:56:53.995		0.59414			4
2024.08.02	01:56:54.637	0.59412	0.59415			6
2024.08.02	01:56:55.244	0.59413	0.59417			6
2024.08.02	01:56:55.989		0.59416			4
2024.08.02	01:57:00.113	0.59413				2
2024.08.02	01:57:00.554		0.59417			4
2024.08.02	01:57:04.661		0.59416			4
2024.08.02	01:57:04.964		0.59415			4
2024.08.02	01:57:06.069		0.59416			4
2024.08.02	01:57:12.761	0.59414				2
2024.08.02	01:57:13.944	0.59413				2
2024.08.02	01:57:35.417		0.59417			4
2024.08.02	01:57:35.787		0.59416			4
2024.08.02	01:57:47.033		0.59417			4
2024.08.02	01:57:47.496	0.59414				2
2024.08.02	01:58:00.308	0.59414				2
2024.08.02	01:58:03.862	0.59413				2
2024.08.02	01:58:11.480	0.59414				2
2024.08.02	01:58:21.157	0.59413				2
2024.08.02	01:58:26.557	0.59414				2
2024.08.02	01:58:28.214	0.59413				2
2024.08.02	01:58:30.246	0.59415	0.59418			6
2024.08.02	01:58:30.619		0.59419			4
2024.08.02	01:58:36.400	0.59414	0.59418			6
2024.08.02	01:58:46.372		0.59417			4
2024.08.02	01:58:50.042	0.59416	0.59419			6
2024.08.02	01:58:50.914	0.59414	0.59418			6
2024.08.02	01:58:53.902	0.59415	0.59419			6
2024.08.02	01:59:00.457	0.59414	0.59417			6
2024.08.02	01:59:00.780		0.59418			4
2024.08.02	01:59:07.124	0.59411	0.59415			6
2024.08.02	01:59:16.213	0.59412				2
2024.08.02	01:59:17.569	0.59411				2
2024.08.02	02:00:00.313	0.59411				2
2024.08.02	02:00:06.647	0.59412				2
2024.08.02	02:00:07.285	0.59413	0.59415			6
2024.08.02	02:00:07.588	0.59416	0.59419			6
2024.08.02	02:00:13.388	0.59417	0.59420			6
2024.08.02	02:00:16.270	0.59420	0.59423			6
2024.08.02	02:00:19.583		0.59424			4
2024.08.02	02:00:21.795		0.59423			4
2024.08.02	02:00:31.179		0.59422			4
2024.08.02	02:00:31.487		0.59424			4
2024.08.02	02:00:33.676		0.59423			4
2024.08.02	02:00:37.305		0.59424			4
2024.08.02	02:00:40.720	0.59419				2
2024.08.02	02:00:43.379		0.59423			4
2024.08.02	02:00:43.696		0.59424			4
2024.08.02	02:00:44.070		0.59423			4
2024.08.02	02:00:55.625		0.59422			4
2024.08.02	02:01:00.403	0.59419	0.59421			6
2024.08.02	02:01:00.704	0.59415	0.59419			6
2024.08.02	02:01:02.421		0.59418			4
2024.08.02	02:01:03.631		0.59419			4
2024.08.02	02:01:06.913		0.59418			4
2024.08.02	02:01:07.361		0.59419			4
2024.08.02	02:01:19.132		0.59418			4
2024.08.02	02:01:21.962	0.59419	0.59423			6
2024.08.02	02:01:22.606	0.59420				2
2024.08.02	02:01:28.220		0.59424			4
2024.08.02	02:01:31.672		0.59423			4
2024.08.02	02:01:35.162		0.59424			4
2024.08.02	02:01:42.191		0.59423			4
2024.08.02	02:01:52.419		0.59422			4
2024.08.02	02:01:54.464	0.59421				2
2024.08.02	02:01:55.703	0.59420				2
2024.08.02	02:01:59.443	0.59415	0.59418			6
2024.08.02	02:02:00.050	0.59415				2
2024.08.02	02:02:02.690	0.59416	0.59420			6
2024.08.02	02:02:03.423	0.59415	0.59418			6
2024.08.02	02:02:05.814	0.59416				2
2024.08.02	02:02:06.132	0.59415				2
2024.08.02	02:02:11.507	0.59413	0.59416			6
2024.08.02	02:02:13.133		0.59417			4
2024.08.02	02:02:13.461	0.59414				2
2024.08.02	02:02:14.860	0.59413	0.59416			6
2024.08.02	02:02:22.124		0.59417			4
2024.08.02	02:02:23.000	0.59415				2
2024.08.02	02:02:26.963	0.59414				2
2024.08.02	02:02:31.007		0.59418			4
2024.08.02	02:02:32.214		0.59417			4
2024.08.02	02:02:34.540		0.59416			4
2024.08.02	02:02:42.190		0.59418			4
2024.08.02	02:02:42.551	0.59415				2
2024.08.02	02:02:44.501	0.59414	0.59417			6
2024.08.02	02:02:46.181		0.59418			4
2024.08.02	02:02:46.482		0.59417			4
2024.08.02	02:02:50.883		0.59418			4
2024.08.02	02:02:55.013		0.59417			4
2024.08.02	02:02:57.656		0.59418			4
2024.08.02	02:03:00.429	0.59414				2
2024.08.02	02:03:09.318	0.59417	0.59420			6
2024.08.02	02:03:12.117	0.59418	0.59422			6
2024.08.02	02:03:13.666		0.59421			4
2024.08.02	02:03:18.389		0.59422			4
2024.08.02	02:03:20.033	0.59419				2
2024.08.02	02:03:20.807	0.59418				2
2024.08.02	02:03:23.496	0.59421	0.59423			6
2024.08.02	02:03:23.810	0.59419	0.59422			6
2024.08.02	02:03:26.491		0.59421			4
2024.08.02	02:03:34.313	0.59418				2
2024.08.02	02:03:42.355	0.59419	0.59422			6
2024.08.02	02:03:43.501	0.59418	0.59421			6
2024.08.02	02:03:47.352	0.59419	0.59422			6
2024.08.02	02:03:51.436	0.59418				2
2024.08.02	02:03:52.437	0.59419				2
2024.08.02	02:03:54.843	0.59418	0.59421			6
2024.08.02	02:04:00.241	0.59418				2
2024.08.02	02:04:02.778		0.59420			4
2024.08.02	02:04:09.038		0.59421			4
2024.08.02	02:04:10.698		0.59420			4
2024.08.02	02:04:12.415	0.59419	0.59421			6
2024.08.02	02:04:13.954	0.59418	0.59420			6
2024.08.02	02:04:16.376		0.59421			4
2024.08.02	02:04:20.804	0.59419	0.59422			6
2024.08.02	02:04:21.273	0.59418				2
2024.08.02	02:04:21.581	0.59419				2
2024.08.02	02:04:23.066		0.59423			4
2024.08.02	02:04:23.407	0.59420				2
2024.08.02	02:04:24.691	0.59419	0.59422			6
2024.08.02	02:04:27.630	0.59415	0.59418			6
2024.08.02	02:04:31.413	0.59413	0.59417			6
2024.08.02	02:04:31.896	0.59412				2
2024.08.02	02:04:38.329	0.59413	0.59418			6
2024.08.02	02:04:40.662	0.59414				2
2024.08.02	02:04:45.062	0.59415				2
2024.08.02	02:04:45.760	0.59414				2
2024.08.02	02:04:47.156	0.59416	0.59420			6
2024.08.02	02:04:47.946	0.59415	0.59419			6
2024.08.02	02:04:54.136		0.59418			4
2024.08.02	02:04:56.988	0.59412	0.59416			6
2024.08.02	02:04:59.166	0.59413	0.59418			6
2024.08.02	02:05:00.207	0.59413				2
2024.08.02	02:05:09.358		0.59416			4
2024.08.02	02:05:10.401		0.59417			4
2024.08.02	02:05:11.610		0.59416			4
2024.08.02	02:05:14.192		0.59418			4
2024.08.02	02:05:14.946	0.59417	0.59421			6
2024.08.02	02:05:15.294	0.59416				2
2024.08.02	02:05:16.288	0.59417				2
2024.08.02	02:05:18.172		0.59422			4
2024.08.02	02:05:18.851	0.59418				2
2024.08.02	02:05:22.134	0.59419				2
2024.08.02	02:05:22.442	0.59420	0.59424			6
2024.08.02	02:05:22.987	0.59419				2
2024.08.02	02:05:23.728	0.59420				2
2024.08.02	02:05:33.215	0.59419				2
2024.08.02	02:05:33.826	0.59420				2
2024.08.02	02:05:34.189	0.59419				2
2024.08.02	02:05:34.522	0.59420				2
2024.08.02	02:05:36.417	0.59421				2
2024.08.02	02:05:37.042	0.59420				2
2024.08.02	02:05:37.371	0.59419				2
2024.08.02	02:05:38.090	0.59420				2
2024.08.02	02:05:38.438	0.59419				2
2024.08.02	02:05:43.202	0.59415	0.59419			6
2024.08.02	02:05:50.890	0.59416	0.59421			6
2024.08.02	02:05:51.781	0.59418				2
2024.08.02	02:05:52.108	0.59417				2
2024.08.02	02:05:53.869	0.59418				2
2024.08.02	02:05:59.295	0.59417				2
2024.08.02	02:06:00.818	0.59417				2
2024.08.02	02:06:04.123	0.59415	0.59419			6
2024.08.02	02:06:04.427		0.59418			4
2024.08.02	02:06:05.679	0.59414				2
2024.08.02	02:06:06.780	0.59417	0.59420			6
2024.08.02	02:06:07.402	0.59416				2
2024.08.02	02:06:09.834	0.59414	0.59418			6
2024.08.02	02:06:16.924	0.59417	0.59420			6
2024.08.02	02:06:17.232		0.59421			4
2024.08.02	02:06:19.352	0.59418	0.59422			6
2024.08.02	02:06:27.284	0.59419				2
2024.08.02	02:06:28.395	0.59418				2
2024.08.02	02:06:31.474		0.59420			4
2024.08.02	02:06:31.784	0.59419				2
2024.08.02	02:06:32.517	0.59415	0.59417			6
2024.08.02	02:06:32.822	0.59412	0.59416			6
2024.08.02	02:06:33.131		0.59414			4
2024.08.02	02:06:34.201	0.59413	0.59415			6
2024.08.02	02:06:35.255	0.59409	0.59412			6
2024.08.02	02:06:42.885	0.59401	0.59405			6
2024.08.02	02:06:43.564		0.59403			4
2024.08.02	02:06:43.936		0.59404			4
2024.08.02	02:06:46.715		0.59403			4
2024.08.02	02:06:47.027	0.59397	0.59401			6
2024.08.02	02:06:47.993	0.59398				2
2024.08.02	02:06:48.931	0.59397				2
2024.08.02	02:06:51.408	0.59396	0.59400			6
2024.08.02	02:06:53.785	0.59397				2
2024.08.02	02:06:56.344	0.59396				2
2024.08.02	02:06:57.117	0.59397	0.59402			6
2024.08.02	02:07:00.338	0.59397				2
2024.08.02	02:07:01.642		0.59398			4
2024.08.02	02:07:01.948		0.59402			4
2024.08.02	02:07:02.368	0.59398				2
2024.08.02	02:07:08.324	0.59399				2
2024.08.02	02:07:08.762	0.59398				2
2024.08.02	02:07:12.421	0.59399				2
2024.08.02	02:07:13.675	0.59400				2
2024.08.02	02:07:15.757	0.59399				2
2024.08.02	02:07:19.196	0.59398				2
2024.08.02	02:07:21.527	0.59403	0.59407			6
2024.08.02	02:07:26.789	0.59402				2
2024.08.02	02:07:31.448		0.59406			4
2024.08.02	02:07:46.009	0.59403	0.59407			6
2024.08.02	02:07:52.870	0.59404				2
2024.08.02	02:07:53.654	0.59403				2
2024.08.02	02:07:54.392	0.59404				2
2024.08.02	02:07:55.919	0.59403				2
2024.08.02	02:07:58.764	0.59404				2
2024.08.02	02:07:59.312	0.59405	0.59408			6
2024.08.02	02:07:59.623	0.59404				2
2024.08.02	02:08:00.025	0.59404				2
2024.08.02	02:08:00.959	0.59405				2
2024.08.02	02:08:01.339	0.59404				2
2024.08.02	02:08:01.911	0.59405				2
2024.08.02	02:08:02.582	0.59406	0.59410			6
2024.08.02	02:08:03.535	0.59408	0.59411			6
2024.08.02	02:08:06.391	0.59409				2
2024.08.02	02:08:06.694	0.59408				2
2024.08.02	02:08:08.866	0.59409	0.59412			6
2024.08.02	02:08:10.483		0.59413			4
2024.08.02	02:08:10.880	0.59410				2
2024.08.02	02:08:18.835	0.59411				2
2024.08.02	02:08:21.605	0.59413	0.59414			6
2024.08.02	02:08:21.909		0.59416			4
2024.08.02	02:08:22.300	0.59414				2
2024.08.02	02:08:22.902	0.59413				2
2024.08.02	02:08:23.225	0.59414				2
2024.08.02	02:08:23.596	0.59413				2
2024.08.02	02:08:23.912	0.59414				2
2024.08.02	02:08:27.158	0.59415	0.59417			6
2024.08.02	02:08:27.848	0.59414				2
2024.08.02	02:08:28.961	0.59416	0.59419			6
2024.08.02	02:08:37.003	0.59417				2
2024.08.02	02:08:37.304	0.59416	0.59420			6
2024.08.02	02:08:37.606	0.59417				2
2024.08.02	02:08:38.554		0.59421			4
2024.08.02	02:08:39.101	0.59418				2
2024.08.02	02:08:39.502	0.59417				2
2024.08.02	02:08:39.840	0.59418				2
2024.08.02	02:08:42.213	0.59417				2
2024.08.02	02:08:44.758	0.59416	0.59420			6
2024.08.02	02:08:53.672	0.59417	0.59421			6
2024.08.02	02:08:59.462	0.59418				2
2024.08.02	02:09:00.320	0.59418				2
2024.08.02	02:09:00.956	0.59417				2
2024.08.02	02:09:01.748		0.59420			4
2024.08.02	02:09:02.500	0.59418	0.59421			6
2024.08.02	02:09:03.281	0.59419				2
2024.08.02	02:09:04.262		0.59422			4
2024.08.02	02:09:04.941		0.59423			4
2024.08.02	02:09:05.296	0.59421	0.59424			6
2024.08.02	02:09:07.024		0.59425			4
2024.08.02	02:09:08.886	0.59420	0.59423			6
2024.08.02	02:09:10.014	0.59418	0.59422			6
2024.08.02	02:09:10.322	0.59413	0.59416			6
2024.08.02	02:09:17.985		0.59417			4
2024.08.02	02:09:21.366	0.59414				2
2024.08.02	02:09:23.996		0.59418			4
2024.08.02	02:09:29.623	0.59413				2
2024.08.02	02:09:30.254	0.59416	0.59419			6
2024.08.02	02:09:35.830	0.59417	0.59421			6
2024.08.02	02:09:37.780	0.59418				2
2024.08.02	02:09:43.351		0.59422			4
2024.08.02	02:09:53.299	0.59420	0.59424			6
2024.08.02	02:09:58.644	0.59421				2
2024.08.02	02:09:58.980	0.59420				2
2024.08.02	02:10:00.019	0.59420				2
2024.08.02	02:10:00.759	0.59423	0.59426			6
2024.08.02	02:10:01.754	0.59424				2
2024.08.02	02:10:02.110	0.59423				2
2024.08.02	02:10:03.530	0.59424				2
2024.08.02	02:10:03.881	0.59423				2
2024.08.02	02:10:05.516	0.59422				2
2024.08.02	02:10:05.828	0.59423				2
2024.08.02	02:10:13.952	0.59424	0.59427			6
2024.08.02	02:10:14.314	0.59423				2
2024.08.02	02:10:16.349	0.59424				2
2024.08.02	02:10:18.111		0.59428			4
2024.08.02	02:10:19.524	0.59426	0.59430			6
2024.08.02	02:10:20.990		0.59431			4
2024.08.02	02:10:21.472	0.59427				2
2024.08.02	02:10:22.427	0.59426				2
2024.08.02	02:10:31.384	0.59425	0.59429			6
2024.08.02	02:10:31.697	0.59426				2
2024.08.02	02:10:32.391	0.59427				2
2024.08.02	02:10:34.840	0.59426				2
2024.08.02	02:10:35.157		0.59430			4
2024.08.02	02:10:36.213	0.59427				2
2024.08.02	02:10:36.964	0.59426				2
2024.08.02	02:10:38.908	0.59425				2
2024.08.02	02:10:39.222	0.59427				2
2024.08.02	02:10:39.546	0.59428	0.59432			6
2024.08.02	02:10:39.879	0.59427				2
2024.08.02	02:10:41.855	0.59428				2
2024.08.02	02:10:43.133	0.59429				2
2024.08.02	02:10:43.796	0.59431	0.59434			6
2024.08.02	02:10:44.451	0.59432	0.59436			6
2024.08.02	02:10:46.388	0.59433	0.59437			6
2024.08.02	02:10:49.323	0.59434				2
2024.08.02	02:10:52.186	0.59433				2
2024.08.02	02:10:54.906	0.59434	0.59438			6
2024.08.02	02:10:56.510	0.59435	0.59440			6
2024.08.02	02:10:57.121	0.59436				2
2024.08.02	02:10:57.422	0.59437	0.59441			6
2024.08.02	02:10:59.466		0.59440			4
2024.08.02	02:10:59.769	0.59438	0.59442			6
2024.08.02	02:11:00.081	0.59438				2
2024.08.02	02:11:03.630	0.59439				2
2024.08.02	02:11:08.438	0.59438				2
2024.08.02	02:11:11.110		0.59441			4
2024.08.02	02:11:14.803		0.59442			4
2024.08.02	02:11:15.787	0.59433	0.59437			6
2024.08.02	02:11:16.114	0.59431	0.59435			6
2024.08.02	02:11:16.417	0.59432				2
2024.08.02	02:11:19.690	0.59431				2
2024.08.02	02:11:21.797	0.59433	0.59436			6
2024.08.02	02:11:22.200		0.59437			4
2024.08.02	02:11:27.005		0.59439			4
2024.08.02	02:11:28.977		0.59438			4
2024.08.02	02:11:30.972	0.59434				2
2024.08.02	02:11:32.721		0.59439			4
2024.08.02	02:11:33.164	0.59435				2
2024.08.02	02:11:33.480	0.59434	0.59438			6
2024.08.02	02:11:34.836		0.59437			4
2024.08.02	02:11:41.384	0.59435				2
2024.08.02	02:11:41.728	0.59434				2
2024.08.02	02:11:44.869		0.59438			4
2024.08.02	02:11:47.448		0.59437			4
2024.08.02	02:11:54.435	0.59433				2
2024.08.02	02:11:56.346	0.59431	0.59433			6
2024.08.02	02:11:56.650	0.59430				2
2024.08.02	02:11:59.858	0.59431				2
2024.08.02	02:12:00.285	0.59429	0.59432			6
2024.08.02	02:12:01.244	0.59430	0.59433			6
2024.08.02	02:12:01.625		0.59434			4
2024.08.02	02:12:01.964	0.59429	0.59432			6
2024.08.02	02:12:02.265	0.59423	0.59426			6
2024.08.02	02:12:03.429	0.59422				2
2024.08.02	02:12:04.998	0.59423				2
2024.08.02	02:12:06.014	0.59422				2
2024.08.02	02:12:07.698	0.59421	0.59425			6
2024.08.02	02:12:09.589	0.59422				2
2024.08.02	02:12:10.917	0.59421				2
2024.08.02	02:12:13.966		0.59424			4
2024.08.02	02:12:14.910		0.59425			4
2024.08.02	02:12:15.909	0.59422				2
2024.08.02	02:12:16.623	0.59423				2
2024.08.02	02:12:17.024	0.59422				2
2024.08.02	02:12:17.669	0.59423				2
2024.08.02	02:12:23.868		0.59426			4
2024.08.02	02:12:24.185	0.59422				2
2024.08.02	02:12:32.375		0.59425			4
2024.08.02	02:12:32.684	0.59421				2
2024.08.02	02:12:39.052		0.59423			4
2024.08.02	02:12:39.907		0.59422			4
2024.08.02	02:12:48.341	0.59422	0.59423			6
2024.08.02	02:12:50.168	0.59421	0.59422			6
2024.08.02	02:12:53.405	0.59422	0.59423			6
2024.08.02	02:12:54.838	0.59421	0.59422			6
2024.08.02	02:12:55.152	0.59420	0.59421			6
2024.08.02	02:13:00.349	0.59420				2
2024.08.02	02:13:07.242	0.59419				2
2024.08.02	02:13:08.507	0.59420	0.59422			6
2024.08.02	02:13:13.102	0.59421	0.59423			6
2024.08.02	02:13:14.114	0.59422				2
2024.08.02	02:13:14.417	0.59421				2
2024.08.02	02:13:14.809	0.59422	0.59424			6
2024.08.02	02:13:15.124	0.59423	0.59425			6
2024.08.02	02:13:20.655		0.59426			4
2024.08.02	02:13:25.425	0.59422	0.59425			6
2024.08.02	02:13:25.744		0.59424			4
2024.08.02	02:13:30.114		0.59425			4
2024.08.02	02:13:31.697	0.59423				2
2024.08.02	02:13:39.266		0.59426			4
2024.08.02	02:13:49.542	0.59424				2
2024.08.02	02:13:54.735	0.59423				2
2024.08.02	02:13:56.591	0.59425	0.59427			6
2024.08.02	02:13:57.665	0.59424				2
2024.08.02	02:14:03.420	0.59424				2
2024.08.02	02:14:04.933	0.59426	0.59429			6
2024.08.02	02:14:05.680	0.59427				2
2024.08.02	02:14:14.907		0.59428			4
2024.08.02	02:14:15.241	0.59428	0.59431			6
2024.08.02	02:14:18.265	0.59431	0.59432			6
2024.08.02	02:14:18.616	0.59430				2
2024.08.02	02:14:19.504	0.59431	0.59433			6
2024.08.02	02:14:33.887		0.59432			4
2024.08.02	02:14:35.279	0.59430				2
2024.08.02	02:14:35.584	0.59431				2
2024.08.02	02:14:42.312		0.59433			4
2024.08.02	02:14:48.757		0.59432			4
2024.08.02	02:14:50.252	0.59428	0.59430			6
2024.08.02	02:14:50.566	0.59424	0.59426			6
2024.08.02	02:14:52.829		0.59427			4
2024.08.02	02:14:54.374	0.59425				2
2024.08.02	02:14:54.675	0.59424				2
2024.08.02	02:15:00.128	0.59424				2
2024.08.02	02:15:18.102	0.59426				2
2024.08.02	02:15:18.433		0.59429			4
2024.08.02	02:15:19.081	0.59427	0.59430			6
2024.08.02	02:15:20.095	0.59428				2
2024.08.02	02:15:25.815	0.59427				2
2024.08.02	02:15:30.229	0.59428	0.59431			6
2024.08.02	02:15:35.176	0.59427	0.59430			6
2024.08.02	02:15:36.474	0.59426				2
2024.08.02	02:15:45.505	0.59428	0.59431			6
2024.08.02	02:15:45.915	0.59424	0.59427			6
2024.08.02	02:15:46.561	0.59425	0.59428			6
2024.08.02	02:15:50.146	0.59426	0.59429			6
2024.08.02	02:15:58.045	0.59425				2
2024.08.02	02:15:58.371	0.59426				2
2024.08.02	02:16:00.219	0.59426				2
2024.08.02	02:16:00.522	0.59427	0.59431			6
2024.08.02	02:16:01.171		0.59430			4
2024.08.02	02:16:01.782		0.59429			4
2024.08.02	02:16:02.410		0.59430			4
2024.08.02	02:16:03.159		0.59429			4
2024.08.02	02:16:03.766		0.59430			4
2024.08.02	02:16:06.969		0.59429			4
2024.08.02	02:16:15.154	0.59424	0.59427			6
2024.08.02	02:16:15.466	0.59425				2
2024.08.02	02:16:18.222	0.59424				2
2024.08.02	02:16:19.239	0.59425				2
2024.08.02	02:16:21.367	0.59424				2
2024.08.02	02:16:22.049		0.59428			4
2024.08.02	02:16:25.759	0.59427	0.59429			6
2024.08.02	02:16:30.333	0.59428				2
2024.08.02	02:16:30.643		0.59431			4
2024.08.02	02:16:31.061	0.59426	0.59429			6
2024.08.02	02:16:38.445	0.59425	0.59428			6
2024.08.02	02:16:39.217	0.59423	0.59427			6
2024.08.02	02:16:50.828	0.59426	0.59428			6
2024.08.02	02:16:51.131	0.59425				2
2024.08.02	02:16:53.807		0.59427			4
2024.08.02	02:16:56.056	0.59426				2
2024.08.02	02:16:56.846	0.59425				2
2024.08.02	02:16:57.676	0.59424	0.59426			6
2024.08.02	02:17:00.710	0.59424				2
2024.08.02	02:17:07.685	0.59422	0.59424			6
2024.08.02	02:17:14.727		0.59423			4
2024.08.02	02:17:15.999	0.59420	0.59422			6
2024.08.02	02:17:16.541	0.59419	0.59421			6
2024.08.02	02:17:26.859		0.59422			4
2024.08.02	02:17:41.826	0.59420				2
2024.08.02	02:17:48.002	0.59419	0.59420			6
2024.08.02	02:17:48.324	0.59418				2
2024.08.02	02:17:49.511	0.59419				2
2024.08.02	02:17:51.577	0.59420	0.59423			6
2024.08.02	02:17:52.549		0.59422			4
2024.08.02	02:17:53.853		0.59423			4
2024.08.02	02:17:55.139	0.59422	0.59425			6
2024.08.02	02:17:56.964		0.59424			4
2024.08.02	02:17:57.640	0.59424	0.59426			6
2024.08.02	02:17:59.452	0.59425	0.59428			6
2024.08.02	02:18:00.200	0.59425				2
2024.08.02	02:18:00.652	0.59430	0.59433			6
2024.08.02	02:18:01.272	0.59432	0.59435			6
2024.08.02	02:18:02.987		0.59436			4
2024.08.02	02:18:03.870	0.59434				2
2024.08.02	02:18:04.300	0.59436	0.59437			6
2024.08.02	02:18:07.776	0.59434				2
2024.08.02	02:18:12.093		0.59436			4
2024.08.02	02:18:12.852	0.59420	0.59423			6
2024.08.02	02:18:13.165	0.59424	0.59426			6
2024.08.02	02:18:14.722	0.59422				2
2024.08.02	02:18:15.449	0.59423				2
2024.08.02	02:18:15.920	0.59422				2
2024.08.02	02:18:17.955	0.59421	0.59424			6
2024.08.02	02:18:19.283	0.59420				2
2024.08.02	02:18:26.489		0.59423			4
2024.08.02	02:18:27.105	0.59419	0.59421			6
2024.08.02	02:18:27.428		0.59422			4
2024.08.02	02:18:27.740		0.59423			4
2024.08.02	02:18:29.622	0.59418	0.59422			6
2024.08.02	02:18:31.842		0.59421			4
2024.08.02	02:18:32.651		0.59422			4
2024.08.02	02:18:33.696		0.59421			4
2024.08.02	02:18:34.251		0.59422			4
2024.08.02	02:18:34.961	0.59416	0.59419			6
2024.08.02	02:18:52.385	0.59412	0.59414			6
2024.08.02	02:18:52.688	0.59410				2
2024.08.02	02:18:54.400	0.59412	0.59416			6
2024.08.02	02:19:00.355	0.59412				2
2024.08.02	02:19:13.966		0.59415			4
2024.08.02	02:19:15.395	0.59410	0.59413			6
2024.08.02	02:19:16.020	0.59409				2
2024.08.02	02:19:21.233	0.59403	0.59407			6
2024.08.02	02:19:22.345		0.59408			4
2024.08.02	02:19:22.648	0.59404				2
2024.08.02	02:19:24.416	0.59405				2
2024.08.02	02:19:25.417	0.59404				2
2024.08.02	02:19:27.852	0.59406	0.59410			6
2024.08.02	02:19:29.303	0.59407				2
2024.08.02	02:19:31.347		0.59411			4
2024.08.02	02:19:37.180	0.59408	0.59412			6
2024.08.02	02:19:37.514	0.59409				2
2024.08.02	02:19:37.825	0.59408				2
2024.08.02	02:19:38.693	0.59410				2
2024.08.02	02:19:39.327	0.59411	0.59414			6
2024.08.02	02:19:41.657	0.59409	0.59412			6
2024.08.02	02:19:42.351	0.59410	0.59413			6
2024.08.02	02:19:42.662	0.59408	0.59412			6
2024.08.02	02:19:43.387	0.59409				2
2024.08.02	02:19:45.175	0.59410	0.59413			6
2024.08.02	02:19:45.485		0.59414			4
2024.08.02	02:19:45.868	0.59412	0.59415			6
2024.08.02	02:19:48.802	0.59411				2
2024.08.02	02:19:49.165	0.59413	0.59416			6
2024.08.02	02:19:49.780	0.59417	0.59421			6
2024.08.02	02:19:50.083	0.59416	0.59420			6
2024.08.02	02:19:50.390	0.59417				2
2024.08.02	02:19:50.955	0.59416				2
2024.08.02	02:19:51.265	0.59417				2
2024.08.02	02:19:53.967	0.59418				2
2024.08.02	02:19:55.663	0.59417				2
2024.08.02	02:19:55.969	0.59416				2
2024.08.02	02:19:56.696	0.59417				2
2024.08.02	02:19:57.003	0.59416				2
2024.08.02	02:19:58.368	0.59412	0.59415			6
2024.08.02	02:19:58.683	0.59411				2
2024.08.02	02:20:00.207	0.59411				2
2024.08.02	02:20:02.350	0.59410				2
2024.08.02	02:20:02.663	0.59409	0.59414			6
2024.08.02	02:20:04.500	0.59410	0.59415			6
2024.08.02	02:20:05.082	0.59409	0.59414			6
2024.08.02	02:20:05.799		0.59415			4
2024.08.02	02:20:06.103	0.59411	0.59413			6
2024.08.02	02:20:06.429	0.59409				2
2024.08.02	02:20:06.923	0.59402	0.59406			6
2024.08.02	02:20:07.237	0.59400	0.59404			6
2024.08.02	02:20:08.853		0.59405			4
2024.08.02	02:20:12.062	0.59401	0.59404			6
2024.08.02	02:20:12.365	0.59400				2
2024.08.02	02:20:13.724	0.59399				2
2024.08.02	02:20:15.912	0.59400				2
2024.08.02	02:20:16.535	0.59398	0.59402			6
2024.08.02	02:20:16.867	0.59393	0.59398			6
2024.08.02	02:20:19.533	0.59394				2
2024.08.02	02:20:20.522		0.59399			4
2024.08.02	02:20:21.402	0.59398	0.59402			6
2024.08.02	02:20:21.713	0.59399	0.59403			6
2024.08.02	02:20:22.965	0.59400	0.59405			6
2024.08.02	02:20:23.689	0.59399	0.59404			6
2024.08.02	02:20:24.123		0.59403			4
2024.08.02	02:20:26.372	0.59402	0.59407			6
2024.08.02	02:20:26.904	0.59403				2
2024.08.02	02:20:32.274	0.59405	0.59410			6
2024.08.02	02:20:32.763	0.59404	0.59408			6
2024.08.02	02:20:38.714	0.59405	0.59409			6
2024.08.02	02:20:39.379	0.59406	0.59411			6
2024.08.02	02:20:43.616	0.59404	0.59408			6
2024.08.02	02:20:44.754	0.59403				2
2024.08.02	02:20:48.487	0.59402	0.59406			6
2024.08.02	02:20:52.060	0.59401	0.59405			6
2024.08.02	02:20:52.753		0.59406			4
2024.08.02	02:20:53.664	0.59404	0.59408			6
2024.08.02	02:20:53.975	0.59402	0.59406			6
2024.08.02	02:20:54.982	0.59403	0.59407			6
2024.08.02	02:20:56.384	0.59402				2
2024.08.02	02:20:57.380	0.59404				2
2024.08.02	02:20:57.683	0.59403				2
2024.08.02	02:21:00.373	0.59403				2
2024.08.02	02:21:00.705	0.59402				2
2024.08.02	02:21:06.864		0.59406			4
2024.08.02	02:21:13.365	0.59404	0.59407			6
2024.08.02	02:21:13.680	0.59402				2
2024.08.02	02:21:14.021	0.59403				2
2024.08.02	02:21:15.554	0.59402				2
2024.08.02	02:21:17.645		0.59406			4
2024.08.02	02:21:20.351		0.59405			4
2024.08.02	02:21:21.018	0.59400				2
2024.08.02	02:21:24.223	0.59398	0.59402			6
2024.08.02	02:21:26.026	0.59399	0.59403			6
2024.08.02	02:21:30.626	0.59398				2
2024.08.02	02:21:34.045	0.59399				2
2024.08.02	02:21:34.364	0.59400	0.59404			6
2024.08.02	02:21:39.684	0.59401				2
2024.08.02	02:21:40.326	0.59400				2
2024.08.02	02:21:40.628	0.59401				2
2024.08.02	02:21:41.212	0.59400				2
2024.08.02	02:21:41.545	0.59401				2
2024.08.02	02:21:46.368	0.59400				2
2024.08.02	02:21:47.413	0.59401				2
2024.08.02	02:21:48.039		0.59406			4
2024.08.02	02:21:48.655		0.59405			4
2024.08.02	02:21:50.601		0.59402			4
2024.08.02	02:21:51.264		0.59405			4
2024.08.02	02:21:53.957	0.59400	0.59404			6
2024.08.02	02:21:54.266	0.59399	0.59403			6
2024.08.02	02:21:55.303	0.59401	0.59404			6
2024.08.02	02:22:00.082	0.59401				2
2024.08.02	02:22:02.417	0.59403				2
2024.08.02	02:22:03.124	0.59401				2
2024.08.02	02:22:04.537	0.59399				2
2024.08.02	02:22:04.845		0.59403			4
2024.08.02	02:22:06.522	0.59401				2
2024.08.02	02:22:06.829	0.59402				2
2024.08.02	02:22:07.548	0.59399				2
2024.08.02	02:22:08.293		0.59404			4
2024.08.02	02:22:08.813	0.59398	0.59402			6
2024.08.02	02:22:09.310	0.59397				2
2024.08.02	02:22:10.153	0.59398				2
2024.08.02	02:22:11.352	0.59399	0.59403			6
2024.08.02	02:22:11.664	0.59400				2
2024.08.02	02:22:11.984	0.59401				2
2024.08.02	02:22:14.030		0.59404			4
2024.08.02	02:22:26.150	0.59400				2
2024.08.02	02:22:28.953	0.59401				2
2024.08.02	02:22:32.273		0.59405			4
2024.08.02	02:23:00.718	0.59401				2
2024.08.02	02:23:10.404	0.59402				2
2024.08.02	02:23:12.500	0.59401				2
2024.08.02	02:23:13.162	0.59402				2
2024.08.02	02:23:13.764	0.59401				2
2024.08.02	02:23:17.742	0.59402	0.59406			6
2024.08.02	02:23:18.765	0.59405	0.59410			6
2024.08.02	02:23:19.616	0.59406				2
2024.08.02	02:23:22.502	0.59407				2
2024.08.02	02:23:23.388	0.59406				2
2024.08.02	02:23:25.920	0.59407				2
2024.08.02	02:23:29.111	0.59408				2
2024.08.02	02:23:29.960	0.59407				2
2024.08.02	02:23:30.293	0.59408				2
2024.08.02	02:23:30.730	0.59407				2
2024.08.02	02:23:31.389	0.59408				2
2024.08.02	02:23:33.951	0.59407				2
2024.08.02	02:23:38.288	0.59406				2
2024.08.02	02:23:38.944	0.59407				2
2024.08.02	02:23:39.692	0.59406				2
2024.08.02	02:23:40.014	0.59409	0.59412			6
2024.08.02	02:23:40.366	0.59408				2
2024.08.02	02:23:40.704	0.59409				2
2024.08.02	02:23:41.023	0.59410	0.59413			6
2024.08.02	02:23:41.344		0.59414			4
2024.08.02	02:23:41.647	0.59411				2
2024.08.02	02:23:46.140	0.59412	0.59415			6
2024.08.02	02:23:49.919	0.59411				2
2024.08.02	02:23:51.729		0.59414			4
2024.08.02	02:23:52.063		0.59415			4
2024.08.02	02:24:00.228	0.59411				2
2024.08.02	02:24:02.254	0.59412				2
2024.08.02	02:24:05.980	0.59410				2
2024.08.02	02:24:06.859	0.59411				2
2024.08.02	02:24:08.089	0.59412				2
2024.08.02	02:24:08.828	0.59413				2
2024.08.02	02:24:09.433		0.59416			4
2024.08.02	02:24:17.849	0.59410	0.59413			6
2024.08.02	02:24:18.207		0.59414			4
2024.08.02	02:24:18.521	0.59411	0.59415			6
2024.08.02	02:24:18.823	0.59412				2
2024.08.02	02:24:20.541	0.59411				2
2024.08.02	02:24:20.902	0.59410				2
2024.08.02	02:24:23.276	0.59411				2
2024.08.02	02:24:23.783	0.59410				2
2024.08.02	02:24:24.388	0.59411				2
2024.08.02	02:24:25.030	0.59410	0.59414			6
2024.08.02	02:24:25.681	0.59411				2
2024.08.02	02:24:26.806	0.59410				2
2024.08.02	02:24:27.122	0.59411				2
2024.08.02	02:24:31.378		0.59415			4
2024.08.02	02:24:32.108	0.59412				2
2024.08.02	02:24:36.064	0.59411				2
2024.08.02	02:24:40.090	0.59412				2
2024.08.02	02:24:41.830	0.59414	0.59417			6
2024.08.02	02:24:42.184		0.59419			4
2024.08.02	02:24:43.206	0.59415				2
2024.08.02	02:24:46.626		0.59420			4
2024.08.02	02:24:46.932		0.59419			4
2024.08.02	02:24:50.360	0.59416	0.59420			6
2024.08.02	02:24:52.066	0.59417				2
2024.08.02	02:24:52.658	0.59415	0.59419			6
2024.08.02	02:24:56.192		0.59418			4
2024.08.02	02:24:56.497	0.59414	0.59417			6
2024.08.02	02:24:56.966	0.59413				2
2024.08.02	02:25:00.448	0.59413				2
2024.08.02	02:25:05.051	0.59415	0.59418			6
2024.08.02	02:25:07.430		0.59419			4
2024.08.02	02:25:08.201	0.59414	0.59417			6
2024.08.02	02:25:11.756		0.59418			4
2024.08.02	02:25:12.723	0.59415	0.59419			6
2024.08.02	02:25:26.513	0.59414	0.59417			6
2024.08.02	02:25:32.661	0.59415	0.59419			6
2024.08.02	02:25:33.753		0.59418			4
2024.08.02	02:25:40.803		0.59419			4
2024.08.02	02:25:42.212	0.59416				2
2024.08.02	02:25:44.142	0.59415				2
2024.08.02	02:26:00.263	0.59415				2
2024.08.02	02:26:02.104		0.59418			4
2024.08.02	02:26:02.413	0.59414	0.59417			6
2024.08.02	02:26:07.223		0.59416			4
