<DATE>	<TIME>	<BID>	<ASK>	<LAST>	<VOLUME>	<FLAGS>
2024.08.01	00:00:00.447	0.59468	0.59530			6
2024.08.01	00:00:00.808	0.59390	0.59590			6
2024.08.01	00:00:01.755	0.59384	0.59584			6
2024.08.01	00:00:02.443	0.59394	0.59594			6
2024.08.01	00:00:02.795	0.59402				2
2024.08.01	00:00:06.035	0.59403				2
2024.08.01	00:01:01.574	0.59408				2
2024.08.01	00:01:02.419		0.59593			4
2024.08.01	00:01:03.518	0.59409				2
2024.08.01	00:01:35.040		0.59602			4
2024.08.01	00:02:01.014	0.59409				2
2024.08.01	00:02:03.085		0.59600			4
2024.08.01	00:02:03.516	0.59414				2
2024.08.01	00:03:00.989	0.59414				2
2024.08.01	00:03:03.114		0.59600			4
2024.08.01	00:03:03.512	0.59419				2
2024.08.01	00:03:25.034		0.59606			4
2024.08.01	00:03:27.069		0.59605			4
2024.08.01	00:04:00.617	0.59419				2
2024.08.01	00:04:20.037		0.59604			4
2024.08.01	00:04:40.640		0.59602			4
2024.08.01	00:05:00.552	0.59419				2
2024.08.01	00:05:03.258	0.59483				2
2024.08.01	00:05:05.043	0.59482				2
2024.08.01	00:05:07.048	0.59484				2
2024.08.01	00:05:10.848	0.59483				2
2024.08.01	00:05:13.041	0.59480				2
2024.08.01	00:05:14.042	0.59473	0.59595			6
2024.08.01	00:05:16.675	0.59471	0.59593			6
2024.08.01	00:05:17.678	0.59470	0.59592			6
2024.08.01	00:05:19.040	0.59469	0.59591			6
2024.08.01	00:05:20.781		0.59575			4
2024.08.01	00:05:22.482	0.59466	0.59572			6
2024.08.01	00:05:23.573	0.59465				2
2024.08.01	00:05:24.848	0.59464	0.59570			6
2024.08.01	00:05:29.488		0.59567			4
2024.08.01	00:05:31.038	0.59462				2
2024.08.01	00:05:31.876	0.59461				2
2024.08.01	00:05:32.682		0.59556			4
2024.08.01	00:05:33.314	0.59454	0.59566			6
2024.08.01	00:05:34.426	0.59458				2
2024.08.01	00:05:36.427	0.59457				2
2024.08.01	00:05:37.484	0.59456				2
2024.08.01	00:05:38.488	0.59455				2
2024.08.01	00:05:38.806		0.59560			4
2024.08.01	00:05:40.745	0.59453				2
2024.08.01	00:05:42.042	0.59452				2
2024.08.01	00:05:43.040		0.59543			4
2024.08.01	00:05:43.342		0.59554			4
2024.08.01	00:05:44.043	0.59450				2
2024.08.01	00:05:45.812	0.59449	0.59553			6
2024.08.01	00:05:46.681		0.59549			4
2024.08.01	00:05:50.005		0.59545			4
2024.08.01	00:05:50.503		0.59544			4
2024.08.01	00:05:51.012	0.59446				2
2024.08.01	00:05:52.043	0.59445				2
2024.08.01	00:05:53.528		0.59538			4
2024.08.01	00:05:57.044	0.59444				2
2024.08.01	00:06:00.315	0.59444				2
2024.08.01	00:06:02.042	0.59442				2
2024.08.01	00:06:03.055	0.59443				2
2024.08.01	00:06:06.837	0.59440				2
2024.08.01	00:06:08.043	0.59444				2
2024.08.01	00:06:42.051	0.59443				2
2024.08.01	00:06:48.100	0.59445	0.59543			6
2024.08.01	00:06:50.108	0.59444	0.59541			6
2024.08.01	00:06:54.413	0.59440				2
2024.08.01	00:07:00.316	0.59440				2
2024.08.01	00:07:02.596		0.59540			4
2024.08.01	00:07:05.321	0.59441				2
2024.08.01	00:07:16.443	0.59442				2
2024.08.01	00:07:25.395	0.59443	0.59539			6
2024.08.01	00:07:26.383	0.59448	0.59536			6
2024.08.01	00:07:36.302	0.59450				2
2024.08.01	00:07:41.480	0.59456	0.59538			6
2024.08.01	00:08:01.009	0.59456				2
2024.08.01	00:08:29.257	0.59457				2
2024.08.01	00:08:40.157		0.59539			4
2024.08.01	00:09:00.360	0.59457				2
2024.08.01	00:09:20.982	0.59459	0.59536			6
2024.08.01	00:09:26.983	0.59454				2
2024.08.01	00:09:59.776	0.59455	0.59533			6
2024.08.01	00:10:00.442	0.59455	0.59532			6
2024.08.01	00:10:02.731		0.59531			4
2024.08.01	00:10:21.486	0.59459	0.59532			6
2024.08.01	00:10:45.721		0.59531			4
2024.08.01	00:11:02.952	0.59459				2
2024.08.01	00:11:21.423		0.59530			4
2024.08.01	00:11:56.085		0.59529			4
2024.08.01	00:12:00.362	0.59459				2
2024.08.01	00:12:07.798		0.59527			4
2024.08.01	00:12:09.958		0.59526			4
2024.08.01	00:12:14.179		0.59527			4
2024.08.01	00:12:15.281		0.59526			4
2024.08.01	00:12:24.247		0.59527			4
2024.08.01	00:12:31.374		0.59526			4
2024.08.01	00:12:44.331		0.59525			4
2024.08.01	00:12:46.334	0.59449	0.59521			6
2024.08.01	00:12:46.651	0.59448				2
2024.08.01	00:12:47.486	0.59451				2
2024.08.01	00:12:47.824	0.59450				2
2024.08.01	00:12:48.159	0.59451	0.59520			6
2024.08.01	00:12:48.483	0.59449	0.59529			6
2024.08.01	00:12:49.805	0.59451				2
2024.08.01	00:12:50.364	0.59455	0.59526			6
2024.08.01	00:12:50.744		0.59525			4
2024.08.01	00:13:00.425	0.59455	0.59524			6
2024.08.01	00:13:01.056	0.59458	0.59526			6
2024.08.01	00:13:11.299	0.59459	0.59527			6
2024.08.01	00:13:20.426		0.59526			4
2024.08.01	00:13:31.006	0.59458				2
2024.08.01	00:13:31.312	0.59459				2
2024.08.01	00:13:41.008	0.59458				2
2024.08.01	00:13:43.621		0.59525			4
2024.08.01	00:13:48.281	0.59456	0.59526			6
2024.08.01	00:13:48.804	0.59457				2
2024.08.01	00:13:51.137		0.59525			4
2024.08.01	00:13:51.936	0.59458				2
2024.08.01	00:13:57.214		0.59526			4
2024.08.01	00:14:01.105	0.59460	0.59524			6
2024.08.01	00:14:07.339	0.59458	0.59525			6
2024.08.01	00:14:10.187	0.59457	0.59524			6
2024.08.01	00:14:12.311	0.59455				2
2024.08.01	00:14:13.045	0.59461	0.59526			6
2024.08.01	00:14:22.311	0.59458	0.59527			6
2024.08.01	00:14:29.139	0.59457	0.59526			6
2024.08.01	00:14:52.956	0.59454				2
2024.08.01	00:15:00.186	0.59454				2
2024.08.01	00:15:04.353		0.59528			4
2024.08.01	00:15:13.400	0.59453	0.59527			6
2024.08.01	00:15:18.909		0.59532			4
2024.08.01	00:15:23.394		0.59537			4
2024.08.01	00:15:25.720		0.59532			4
2024.08.01	00:15:33.966		0.59533			4
2024.08.01	00:15:54.725		0.59534			4
2024.08.01	00:16:00.825	0.59453				2
2024.08.01	00:16:04.250		0.59533			4
2024.08.01	00:16:08.293	0.59454	0.59534			6
2024.08.01	00:16:09.248	0.59452				2
2024.08.01	00:16:09.617		0.59533			4
2024.08.01	00:16:24.431		0.59534			4
2024.08.01	00:16:32.094	0.59456				2
2024.08.01	00:16:34.683	0.59455	0.59533			6
2024.08.01	00:16:35.051		0.59534			4
2024.08.01	00:16:44.884		0.59535			4
2024.08.01	00:16:45.423		0.59533			4
2024.08.01	00:16:51.187		0.59534			4
2024.08.01	00:16:51.666		0.59535			4
2024.08.01	00:16:54.877		0.59534			4
2024.08.01	00:17:00.299	0.59456				2
2024.08.01	00:17:05.308		0.59532			4
2024.08.01	00:17:07.783	0.59454				2
2024.08.01	00:17:09.469		0.59531			4
2024.08.01	00:17:10.320		0.59533			4
2024.08.01	00:17:14.949		0.59531			4
2024.08.01	00:17:17.990	0.59456				2
2024.08.01	00:17:22.023		0.59532			4
2024.08.01	00:17:25.529	0.59457				2
2024.08.01	00:17:25.920		0.59531			4
2024.08.01	00:17:27.386	0.59456				2
2024.08.01	00:17:27.885	0.59457	0.59530			6
2024.08.01	00:17:30.131		0.59532			4
2024.08.01	00:17:30.551	0.59456	0.59531			6
2024.08.01	00:17:35.520	0.59457	0.59532			6
2024.08.01	00:17:35.851	0.59458				2
2024.08.01	00:18:04.807	0.59458				2
2024.08.01	00:18:35.863		0.59532			4
2024.08.01	00:19:01.154	0.59458				2
2024.08.01	00:19:21.420		0.59531			4
2024.08.01	00:19:26.927		0.59532			4
2024.08.01	00:19:38.521		0.59531			4
2024.08.01	00:19:39.419		0.59532			4
2024.08.01	00:19:43.325		0.59531			4
2024.08.01	00:19:48.074		0.59532			4
2024.08.01	00:20:00.956	0.59458	0.59531			6
2024.08.01	00:20:01.322		0.59532			4
2024.08.01	00:20:27.503		0.59531			4
2024.08.01	00:20:28.021		0.59532			4
2024.08.01	00:20:42.825		0.59531			4
2024.08.01	00:20:48.186		0.59532			4
2024.08.01	00:20:51.430		0.59531			4
2024.08.01	00:21:00.122	0.59458	0.59532			6
2024.08.01	00:21:30.201		0.59531			4
2024.08.01	00:21:34.724		0.59532			4
2024.08.01	00:21:41.222		0.59531			4
2024.08.01	00:21:58.817		0.59532			4
2024.08.01	00:21:59.138		0.59531			4
2024.08.01	00:22:00.462	0.59458				2
2024.08.01	00:22:05.297		0.59532			4
2024.08.01	00:22:26.411		0.59531			4
2024.08.01	00:22:49.692		0.59530			4
2024.08.01	00:22:55.724		0.59531			4
2024.08.01	00:23:01.885	0.59458				2
2024.08.01	00:23:12.116		0.59532			4
2024.08.01	00:23:16.987		0.59531			4
2024.08.01	00:23:22.302	0.59459				2
2024.08.01	00:23:22.811	0.59461	0.59532			6
2024.08.01	00:23:26.716		0.59531			4
2024.08.01	00:23:31.722		0.59530			4
2024.08.01	00:23:32.560	0.59455	0.59532			6
2024.08.01	00:23:33.545		0.59531			4
2024.08.01	00:23:34.095	0.59459	0.59530			6
2024.08.01	00:23:34.460		0.59532			4
2024.08.01	00:23:41.506		0.59531			4
2024.08.01	00:23:42.604		0.59532			4
2024.08.01	00:23:56.497		0.59531			4
2024.08.01	00:23:57.261		0.59530			4
2024.08.01	00:24:01.751	0.59459				2
2024.08.01	00:24:11.028		0.59531			4
2024.08.01	00:24:51.921		0.59530			4
2024.08.01	00:25:04.756	0.59459				2
2024.08.01	00:25:15.437		0.59532			4
2024.08.01	00:26:01.210	0.59459				2
2024.08.01	00:26:17.626		0.59532			4
2024.08.01	00:26:33.643	0.59462	0.59529			6
2024.08.01	00:26:43.391	0.59460				2
2024.08.01	00:26:46.181	0.59459	0.59520			6
2024.08.01	00:26:56.990		0.59522			4
2024.08.01	00:27:01.200	0.59459				2
2024.08.01	00:27:03.929	0.59458	0.59543			6
2024.08.01	00:27:14.216	0.59464	0.59547			6
2024.08.01	00:27:14.740	0.59466				2
2024.08.01	00:27:18.417	0.59464				2
2024.08.01	00:27:18.831	0.59466				2
2024.08.01	00:27:19.696	0.59467				2
2024.08.01	00:27:21.854	0.59466				2
2024.08.01	00:27:23.162	0.59468				2
2024.08.01	00:27:24.306	0.59470				2
2024.08.01	00:27:25.743		0.59549			4
2024.08.01	00:27:28.625		0.59551			4
2024.08.01	00:27:45.882	0.59484	0.59554			6
2024.08.01	00:27:48.493		0.59558			4
2024.08.01	00:27:53.017	0.59486				2
2024.08.01	00:27:55.086		0.59562			4
2024.08.01	00:27:55.951	0.59488	0.59561			6
2024.08.01	00:27:56.637		0.59562			4
2024.08.01	00:27:58.330		0.59563			4
2024.08.01	00:28:00.607	0.59488	0.59564			6
2024.08.01	00:28:04.548		0.59563			4
2024.08.01	00:28:08.487		0.59562			4
2024.08.01	00:28:19.537	0.59491	0.59570			6
2024.08.01	00:28:21.131		0.59566			4
2024.08.01	00:28:31.343	0.59495	0.59570			6
2024.08.01	00:28:34.516		0.59569			4
2024.08.01	00:28:35.100		0.59570			4
2024.08.01	00:28:51.508		0.59569			4
2024.08.01	00:29:04.738	0.59495	0.59570			6
2024.08.01	00:29:06.067		0.59571			4
2024.08.01	00:29:12.866	0.59500				2
2024.08.01	00:29:14.280	0.59498				2
2024.08.01	00:30:00.388	0.59496	0.59567			6
2024.08.01	00:30:00.844		0.59565			4
2024.08.01	00:30:02.624		0.59564			4
2024.08.01	00:30:03.195		0.59563			4
2024.08.01	00:30:05.321		0.59562			4
2024.08.01	00:30:10.718		0.59561			4
2024.08.01	00:30:19.072		0.59562			4
2024.08.01	00:30:20.585		0.59561			4
2024.08.01	00:30:22.666		0.59560			4
2024.08.01	00:30:23.022	0.59494				2
2024.08.01	00:30:23.410		0.59559			4
2024.08.01	00:30:25.852		0.59560			4
2024.08.01	00:30:29.228		0.59559			4
2024.08.01	00:30:30.065		0.59558			4
2024.08.01	00:30:30.422		0.59559			4
2024.08.01	00:30:33.297		0.59560			4
2024.08.01	00:30:36.091		0.59559			4
2024.08.01	00:30:39.379		0.59560			4
2024.08.01	00:30:44.627	0.59496	0.59561			6
2024.08.01	00:30:48.392		0.59559			4
2024.08.01	00:30:55.562		0.59533			4
2024.08.01	00:30:57.355	0.59494				2
2024.08.01	00:31:00.121	0.59494				2
2024.08.01	00:31:16.722	0.59495				2
2024.08.01	00:31:28.534	0.59494				2
2024.08.01	00:31:57.111		0.59533			4
2024.08.01	00:32:00.321	0.59494				2
2024.08.01	00:32:08.854	0.59495				2
2024.08.01	00:32:29.219	0.59494				2
2024.08.01	00:32:41.008	0.59496				2
2024.08.01	00:32:41.317	0.59495				2
2024.08.01	00:32:57.218		0.59533			4
2024.08.01	00:33:01.183	0.59495				2
2024.08.01	00:33:56.910	0.59494				2
2024.08.01	00:33:57.268		0.59533			4
2024.08.01	00:34:01.148	0.59494				2
2024.08.01	00:34:57.511		0.59533			4
2024.08.01	00:35:02.221	0.59494				2
2024.08.01	00:35:05.987	0.59489	0.59542			6
2024.08.01	00:35:06.474	0.59491	0.59541			6
2024.08.01	00:35:07.193	0.59456	0.59554			6
2024.08.01	00:35:07.525	0.59459	0.59550			6
2024.08.01	00:35:08.135	0.59456	0.59551			6
2024.08.01	00:35:08.469		0.59550			4
2024.08.01	00:35:08.797		0.59551			4
2024.08.01	00:35:09.749	0.59459	0.59544			6
2024.08.01	00:35:10.068	0.59458	0.59537			6
2024.08.01	00:35:10.369	0.59457				2
2024.08.01	00:35:10.679	0.59466	0.59535			6
2024.08.01	00:35:10.985	0.59465				2
2024.08.01	00:35:11.301	0.59466	0.59534			6
2024.08.01	00:35:11.607	0.59461	0.59531			6
2024.08.01	00:35:12.598	0.59463				2
2024.08.01	00:35:12.898	0.59465	0.59529			6
2024.08.01	00:35:13.205	0.59463	0.59531			6
2024.08.01	00:35:13.588	0.59464	0.59527			6
2024.08.01	00:35:13.907	0.59462	0.59529			6
2024.08.01	00:35:14.213	0.59466	0.59530			6
2024.08.01	00:35:14.513	0.59469	0.59531			6
2024.08.01	00:35:14.818	0.59467	0.59530			6
2024.08.01	00:35:16.417	0.59466				2
2024.08.01	00:35:17.289	0.59468				2
2024.08.01	00:35:19.361	0.59465	0.59528			6
2024.08.01	00:35:19.724	0.59467	0.59529			6
2024.08.01	00:35:20.044		0.59528			4
2024.08.01	00:35:24.307		0.59527			4
2024.08.01	00:35:26.923		0.59528			4
2024.08.01	00:35:28.646	0.59465	0.59525			6
2024.08.01	00:35:30.839		0.59527			4
2024.08.01	00:35:31.271	0.59466				2
2024.08.01	00:35:32.321		0.59526			4
2024.08.01	00:35:34.518		0.59527			4
2024.08.01	00:35:35.038	0.59467	0.59526			6
2024.08.01	00:35:36.826		0.59527			4
2024.08.01	00:35:46.384		0.59526			4
2024.08.01	00:35:47.517	0.59465	0.59525			6
2024.08.01	00:35:47.920		0.59524			4
2024.08.01	00:35:48.229	0.59467	0.59519			6
2024.08.01	00:35:48.536	0.59465	0.59521			6
2024.08.01	00:35:49.020	0.59467				2
2024.08.01	00:35:49.325	0.59468	0.59522			6
2024.08.01	00:35:55.105		0.59525			4
2024.08.01	00:35:55.795	0.59469	0.59524			6
2024.08.01	00:36:00.527	0.59469				2
2024.08.01	00:36:05.156		0.59523			4
2024.08.01	00:36:06.444	0.59462	0.59519			6
2024.08.01	00:36:07.020		0.59518			4
2024.08.01	00:36:07.452		0.59519			4
2024.08.01	00:36:07.957	0.59460	0.59517			6
2024.08.01	00:36:08.261	0.59455	0.59520			6
2024.08.01	00:36:08.652		0.59519			4
2024.08.01	00:36:09.290		0.59516			4
2024.08.01	00:36:10.608	0.59457				2
2024.08.01	00:36:10.917		0.59514			4
2024.08.01	00:36:11.221		0.59516			4
2024.08.01	00:36:11.547	0.59459	0.59518			6
2024.08.01	00:36:11.878	0.59458	0.59517			6
2024.08.01	00:36:12.277		0.59518			4
2024.08.01	00:36:12.595	0.59461	0.59519			6
2024.08.01	00:36:12.928	0.59462				2
2024.08.01	00:36:14.505	0.59463	0.59522			6
2024.08.01	00:36:14.918	0.59462	0.59525			6
2024.08.01	00:36:15.599	0.59464	0.59522			6
2024.08.01	00:36:16.257	0.59465	0.59525			6
2024.08.01	00:36:16.566		0.59523			4
2024.08.01	00:36:16.869	0.59462	0.59521			6
2024.08.01	00:36:17.359	0.59464	0.59523			6
2024.08.01	00:36:18.178		0.59522			4
2024.08.01	00:36:18.636		0.59523			4
2024.08.01	00:36:19.777	0.59466				2
2024.08.01	00:36:20.080	0.59465				2
2024.08.01	00:36:21.007	0.59463	0.59521			6
2024.08.01	00:36:21.353	0.59464	0.59522			6
2024.08.01	00:36:21.684		0.59521			4
2024.08.01	00:36:24.423	0.59463				2
2024.08.01	00:36:24.904	0.59464	0.59520			6
2024.08.01	00:36:25.293		0.59521			4
2024.08.01	00:36:25.736	0.59465				2
2024.08.01	00:36:26.068	0.59466	0.59523			6
2024.08.01	00:36:28.350		0.59521			4
2024.08.01	00:36:28.734	0.59465				2
2024.08.01	00:36:30.981		0.59522			4
2024.08.01	00:36:32.316	0.59466				2
2024.08.01	00:36:35.392	0.59465				2
2024.08.01	00:36:35.757	0.59466				2
2024.08.01	00:36:39.702	0.59467	0.59523			6
2024.08.01	00:36:40.187	0.59466				2
2024.08.01	00:36:43.624	0.59467	0.59522			6
2024.08.01	00:36:51.458	0.59466	0.59521			6
2024.08.01	00:36:56.176	0.59467	0.59522			6
2024.08.01	00:37:00.840	0.59467				2
2024.08.01	00:37:01.703	0.59468				2
2024.08.01	00:37:02.098	0.59469				2
2024.08.01	00:37:03.695	0.59468				2
2024.08.01	00:37:04.094	0.59469				2
2024.08.01	00:37:07.094	0.59468				2
2024.08.01	00:37:11.223	0.59469				2
2024.08.01	00:37:14.946	0.59470				2
2024.08.01	00:37:15.594	0.59468				2
2024.08.01	00:37:16.412	0.59471				2
2024.08.01	00:37:16.775	0.59469				2
2024.08.01	00:37:17.108	0.59468				2
2024.08.01	00:37:18.401	0.59469				2
2024.08.01	00:37:18.731	0.59468				2
2024.08.01	00:37:36.383	0.59467				2
2024.08.01	00:37:52.461	0.59468				2
2024.08.01	00:37:54.701	0.59467				2
2024.08.01	00:37:55.563	0.59466				2
2024.08.01	00:37:56.667	0.59467	0.59522			6
2024.08.01	00:37:57.133	0.59468				2
2024.08.01	00:37:57.680	0.59467				2
2024.08.01	00:38:01.737	0.59467				2
2024.08.01	00:38:04.730	0.59466				2
2024.08.01	00:38:06.919	0.59459	0.59515			6
2024.08.01	00:38:07.222	0.59465	0.59520			6
2024.08.01	00:38:07.524	0.59462	0.59521			6
2024.08.01	00:38:07.840	0.59460	0.59522			6
2024.08.01	00:38:08.301	0.59462	0.59520			6
2024.08.01	00:38:08.612	0.59465	0.59522			6
2024.08.01	00:38:09.228	0.59462				2
2024.08.01	00:38:09.539	0.59464				2
2024.08.01	00:38:09.879		0.59525			4
2024.08.01	00:38:10.285		0.59523			4
2024.08.01	00:38:10.910	0.59467	0.59525			6
2024.08.01	00:38:11.339	0.59466				2
2024.08.01	00:38:11.643	0.59465				2
2024.08.01	00:38:11.943	0.59468				2
2024.08.01	00:38:12.561	0.59469				2
2024.08.01	00:38:13.208	0.59468				2
2024.08.01	00:38:13.516	0.59469				2
2024.08.01	00:38:14.135	0.59470				2
2024.08.01	00:38:15.183	0.59468				2
2024.08.01	00:38:15.825	0.59470				2
2024.08.01	00:38:16.137	0.59469				2
2024.08.01	00:38:16.449	0.59472				2
2024.08.01	00:38:16.753	0.59468				2
2024.08.01	00:38:17.058	0.59470	0.59524			6
2024.08.01	00:38:17.361		0.59525			4
2024.08.01	00:38:17.661	0.59467				2
2024.08.01	00:38:18.284	0.59468				2
2024.08.01	00:38:19.424	0.59467	0.59523			6
2024.08.01	00:38:19.732	0.59468	0.59525			6
2024.08.01	00:38:20.343	0.59469				2
2024.08.01	00:38:20.646	0.59467	0.59524			6
2024.08.01	00:38:20.957	0.59470	0.59525			6
2024.08.01	00:38:21.471	0.59469				2
2024.08.01	00:38:21.779	0.59467				2
2024.08.01	00:38:22.085	0.59468				2
2024.08.01	00:38:22.394	0.59467				2
2024.08.01	00:38:23.000	0.59470				2
2024.08.01	00:38:23.302	0.59466				2
2024.08.01	00:38:23.607	0.59465				2
2024.08.01	00:38:23.908	0.59468				2
2024.08.01	00:38:24.210	0.59465	0.59520			6
2024.08.01	00:38:24.515	0.59464	0.59519			6
2024.08.01	00:38:24.822	0.59460	0.59520			6
2024.08.01	00:38:25.123	0.59463				2
2024.08.01	00:38:26.428	0.59465				2
2024.08.01	00:38:26.741	0.59466				2
2024.08.01	00:38:27.482	0.59465				2
2024.08.01	00:38:27.787	0.59466				2
2024.08.01	00:38:28.392	0.59467				2
2024.08.01	00:38:29.159	0.59465				2
2024.08.01	00:38:30.118	0.59467				2
2024.08.01	00:38:30.774	0.59463	0.59515			6
2024.08.01	00:38:31.075	0.59466				2
2024.08.01	00:38:31.378	0.59465				2
2024.08.01	00:38:31.681	0.59464				2
2024.08.01	00:38:32.301	0.59467				2
2024.08.01	00:38:34.794	0.59468				2
2024.08.01	00:38:38.128	0.59474	0.59513			6
2024.08.01	00:38:41.431	0.59472				2
2024.08.01	00:38:42.356	0.59473				2
2024.08.01	00:38:42.677	0.59476	0.59516			6
2024.08.01	00:38:48.351	0.59478				2
2024.08.01	00:38:52.960	0.59483				2
2024.08.01	00:38:57.529		0.59513			4
2024.08.01	00:39:00.261	0.59483				2
2024.08.01	00:39:07.573		0.59516			4
2024.08.01	00:40:08.933	0.59484	0.59516			6
2024.08.01	00:40:13.731	0.59483				2
2024.08.01	00:40:41.627	0.59484				2
2024.08.01	00:40:46.563	0.59483				2
2024.08.01	00:41:07.567	0.59483				2
2024.08.01	00:41:27.300		0.59516			4
2024.08.01	00:41:35.478	0.59485	0.59517			6
2024.08.01	00:41:35.804	0.59484				2
2024.08.01	00:41:36.113	0.59485				2
2024.08.01	00:41:37.706	0.59486				2
2024.08.01	00:41:43.140	0.59484				2
2024.08.01	00:41:58.919		0.59533			4
2024.08.01	00:41:59.222		0.59531			4
2024.08.01	00:41:59.532		0.59533			4
2024.08.01	00:41:59.837		0.59530			4
2024.08.01	00:42:00.141	0.59484	0.59528			6
2024.08.01	00:42:00.448		0.59530			4
2024.08.01	00:42:07.921		0.59529			4
2024.08.01	00:42:11.477		0.59533			4
2024.08.01	00:42:12.196	0.59486				2
2024.08.01	00:42:16.721	0.59485				2
2024.08.01	00:42:36.538	0.59484	0.59531			6
2024.08.01	00:42:37.144		0.59527			4
2024.08.01	00:42:38.053		0.59528			4
2024.08.01	00:42:38.540		0.59531			4
2024.08.01	00:42:38.846		0.59533			4
2024.08.01	00:42:39.162		0.59532			4
2024.08.01	00:42:39.463		0.59530			4
2024.08.01	00:42:39.765		0.59533			4
2024.08.01	00:42:40.066		0.59531			4
2024.08.01	00:42:40.372		0.59527			4
2024.08.01	00:42:40.679		0.59529			4
2024.08.01	00:42:40.982		0.59531			4
2024.08.01	00:42:41.307		0.59529			4
2024.08.01	00:42:41.610		0.59531			4
2024.08.01	00:42:41.910		0.59530			4
2024.08.01	00:42:43.138		0.59531			4
2024.08.01	00:42:43.742		0.59530			4
2024.08.01	00:42:44.054		0.59531			4
2024.08.01	00:42:44.355		0.59527			4
2024.08.01	00:42:44.684		0.59529			4
2024.08.01	00:42:46.815		0.59530			4
2024.08.01	00:42:47.397		0.59533			4
2024.08.01	00:42:47.704		0.59531			4
2024.08.01	00:42:48.006		0.59529			4
2024.08.01	00:42:48.332		0.59530			4
2024.08.01	00:42:48.632	0.59482	0.59518			6
2024.08.01	00:42:48.934	0.59463	0.59525			6
2024.08.01	00:42:49.257		0.59522			4
2024.08.01	00:42:49.559		0.59524			4
2024.08.01	00:42:51.421	0.59465	0.59520			6
2024.08.01	00:42:51.722	0.59467				2
2024.08.01	00:42:52.041	0.59468	0.59518			6
2024.08.01	00:42:52.349		0.59520			4
2024.08.01	00:42:52.650	0.59465	0.59522			6
2024.08.01	00:42:52.967	0.59466	0.59521			6
2024.08.01	00:42:53.394	0.59465	0.59520			6
2024.08.01	00:42:53.969	0.59467	0.59522			6
2024.08.01	00:42:54.505	0.59471	0.59527			6
2024.08.01	00:42:54.827	0.59473	0.59528			6
2024.08.01	00:42:58.394	0.59469	0.59522			6
2024.08.01	00:42:58.727	0.59471	0.59525			6
2024.08.01	00:42:59.191	0.59472	0.59526			6
2024.08.01	00:42:59.586	0.59473	0.59527			6
2024.08.01	00:43:00.360	0.59473				2
2024.08.01	00:43:03.737	0.59475	0.59528			6
2024.08.01	00:43:04.057	0.59477	0.59529			6
2024.08.01	00:43:04.364	0.59475	0.59527			6
2024.08.01	00:43:04.669	0.59477	0.59529			6
2024.08.01	00:43:05.522		0.59528			4
2024.08.01	00:43:05.841	0.59479	0.59529			6
2024.08.01	00:43:06.793	0.59480				2
2024.08.01	00:43:07.094	0.59477	0.59528			6
2024.08.01	00:43:07.415	0.59479	0.59529			6
2024.08.01	00:43:07.761	0.59480				2
2024.08.01	00:43:08.061	0.59479				2
2024.08.01	00:43:08.368	0.59480				2
2024.08.01	00:43:10.387	0.59481				2
2024.08.01	00:43:11.317	0.59480				2
2024.08.01	00:43:11.621	0.59476	0.59528			6
2024.08.01	00:43:11.924	0.59478	0.59529			6
2024.08.01	00:43:12.231	0.59479				2
2024.08.01	00:43:12.541	0.59481	0.59528			6
2024.08.01	00:43:12.842	0.59480	0.59529			6
2024.08.01	00:43:13.457	0.59481				2
2024.08.01	00:43:13.762	0.59482				2
2024.08.01	00:43:14.072	0.59483				2
2024.08.01	00:43:14.387	0.59482				2
2024.08.01	00:43:14.697	0.59481	0.59528			6
2024.08.01	00:43:15.003	0.59482	0.59529			6
2024.08.01	00:43:15.305	0.59481				2
2024.08.01	00:43:15.616	0.59483				2
2024.08.01	00:43:15.925	0.59484				2
2024.08.01	00:43:19.353	0.59481				2
2024.08.01	00:43:19.665	0.59482				2
2024.08.01	00:43:19.975	0.59483				2
2024.08.01	00:43:20.585	0.59484				2
2024.08.01	00:43:20.904	0.59485				2
2024.08.01	00:43:21.269	0.59486				2
2024.08.01	00:43:23.185	0.59487				2
2024.08.01	00:43:23.522	0.59486				2
2024.08.01	00:43:30.400	0.59482				2
2024.08.01	00:43:30.716	0.59480				2
2024.08.01	00:43:31.056	0.59482				2
2024.08.01	00:43:31.375	0.59484				2
2024.08.01	00:43:31.684	0.59483				2
2024.08.01	00:43:33.189	0.59484				2
2024.08.01	00:43:34.377	0.59482				2
2024.08.01	00:43:34.690	0.59484				2
2024.08.01	00:43:35.001	0.59483				2
2024.08.01	00:43:35.311	0.59485				2
2024.08.01	00:43:35.622	0.59483				2
2024.08.01	00:43:35.934		0.59528			4
2024.08.01	00:43:36.238	0.59482	0.59529			6
2024.08.01	00:43:36.543	0.59483				2
2024.08.01	00:43:36.882	0.59479	0.59526			6
2024.08.01	00:43:37.182	0.59480	0.59529			6
2024.08.01	00:43:37.483	0.59476	0.59526			6
2024.08.01	00:43:37.792	0.59477	0.59528			6
2024.08.01	00:43:38.949	0.59474				2
2024.08.01	00:43:39.253	0.59468	0.59527			6
2024.08.01	00:43:39.567	0.59455	0.59529			6
2024.08.01	00:43:40.195	0.59471				2
2024.08.01	00:43:40.497	0.59466				2
2024.08.01	00:43:40.801	0.59463	0.59527			6
2024.08.01	00:43:41.394	0.59466				2
2024.08.01	00:43:41.700	0.59465				2
2024.08.01	00:43:42.004	0.59461	0.59526			6
2024.08.01	00:43:42.458	0.59468				2
2024.08.01	00:43:42.761	0.59462				2
2024.08.01	00:43:43.065	0.59465				2
2024.08.01	00:43:43.428	0.59464				2
2024.08.01	00:43:43.768	0.59466				2
2024.08.01	00:43:44.073	0.59465				2
2024.08.01	00:43:46.361	0.59464				2
2024.08.01	00:43:46.971	0.59468				2
2024.08.01	00:43:47.274	0.59469	0.59522			6
2024.08.01	00:43:47.581	0.59468	0.59526			6
2024.08.01	00:43:47.888	0.59467	0.59524			6
2024.08.01	00:43:48.203	0.59468	0.59525			6
2024.08.01	00:43:48.556	0.59470	0.59526			6
2024.08.01	00:43:48.860	0.59469	0.59524			6
2024.08.01	00:43:49.163		0.59526			4
2024.08.01	00:43:49.465	0.59470				2
2024.08.01	00:43:49.808	0.59468	0.59525			6
2024.08.01	00:43:50.111	0.59470	0.59526			6
2024.08.01	00:43:50.422		0.59522			4
2024.08.01	00:43:50.742	0.59469	0.59525			6
2024.08.01	00:43:51.051	0.59471	0.59526			6
2024.08.01	00:43:52.384	0.59474				2
2024.08.01	00:43:52.695	0.59472	0.59527			6
2024.08.01	00:43:53.004	0.59477	0.59529			6
2024.08.01	00:43:53.452	0.59479				2
2024.08.01	00:43:53.761	0.59474	0.59527			6
2024.08.01	00:43:54.084	0.59475	0.59529			6
2024.08.01	00:43:54.391	0.59476	0.59525			6
2024.08.01	00:43:54.701		0.59529			4
2024.08.01	00:43:55.007	0.59472	0.59523			6
2024.08.01	00:43:55.331	0.59469	0.59522			6
2024.08.01	00:43:56.220		0.59521			4
2024.08.01	00:44:00.408	0.59469				2
2024.08.01	00:44:02.121		0.59519			4
2024.08.01	00:44:02.451	0.59467				2
2024.08.01	00:44:02.778	0.59469	0.59520			6
2024.08.01	00:44:03.457	0.59470	0.59522			6
2024.08.01	00:44:03.805	0.59469	0.59519			6
2024.08.01	00:44:14.016	0.59472	0.59523			6
2024.08.01	00:44:14.343		0.59524			4
2024.08.01	00:44:14.697	0.59473				2
2024.08.01	00:44:15.021	0.59474	0.59525			6
2024.08.01	00:44:15.726	0.59475				2
2024.08.01	00:44:17.044	0.59476	0.59527			6
2024.08.01	00:44:17.353	0.59477	0.59526			6
2024.08.01	00:44:17.660	0.59476	0.59527			6
2024.08.01	00:44:18.002	0.59478	0.59528			6
2024.08.01	00:44:24.062	0.59475	0.59525			6
2024.08.01	00:44:24.465	0.59477	0.59527			6
2024.08.01	00:44:25.751	0.59478	0.59528			6
2024.08.01	00:44:26.895	0.59479	0.59529			6
2024.08.01	00:44:27.247	0.59481				2
2024.08.01	00:44:28.893	0.59479				2
2024.08.01	00:44:29.663	0.59481				2
2024.08.01	00:44:29.986	0.59480				2
2024.08.01	00:44:33.255	0.59481				2
2024.08.01	00:44:34.685	0.59480				2
2024.08.01	00:44:35.303	0.59479	0.59528			6
2024.08.01	00:44:35.615	0.59476	0.59525			6
2024.08.01	00:44:37.763	0.59475				2
2024.08.01	00:44:38.818		0.59524			4
2024.08.01	00:44:40.207		0.59523			4
2024.08.01	00:44:44.644		0.59519			4
2024.08.01	00:44:45.803	0.59470	0.59520			6
2024.08.01	00:44:49.376	0.59471				2
2024.08.01	00:44:49.792	0.59470				2
2024.08.01	00:44:52.452	0.59471				2
2024.08.01	00:44:52.922		0.59519			4
2024.08.01	00:44:54.472	0.59470	0.59518			6
2024.08.01	00:44:54.854	0.59469				2
2024.08.01	00:44:55.632		0.59519			4
2024.08.01	00:44:55.938	0.59471				2
2024.08.01	00:45:00.392	0.59471	0.59521			6
2024.08.01	00:45:00.713	0.59472	0.59522			6
2024.08.01	00:45:01.449		0.59523			4
2024.08.01	00:45:02.395		0.59522			4
2024.08.01	00:45:06.467	0.59488	0.59509			6
2024.08.01	00:45:10.916		0.59510			4
2024.08.01	00:45:11.927	0.59484	0.59490			6
2024.08.01	00:45:13.983	0.59488	0.59491			6
2024.08.01	00:45:18.162		0.59494			4
2024.08.01	00:45:35.605	0.59487				2
2024.08.01	00:45:36.572	0.59488				2
2024.08.01	00:45:40.375	0.59487				2
2024.08.01	00:45:45.929	0.59488				2
2024.08.01	00:45:55.599	0.59487				2
2024.08.01	00:45:58.731	0.59488				2
2024.08.01	00:46:08.121	0.59488				2
2024.08.01	00:46:08.702	0.59487				2
2024.08.01	00:46:12.628	0.59488				2
2024.08.01	00:46:17.049	0.59487				2
2024.08.01	00:46:18.617	0.59488	0.59494			6
2024.08.01	00:46:22.242	0.59484				2
2024.08.01	00:46:23.866	0.59485				2
2024.08.01	00:46:24.644	0.59488				2
2024.08.01	00:46:26.294	0.59484				2
2024.08.01	00:46:30.615	0.59488				2
2024.08.01	00:46:32.081	0.59487				2
2024.08.01	00:46:36.426	0.59486				2
2024.08.01	00:46:37.339	0.59488				2
2024.08.01	00:46:42.609	0.59487				2
2024.08.01	00:46:52.337	0.59486				2
2024.08.01	00:46:52.737	0.59488				2
2024.08.01	00:46:56.853	0.59486				2
2024.08.01	00:47:07.166	0.59486				2
2024.08.01	00:47:08.127		0.59510			4
2024.08.01	00:47:12.422	0.59487				2
2024.08.01	00:47:17.020	0.59486	0.59509			6
2024.08.01	00:47:27.563		0.59508			4
2024.08.01	00:47:29.836		0.59507			4
2024.08.01	00:47:31.651		0.59508			4
2024.08.01	00:47:36.898	0.59485	0.59507			6
2024.08.01	00:47:37.218	0.59484				2
2024.08.01	00:47:38.486		0.59508			4
2024.08.01	00:47:38.822		0.59507			4
2024.08.01	00:47:43.331	0.59485				2
2024.08.01	00:47:47.450	0.59484	0.59506			6
2024.08.01	00:47:51.423		0.59507			4
2024.08.01	00:47:53.398	0.59485				2
2024.08.01	00:47:57.454		0.59509			4
2024.08.01	00:47:57.913	0.59486	0.59508			6
2024.08.01	00:48:01.167	0.59486				2
2024.08.01	00:48:07.353	0.59485				2
2024.08.01	00:48:07.663		0.59509			4
2024.08.01	00:48:07.979		0.59508			4
2024.08.01	00:48:08.285	0.59486	0.59509			6
2024.08.01	00:48:08.783		0.59508			4
2024.08.01	00:48:09.107		0.59509			4
2024.08.01	00:48:11.082		0.59508			4
2024.08.01	00:48:11.544		0.59509			4
2024.08.01	00:48:12.709	0.59488	0.59508			6
2024.08.01	00:48:14.539		0.59507			4
2024.08.01	00:48:18.030		0.59508			4
2024.08.01	00:48:24.226		0.59507			4
2024.08.01	00:48:46.320		0.59506			4
2024.08.01	00:49:01.011	0.59488				2
2024.08.01	00:49:26.247		0.59508			4
2024.08.01	00:49:35.037		0.59507			4
2024.08.01	00:49:35.456		0.59508			4
2024.08.01	00:49:39.314		0.59507			4
2024.08.01	00:50:01.098	0.59488				2
2024.08.01	00:50:13.926		0.59509			4
2024.08.01	00:50:14.231	0.59492	0.59508			6
2024.08.01	00:50:25.945		0.59510			4
2024.08.01	00:50:37.621		0.59509			4
2024.08.01	00:50:39.878	0.59488	0.59508			6
2024.08.01	00:50:40.354	0.59487	0.59509			6
2024.08.01	00:50:50.820	0.59486	0.59508			6
2024.08.01	00:51:00.361	0.59486				2
2024.08.01	00:51:02.882	0.59487	0.59509			6
2024.08.01	00:51:11.821		0.59510			4
2024.08.01	00:51:37.623	0.59488				2
2024.08.01	00:51:41.340	0.59487				2
2024.08.01	00:51:44.968	0.59488				2
2024.08.01	00:51:52.057	0.59489				2
2024.08.01	00:52:01.910	0.59488				2
2024.08.01	00:52:05.351	0.59491	0.59514			6
2024.08.01	00:52:05.667		0.59515			4
2024.08.01	00:52:10.557	0.59493	0.59516			6
2024.08.01	00:52:11.065	0.59492				2
2024.08.01	00:52:11.930		0.59514			4
2024.08.01	00:52:12.765	0.59490				2
2024.08.01	00:52:18.419		0.59513			4
2024.08.01	00:52:19.665	0.59488	0.59511			6
2024.08.01	00:52:20.006		0.59510			4
2024.08.01	00:52:21.086	0.59487				2
2024.08.01	00:52:21.402	0.59489	0.59514			6
2024.08.01	00:52:21.716	0.59490	0.59513			6
2024.08.01	00:52:22.020	0.59492	0.59516			6
2024.08.01	00:52:22.322	0.59496	0.59522			6
2024.08.01	00:52:22.623	0.59498	0.59523			6
2024.08.01	00:52:22.949	0.59503	0.59528			6
2024.08.01	00:52:23.250	0.59505	0.59530			6
2024.08.01	00:52:23.564		0.59529			4
2024.08.01	00:52:23.881	0.59501	0.59523			6
2024.08.01	00:52:24.188	0.59496				2
2024.08.01	00:52:24.493	0.59494	0.59525			6
2024.08.01	00:52:25.021	0.59493	0.59520			6
2024.08.01	00:52:25.329	0.59496				2
2024.08.01	00:52:25.638	0.59492	0.59518			6
2024.08.01	00:52:25.940	0.59497	0.59529			6
2024.08.01	00:52:26.244	0.59498	0.59524			6
2024.08.01	00:52:26.560	0.59497	0.59527			6
2024.08.01	00:52:26.861	0.59500	0.59528			6
2024.08.01	00:52:27.162	0.59493				2
2024.08.01	00:52:27.464		0.59531			4
2024.08.01	00:52:27.965		0.59524			4
2024.08.01	00:52:28.278	0.59492	0.59523			6
2024.08.01	00:52:28.781	0.59491	0.59518			6
2024.08.01	00:52:29.101		0.59520			4
2024.08.01	00:52:29.414		0.59521			4
2024.08.01	00:52:29.721	0.59492	0.59523			6
2024.08.01	00:52:30.035		0.59521			4
2024.08.01	00:52:31.060	0.59494				2
2024.08.01	00:52:32.260	0.59497	0.59523			6
2024.08.01	00:52:32.561	0.59501	0.59527			6
2024.08.01	00:52:32.861	0.59502	0.59526			6
2024.08.01	00:52:33.178		0.59527			4
2024.08.01	00:52:33.483	0.59499				2
2024.08.01	00:52:33.801	0.59501	0.59526			6
2024.08.01	00:52:34.105	0.59502	0.59529			6
2024.08.01	00:52:35.617	0.59504	0.59530			6
2024.08.01	00:52:35.923	0.59506	0.59533			6
2024.08.01	00:52:39.836		0.59530			4
2024.08.01	00:52:42.565		0.59531			4
2024.08.01	00:52:42.886		0.59530			4
2024.08.01	00:52:43.230		0.59531			4
2024.08.01	00:52:43.563	0.59507				2
2024.08.01	00:52:46.066		0.59533			4
2024.08.01	00:52:46.385		0.59532			4
2024.08.01	00:52:46.703		0.59533			4
2024.08.01	00:52:47.529	0.59508				2
2024.08.01	00:52:47.956	0.59511				2
2024.08.01	00:52:50.154		0.59536			4
2024.08.01	00:52:52.043	0.59509	0.59534			6
2024.08.01	00:52:52.362	0.59508	0.59531			6
2024.08.01	00:52:53.101	0.59505	0.59524			6
2024.08.01	00:52:53.405	0.59503	0.59523			6
2024.08.01	00:52:57.109		0.59524			4
2024.08.01	00:52:58.923		0.59523			4
2024.08.01	00:53:00.826	0.59504	0.59524			6
2024.08.01	00:53:03.027	0.59502	0.59523			6
2024.08.01	00:53:10.179	0.59497	0.59520			6
2024.08.01	00:53:10.482		0.59517			4
2024.08.01	00:53:10.896		0.59512			4
2024.08.01	00:53:18.121		0.59511			4
2024.08.01	00:53:38.110	0.59490	0.59505			6
2024.08.01	00:53:40.174		0.59503			4
2024.08.01	00:54:00.608	0.59490				2
2024.08.01	00:54:19.853		0.59504			4
2024.08.01	00:54:20.534		0.59503			4
2024.08.01	00:54:24.340		0.59505			4
2024.08.01	00:54:31.300		0.59504			4
2024.08.01	00:54:34.303		0.59505			4
2024.08.01	00:54:38.713		0.59504			4
2024.08.01	00:54:43.149		0.59505			4
2024.08.01	00:54:43.855		0.59504			4
2024.08.01	00:54:44.556		0.59505			4
2024.08.01	00:54:48.051	0.59482	0.59501			6
2024.08.01	00:54:48.660	0.59481				2
2024.08.01	00:54:51.623	0.59484				2
2024.08.01	00:54:52.027	0.59483				2
2024.08.01	00:54:52.349	0.59484				2
2024.08.01	00:54:52.919	0.59485				2
2024.08.01	00:54:53.342	0.59484				2
2024.08.01	00:54:54.739	0.59482	0.59500			6
2024.08.01	00:55:01.013	0.59482				2
2024.08.01	00:55:04.638	0.59484				2
2024.08.01	00:55:17.105	0.59483				2
2024.08.01	00:55:20.673	0.59484				2
2024.08.01	00:55:25.462	0.59485				2
2024.08.01	00:55:35.704	0.59481				2
2024.08.01	00:55:45.621	0.59482				2
2024.08.01	00:55:54.780		0.59500			4
2024.08.01	00:55:55.828	0.59481				2
2024.08.01	00:55:56.329	0.59482				2
2024.08.01	00:56:00.980	0.59483				2
2024.08.01	00:56:06.078	0.59482				2
2024.08.01	00:56:09.751	0.59483				2
2024.08.01	00:56:12.497	0.59482				2
2024.08.01	00:56:17.645	0.59483				2
2024.08.01	00:56:25.941	0.59482				2
2024.08.01	00:56:27.759	0.59483				2
2024.08.01	00:56:35.841	0.59484				2
2024.08.01	00:56:36.686	0.59483				2
2024.08.01	00:56:55.434		0.59500			4
2024.08.01	00:57:00.417	0.59483				2
2024.08.01	00:57:17.399	0.59484				2
2024.08.01	00:57:22.622	0.59483				2
2024.08.01	00:57:41.314	0.59485	0.59501			6
2024.08.01	00:57:41.622	0.59486				2
2024.08.01	00:57:55.353	0.59485				2
2024.08.01	00:57:58.621	0.59486				2
2024.08.01	00:58:01.008	0.59486				2
2024.08.01	00:58:02.378	0.59485				2
2024.08.01	00:58:09.537	0.59486	0.59504			6
2024.08.01	00:58:10.018	0.59487				2
2024.08.01	00:58:10.321	0.59486				2
2024.08.01	00:58:10.644	0.59491	0.59511			6
2024.08.01	00:58:11.660	0.59494	0.59512			6
2024.08.01	00:58:12.056		0.59514			4
2024.08.01	00:58:12.421	0.59495				2
2024.08.01	00:58:13.578	0.59496				2
2024.08.01	00:58:15.960	0.59495				2
2024.08.01	00:58:19.371	0.59496				2
2024.08.01	00:58:22.458	0.59495				2
2024.08.01	00:58:24.875	0.59496				2
2024.08.01	00:58:26.775	0.59495				2
2024.08.01	00:58:31.341	0.59496				2
2024.08.01	00:58:32.570	0.59495				2
2024.08.01	00:59:01.013	0.59495				2
2024.08.01	00:59:02.296	0.59502	0.59522			6
2024.08.01	00:59:02.604	0.59504	0.59525			6
2024.08.01	00:59:02.909	0.59505	0.59526			6
2024.08.01	00:59:04.351	0.59506				2
2024.08.01	00:59:05.725	0.59501	0.59521			6
2024.08.01	00:59:09.890		0.59520			4
2024.08.01	00:59:10.204	0.59500				2
2024.08.01	00:59:10.516		0.59521			4
2024.08.01	00:59:12.432	0.59501				2
2024.08.01	00:59:15.911		0.59522			4
2024.08.01	00:59:16.546	0.59503				2
2024.08.01	00:59:17.822		0.59523			4
2024.08.01	00:59:19.895	0.59502				2
2024.08.01	00:59:20.549	0.59503				2
2024.08.01	00:59:20.864	0.59504	0.59525			6
2024.08.01	00:59:22.558		0.59526			4
2024.08.01	00:59:22.891		0.59527			4
2024.08.01	00:59:23.822		0.59526			4
2024.08.01	00:59:25.702	0.59505	0.59527			6
2024.08.01	00:59:26.041	0.59504				2
2024.08.01	00:59:26.342	0.59505				2
2024.08.01	00:59:26.694	0.59504				2
2024.08.01	00:59:27.000	0.59505				2
2024.08.01	00:59:30.114	0.59506				2
2024.08.01	00:59:30.421	0.59504				2
2024.08.01	00:59:30.742	0.59505				2
2024.08.01	00:59:31.044		0.59525			4
2024.08.01	00:59:31.681	0.59504				2
2024.08.01	00:59:32.183		0.59526			4
2024.08.01	00:59:34.209	0.59505	0.59527			6
2024.08.01	00:59:40.491		0.59526			4
2024.08.01	00:59:40.791		0.59527			4
2024.08.01	00:59:45.458		0.59525			4
2024.08.01	00:59:45.791	0.59503				2
2024.08.01	00:59:46.102	0.59505				2
2024.08.01	00:59:48.889	0.59504	0.59526			6
2024.08.01	00:59:51.721	0.59505	0.59527			6
2024.08.01	00:59:52.665	0.59504				2
2024.08.01	00:59:58.591		0.59526			4
2024.08.01	00:59:58.905		0.59527			4
2024.08.01	00:59:59.213		0.59525			4
2024.08.01	00:59:59.525		0.59527			4
2024.08.01	01:00:00.154	0.59504	0.59525			6
2024.08.01	01:00:00.465		0.59528			4
2024.08.01	01:00:00.782		0.59529			4
2024.08.01	01:00:01.092	0.59508	0.59526			6
2024.08.01	01:00:01.404	0.59497				2
2024.08.01	01:00:01.706	0.59499	0.59527			6
2024.08.01	01:00:02.027	0.59500	0.59541			6
2024.08.01	01:00:02.380	0.59508	0.59524			6
2024.08.01	01:00:02.888	0.59504	0.59532			6
2024.08.01	01:00:03.333	0.59513				2
2024.08.01	01:00:04.074	0.59508				2
2024.08.01	01:00:06.803		0.59531			4
2024.08.01	01:00:07.128		0.59530			4
2024.08.01	01:00:07.450		0.59529			4
2024.08.01	01:00:07.776		0.59528			4
2024.08.01	01:00:08.525		0.59526			4
2024.08.01	01:00:09.347		0.59527			4
2024.08.01	01:00:10.653		0.59529			4
2024.08.01	01:00:13.280	0.59510	0.59532			6
2024.08.01	01:00:14.135	0.59518	0.59536			6
2024.08.01	01:00:14.442	0.59515	0.59535			6
2024.08.01	01:00:14.745		0.59536			4
2024.08.01	01:00:15.362	0.59520	0.59538			6
2024.08.01	01:00:15.664		0.59539			4
2024.08.01	01:00:18.517	0.59528	0.59540			6
2024.08.01	01:00:18.819	0.59526				2
2024.08.01	01:00:23.163	0.59525				2
2024.08.01	01:00:24.012	0.59517	0.59538			6
2024.08.01	01:00:25.454	0.59518				2
2024.08.01	01:00:26.048	0.59517				2
2024.08.01	01:00:27.144	0.59504	0.59517			6
2024.08.01	01:00:28.180	0.59514	0.59523			6
2024.08.01	01:00:29.879		0.59522			4
2024.08.01	01:00:31.954	0.59513				2
2024.08.01	01:00:34.584	0.59521	0.59528			6
2024.08.01	01:00:40.033	0.59528	0.59532			6
2024.08.01	01:00:40.374	0.59536	0.59538			6
2024.08.01	01:00:40.684	0.59540	0.59543			6
2024.08.01	01:00:41.009	0.59536				2
2024.08.01	01:00:45.350	0.59534				2
2024.08.01	01:00:46.110	0.59532				2
2024.08.01	01:00:59.810	0.59533				2
2024.08.01	01:01:00.308	0.59533				2
2024.08.01	01:01:13.538		0.59536			4
2024.08.01	01:01:13.865		0.59543			4
2024.08.01	01:01:14.206		0.59536			4
2024.08.01	01:01:14.538		0.59543			4
2024.08.01	01:01:14.908	0.59531				2
2024.08.01	01:01:15.420	0.59532				2
2024.08.01	01:01:16.574	0.59531				2
2024.08.01	01:01:17.217	0.59532				2
2024.08.01	01:01:19.715	0.59533				2
2024.08.01	01:01:20.024	0.59532				2
2024.08.01	01:01:22.387		0.59542			4
2024.08.01	01:01:30.389		0.59543			4
2024.08.01	01:01:31.247	0.59536				2
2024.08.01	01:01:36.201		0.59544			4
2024.08.01	01:01:41.656	0.59537				2
2024.08.01	01:01:42.203	0.59538				2
2024.08.01	01:01:45.991	0.59537	0.59542			6
2024.08.01	01:01:46.352	0.59535				2
2024.08.01	01:01:50.513		0.59540			4
2024.08.01	01:01:58.925		0.59541			4
2024.08.01	01:02:00.396	0.59535				2
2024.08.01	01:02:02.727		0.59542			4
2024.08.01	01:02:05.112		0.59539			4
2024.08.01	01:02:07.389		0.59538			4
2024.08.01	01:02:12.931		0.59539			4
2024.08.01	01:02:18.027		0.59538			4
2024.08.01	01:02:19.169	0.59531				2
2024.08.01	01:02:27.135	0.59529				2
2024.08.01	01:02:31.023		0.59537			4
2024.08.01	01:02:31.412		0.59538			4
2024.08.01	01:02:48.544	0.59530				2
2024.08.01	01:02:51.912		0.59539			4
2024.08.01	01:02:52.416	0.59531				2
2024.08.01	01:02:55.828	0.59544	0.59552			6
2024.08.01	01:02:56.324		0.59553			4
2024.08.01	01:03:00.041	0.59544				2
2024.08.01	01:03:01.009		0.59552			4
2024.08.01	01:03:08.410	0.59545				2
2024.08.01	01:03:27.143	0.59544				2
2024.08.01	01:03:30.752	0.59545				2
2024.08.01	01:03:46.388	0.59544				2
2024.08.01	01:03:47.142	0.59540	0.59548			6
2024.08.01	01:04:01.010	0.59540				2
2024.08.01	01:04:01.424	0.59538				2
2024.08.01	01:04:03.380	0.59540				2
2024.08.01	01:04:06.387	0.59539	0.59547			6
2024.08.01	01:04:28.355	0.59540				2
2024.08.01	01:04:41.405		0.59548			4
2024.08.01	01:04:45.676	0.59551	0.59555			6
2024.08.01	01:04:46.349	0.59552				2
2024.08.01	01:04:47.179		0.59559			4
2024.08.01	01:04:52.347	0.59550				2
2024.08.01	01:05:00.372	0.59550				2
2024.08.01	01:05:17.388	0.59558	0.59564			6
2024.08.01	01:05:20.661	0.59557	0.59563			6
2024.08.01	01:05:21.043		0.59564			4
2024.08.01	01:05:21.345	0.59556	0.59563			6
2024.08.01	01:05:23.871		0.59564			4
2024.08.01	01:05:28.819	0.59555	0.59563			6
2024.08.01	01:05:37.823	0.59556				2
2024.08.01	01:05:42.261		0.59564			4
2024.08.01	01:05:47.153	0.59555	0.59559			6
2024.08.01	01:05:48.425	0.59554				2
2024.08.01	01:05:52.637	0.59560	0.59561			6
2024.08.01	01:05:52.943	0.59561	0.59566			6
2024.08.01	01:06:02.454	0.59562	0.59569			6
2024.08.01	01:06:07.165	0.59560	0.59567			6
2024.08.01	01:06:23.409	0.59559				2
2024.08.01	01:06:25.588	0.59560				2
2024.08.01	01:06:30.400	0.59561				2
2024.08.01	01:06:30.900	0.59560				2
2024.08.01	01:06:31.400	0.59561	0.59568			6
2024.08.01	01:06:32.772		0.59567			4
2024.08.01	01:06:49.424		0.59568			4
2024.08.01	01:07:01.004	0.59561				2
2024.08.01	01:07:01.819		0.59562			4
2024.08.01	01:07:02.139		0.59568			4
2024.08.01	01:07:46.180	0.59566	0.59569			6
2024.08.01	01:07:46.486	0.59565	0.59573			6
2024.08.01	01:07:46.912		0.59572			4
2024.08.01	01:07:48.364		0.59573			4
2024.08.01	01:08:01.478	0.59565				2
2024.08.01	01:08:37.727	0.59564				2
2024.08.01	01:08:38.395	0.59565				2
2024.08.01	01:08:48.411	0.59564	0.59573			6
2024.08.01	01:09:00.432	0.59564				2
2024.08.01	01:09:04.742		0.59569			4
2024.08.01	01:09:31.013	0.59563				2
2024.08.01	01:09:32.558	0.59568	0.59573			6
2024.08.01	01:09:32.929		0.59574			4
2024.08.01	01:10:00.302	0.59568				2
2024.08.01	01:10:34.160		0.59574			4
2024.08.01	01:10:42.783		0.59569			4
2024.08.01	01:10:43.090	0.59566	0.59572			6
2024.08.01	01:10:48.384		0.59573			4
2024.08.01	01:10:57.261		0.59569			4
2024.08.01	01:11:00.464	0.59566				2
2024.08.01	01:11:04.346		0.59568			4
2024.08.01	01:11:06.456		0.59569			4
2024.08.01	01:11:07.395	0.59564				2
2024.08.01	01:12:00.422	0.59564				2
2024.08.01	01:12:09.377		0.59569			4
2024.08.01	01:12:31.087	0.59563	0.59568			6
2024.08.01	01:12:36.780		0.59569			4
2024.08.01	01:12:42.370	0.59564				2
2024.08.01	01:12:43.400	0.59563				2
2024.08.01	01:12:50.215		0.59568			4
2024.08.01	01:12:52.673		0.59569			4
2024.08.01	01:12:53.008	0.59564				2
2024.08.01	01:12:54.729	0.59563				2
2024.08.01	01:13:00.917	0.59564				2
2024.08.01	01:13:06.297		0.59568			4
2024.08.01	01:13:10.037		0.59569			4
2024.08.01	01:13:45.386	0.59563	0.59568			6
2024.08.01	01:14:00.119	0.59563				2
2024.08.01	01:14:07.020		0.59567			4
2024.08.01	01:14:27.215	0.59562				2
2024.08.01	01:14:37.565		0.59566			4
2024.08.01	01:14:42.081	0.59561				2
2024.08.01	01:14:47.591		0.59567			4
2024.08.01	01:15:00.412	0.59561				2
2024.08.01	01:15:03.077	0.59560				2
2024.08.01	01:15:07.171	0.59561				2
2024.08.01	01:15:28.560	0.59562				2
2024.08.01	01:15:29.768	0.59561				2
2024.08.01	01:15:39.590	0.59562				2
2024.08.01	01:15:47.210	0.59561				2
2024.08.01	01:15:48.351		0.59567			4
2024.08.01	01:16:00.621	0.59561				2
2024.08.01	01:16:04.256		0.59564			4
2024.08.01	01:16:04.584		0.59563			4
2024.08.01	01:16:07.215	0.59556	0.59557			6
2024.08.01	01:16:12.480	0.59555	0.59556			6
2024.08.01	01:16:12.815	0.59556	0.59557			6
2024.08.01	01:16:14.662	0.59551	0.59555			6
2024.08.01	01:16:19.338		0.59556			4
2024.08.01	01:16:27.698		0.59557			4
2024.08.01	01:16:45.159	0.59552				2
2024.08.01	01:16:46.434	0.59551				2
2024.08.01	01:16:47.231	0.59549	0.59552			6
2024.08.01	01:16:49.046	0.59548				2
2024.08.01	01:16:56.055	0.59546	0.59547			6
2024.08.01	01:17:01.272	0.59545	0.59546			6
2024.08.01	01:17:20.821	0.59540	0.59545			6
2024.08.01	01:17:28.233	0.59539				2
2024.08.01	01:17:41.781	0.59540				2
2024.08.01	01:17:51.262	0.59539				2
2024.08.01	01:17:51.627		0.59544			4
2024.08.01	01:17:51.939		0.59545			4
2024.08.01	01:18:01.179	0.59539				2
2024.08.01	01:18:02.108		0.59544			4
2024.08.01	01:18:17.754		0.59543			4
2024.08.01	01:18:18.154		0.59542			4
2024.08.01	01:18:25.491		0.59541			4
2024.08.01	01:18:27.216	0.59537				2
2024.08.01	01:18:27.590	0.59536				2
2024.08.01	01:18:31.691	0.59537				2
2024.08.01	01:18:37.968	0.59539	0.59542			6
2024.08.01	01:18:39.027		0.59541			4
2024.08.01	01:18:40.702	0.59538				2
2024.08.01	01:18:44.389		0.59542			4
2024.08.01	01:18:48.337	0.59537				2
2024.08.01	01:18:52.569		0.59541			4
2024.08.01	01:19:02.665	0.59537				2
2024.08.01	01:19:02.996		0.59539			4
2024.08.01	01:19:07.374	0.59534				2
2024.08.01	01:19:08.284	0.59535				2
2024.08.01	01:19:08.631	0.59536	0.59541			6
2024.08.01	01:19:09.400		0.59542			4
2024.08.01	01:19:28.818	0.59535	0.59541			6
2024.08.01	01:19:57.420		0.59540			4
2024.08.01	01:20:01.008	0.59535				2
2024.08.01	01:20:03.421		0.59541			4
2024.08.01	01:20:12.084		0.59540			4
2024.08.01	01:20:17.087		0.59541			4
2024.08.01	01:20:35.522		0.59540			4
2024.08.01	01:20:47.513		0.59541			4
2024.08.01	01:20:50.758	0.59536				2
2024.08.01	01:21:01.012	0.59539	0.59542			6
2024.08.01	01:21:01.341	0.59537				2
2024.08.01	01:21:12.763	0.59536				2
2024.08.01	01:21:39.883	0.59537				2
2024.08.01	01:21:45.097	0.59538	0.59543			6
2024.08.01	01:21:47.655	0.59540				2
2024.08.01	01:21:48.008		0.59544			4
2024.08.01	01:21:49.346	0.59539	0.59540			6
2024.08.01	01:21:50.131	0.59540	0.59544			6
2024.08.01	01:22:00.205	0.59540				2
2024.08.01	01:22:05.744	0.59539				2
2024.08.01	01:22:22.241	0.59540				2
2024.08.01	01:22:37.274	0.59539				2
2024.08.01	01:22:50.955		0.59544			4
2024.08.01	01:23:00.354	0.59539				2
2024.08.01	01:23:04.949	0.59538	0.59543			6
2024.08.01	01:23:14.220		0.59544			4
2024.08.01	01:23:29.829	0.59539				2
2024.08.01	01:23:31.311	0.59540				2
2024.08.01	01:23:50.709		0.59542			4
2024.08.01	01:23:51.844		0.59544			4
2024.08.01	01:23:55.456		0.59545			4
2024.08.01	01:24:00.014	0.59540				2
2024.08.01	01:24:00.319	0.59541				2
2024.08.01	01:24:04.198		0.59546			4
2024.08.01	01:24:07.363	0.59540				2
2024.08.01	01:24:42.685		0.59545			4
2024.08.01	01:24:44.207		0.59546			4
2024.08.01	01:24:55.590	0.59539	0.59544			6
2024.08.01	01:24:58.751		0.59543			4
2024.08.01	01:24:59.567		0.59544			4
2024.08.01	01:25:00.233	0.59539				2
2024.08.01	01:25:07.226	0.59540				2
2024.08.01	01:25:22.261		0.59545			4
2024.08.01	01:25:31.100	0.59539				2
2024.08.01	01:25:45.446		0.59543			4
2024.08.01	01:25:45.749		0.59544			4
2024.08.01	01:25:46.801		0.59543			4
2024.08.01	01:26:00.129	0.59539				2
2024.08.01	01:26:05.570	0.59538				2
2024.08.01	01:26:25.401		0.59542			4
2024.08.01	01:26:55.411	0.59536	0.59541			6
2024.08.01	01:26:55.877		0.59542			4
2024.08.01	01:27:00.372	0.59536				2
2024.08.01	01:27:03.401		0.59541			4
2024.08.01	01:27:49.449	0.59537	0.59542			6
2024.08.01	01:27:52.233	0.59536				2
2024.08.01	01:27:59.514	0.59537				2
2024.08.01	01:28:00.334	0.59537				2
2024.08.01	01:28:24.221	0.59536				2
2024.08.01	01:28:27.984		0.59541			4
2024.08.01	01:28:44.702		0.59542			4
2024.08.01	01:28:48.628	0.59537	0.59541			6
2024.08.01	01:28:50.210		0.59542			4
2024.08.01	01:28:59.331		0.59541			4
2024.08.01	01:29:00.019	0.59537				2
2024.08.01	01:29:00.341		0.59542			4
2024.08.01	01:29:03.834	0.59536				2
2024.08.01	01:29:10.389		0.59541			4
2024.08.01	01:29:21.973		0.59539			4
2024.08.01	01:29:23.078	0.59535				2
2024.08.01	01:29:27.122	0.59533	0.59534			6
2024.08.01	01:29:27.429	0.59528	0.59533			6
2024.08.01	01:29:27.824		0.59534			4
2024.08.01	01:29:30.418		0.59533			4
2024.08.01	01:29:39.530	0.59529				2
2024.08.01	01:29:43.402	0.59530				2
2024.08.01	01:29:49.538	0.59528				2
2024.08.01	01:29:56.951	0.59529				2
2024.08.01	01:30:00.395	0.59529				2
2024.08.01	01:30:08.051	0.59527	0.59532			6
2024.08.01	01:30:08.794	0.59528				2
2024.08.01	01:30:16.619	0.59531	0.59534			6
2024.08.01	01:30:16.962	0.59533	0.59537			6
2024.08.01	01:30:20.440	0.59535	0.59538			6
2024.08.01	01:30:21.350	0.59540	0.59541			6
2024.08.01	01:30:24.381		0.59544			4
2024.08.01	01:30:30.374	0.59542				2
2024.08.01	01:30:30.731	0.59540				2
2024.08.01	01:30:51.636	0.59541				2
2024.08.01	01:31:00.007	0.59541				2
2024.08.01	01:31:07.056	0.59540				2
2024.08.01	01:31:07.423		0.59543			4
2024.08.01	01:31:10.796		0.59544			4
2024.08.01	01:31:24.925		0.59543			4
2024.08.01	01:31:27.483		0.59544			4
2024.08.01	01:31:43.340	0.59539				2
2024.08.01	01:31:44.746	0.59540				2
2024.08.01	01:31:52.203	0.59539	0.59543			6
2024.08.01	01:31:52.526		0.59544			4
2024.08.01	01:32:00.524	0.59539				2
2024.08.01	01:32:07.438	0.59543				2
2024.08.01	01:32:08.554	0.59542				2
2024.08.01	01:32:16.103	0.59538	0.59539			6
2024.08.01	01:32:20.270	0.59535	0.59537			6
2024.08.01	01:32:20.618		0.59539			4
2024.08.01	01:32:21.009	0.59537				2
2024.08.01	01:32:32.113	0.59538				2
2024.08.01	01:32:32.431	0.59537				2
2024.08.01	01:33:00.180	0.59537				2
2024.08.01	01:33:01.222	0.59536				2
2024.08.01	01:33:01.954	0.59537				2
2024.08.01	01:33:03.069	0.59536				2
2024.08.01	01:33:04.053	0.59537				2
2024.08.01	01:33:07.301	0.59538	0.59540			6
2024.08.01	01:33:08.356	0.59539				2
2024.08.01	01:33:09.696	0.59538				2
2024.08.01	01:33:14.239	0.59537				2
2024.08.01	01:33:20.669	0.59538				2
2024.08.01	01:33:27.305	0.59537				2
2024.08.01	01:33:58.492	0.59535	0.59539			6
2024.08.01	01:34:00.147	0.59535				2
2024.08.01	01:34:58.957		0.59539			4
2024.08.01	01:35:00.168	0.59535				2
2024.08.01	01:35:19.182	0.59534				2
2024.08.01	01:35:25.338	0.59535				2
2024.08.01	01:35:29.748	0.59534				2
2024.08.01	01:35:59.233		0.59539			4
2024.08.01	01:36:00.269	0.59534				2
2024.08.01	01:36:20.867		0.59536			4
2024.08.01	01:36:28.442		0.59538			4
2024.08.01	01:36:44.339	0.59533				2
2024.08.01	01:36:57.970	0.59534				2
2024.08.01	01:37:00.222	0.59534				2
2024.08.01	01:37:02.020	0.59533				2
2024.08.01	01:37:11.714	0.59534				2
2024.08.01	01:37:13.801	0.59533				2
2024.08.01	01:37:15.760	0.59534				2
2024.08.01	01:37:18.991		0.59539			4
2024.08.01	01:38:00.163	0.59534				2
2024.08.01	01:38:19.066		0.59539			4
2024.08.01	01:38:23.509		0.59538			4
2024.08.01	01:38:40.678		0.59539			4
2024.08.01	01:38:45.008		0.59537			4
2024.08.01	01:38:47.747		0.59539			4
2024.08.01	01:39:00.629	0.59534				2
2024.08.01	01:39:04.813		0.59535			4
2024.08.01	01:39:15.115		0.59539			4
2024.08.01	01:39:22.628	0.59533	0.59537			6
2024.08.01	01:39:23.843	0.59532	0.59535			6
2024.08.01	01:39:41.011	0.59531				2
2024.08.01	01:39:43.465	0.59530	0.59534			6
2024.08.01	01:39:52.234		0.59533			4
2024.08.01	01:40:01.076	0.59529				2
2024.08.01	01:40:12.366		0.59534			4
2024.08.01	01:40:40.160	0.59531	0.59535			6
2024.08.01	01:40:46.036		0.59536			4
2024.08.01	01:41:03.248	0.59531				2
2024.08.01	01:41:06.850		0.59535			4
2024.08.01	01:41:17.124		0.59536			4
2024.08.01	01:41:27.108	0.59532				2
2024.08.01	01:41:34.260	0.59531				2
2024.08.01	01:41:34.916	0.59532				2
2024.08.01	01:41:35.283	0.59531				2
2024.08.01	01:41:36.830	0.59532				2
2024.08.01	01:42:00.172	0.59532				2
2024.08.01	01:42:01.346		0.59535			4
2024.08.01	01:42:19.669	0.59531				2
2024.08.01	01:42:28.390	0.59532				2
2024.08.01	01:42:30.913	0.59531				2
2024.08.01	01:42:48.653		0.59536			4
2024.08.01	01:42:49.863		0.59535			4
2024.08.01	01:42:58.803		0.59536			4
2024.08.01	01:43:02.600	0.59531				2
2024.08.01	01:43:07.015		0.59535			4
2024.08.01	01:43:10.915	0.59530				2
2024.08.01	01:43:15.532	0.59531	0.59536			6
2024.08.01	01:43:25.322	0.59530	0.59535			6
2024.08.01	01:43:32.620	0.59531				2
2024.08.01	01:43:40.668		0.59536			4
2024.08.01	01:43:50.932	0.59532	0.59535			6
2024.08.01	01:43:51.570	0.59531				2
2024.08.01	01:43:51.884	0.59532				2
2024.08.01	01:44:00.755	0.59532				2
2024.08.01	01:44:07.055		0.59534			4
2024.08.01	01:44:08.381	0.59531				2
2024.08.01	01:45:00.424	0.59531				2
2024.08.01	01:45:07.113		0.59534			4
2024.08.01	01:45:12.184		0.59533			4
2024.08.01	01:45:17.334	0.59529				2
2024.08.01	01:45:23.478	0.59530				2
2024.08.01	01:45:27.686	0.59529	0.59532			6
2024.08.01	01:45:41.535	0.59528				2
2024.08.01	01:45:57.140	0.59529				2
2024.08.01	01:46:00.758	0.59529				2
2024.08.01	01:46:01.363	0.59528				2
2024.08.01	01:46:28.006		0.59532			4
2024.08.01	01:47:06.093	0.59528				2
2024.08.01	01:47:07.487		0.59533			4
2024.08.01	01:48:00.269	0.59528				2
2024.08.01	01:48:08.371		0.59533			4
2024.08.01	01:49:00.720	0.59528				2
2024.08.01	01:49:08.521		0.59533			4
2024.08.01	01:49:11.972		0.59532			4
2024.08.01	01:49:12.277	0.59527	0.59528			6
2024.08.01	01:49:13.395	0.59526	0.59527			6
2024.08.01	01:49:14.350	0.59527	0.59528			6
2024.08.01	01:49:15.427	0.59526	0.59527			6
2024.08.01	01:49:16.061	0.59521	0.59524			6
2024.08.01	01:49:20.158	0.59520				2
2024.08.01	01:49:30.347		0.59523			4
2024.08.01	01:50:00.308	0.59520				2
2024.08.01	01:50:31.010		0.59524			4
2024.08.01	01:50:49.249		0.59523			4
2024.08.01	01:50:56.198	0.59523	0.59525			6
2024.08.01	01:50:57.871	0.59521				2
2024.08.01	01:51:00.120	0.59521				2
2024.08.01	01:51:06.184		0.59526			4
2024.08.01	01:51:10.033		0.59525			4
2024.08.01	01:51:41.651		0.59526			4
2024.08.01	01:51:47.190	0.59522				2
2024.08.01	01:51:47.496	0.59523				2
2024.08.01	01:52:00.212	0.59523				2
2024.08.01	01:52:05.061		0.59527			4
2024.08.01	01:52:31.010		0.59528			4
2024.08.01	01:53:00.660	0.59523				2
2024.08.01	01:53:02.637	0.59525				2
2024.08.01	01:53:11.086	0.59524				2
2024.08.01	01:53:26.063	0.59529	0.59530			6
2024.08.01	01:53:26.653	0.59528	0.59529			6
2024.08.01	01:53:41.870	0.59526	0.59528			6
2024.08.01	01:53:47.394	0.59525	0.59527			6
2024.08.01	01:53:47.705		0.59526			4
2024.08.01	01:53:52.921	0.59524	0.59525			6
2024.08.01	01:54:04.555	0.59524				2
2024.08.01	01:54:06.193	0.59525	0.59526			6
2024.08.01	01:54:07.715	0.59521	0.59525			6
2024.08.01	01:54:08.743	0.59522				2
2024.08.01	01:54:13.445		0.59526			4
2024.08.01	01:54:14.494	0.59523				2
2024.08.01	01:54:21.014	0.59522				2
2024.08.01	01:54:32.781		0.59525			4
2024.08.01	01:54:37.140	0.59521				2
2024.08.01	01:54:56.290	0.59524	0.59527			6
2024.08.01	01:54:56.844	0.59523				2
2024.08.01	01:55:00.050	0.59523				2
2024.08.01	01:55:16.345	0.59524				2
2024.08.01	01:55:51.022	0.59521	0.59526			6
2024.08.01	01:56:00.435	0.59521	0.59525			6
2024.08.01	01:56:17.829	0.59522				2
2024.08.01	01:56:18.964	0.59523				2
2024.08.01	01:56:23.211	0.59524	0.59526			6
2024.08.01	01:56:57.377	0.59525	0.59527			6
2024.08.01	01:57:00.414	0.59525				2
2024.08.01	01:57:02.685	0.59524				2
2024.08.01	01:57:20.730	0.59526				2
2024.08.01	01:57:23.624		0.59529			4
2024.08.01	01:57:33.651		0.59530			4
2024.08.01	01:58:00.071	0.59526				2
2024.08.01	01:58:08.117		0.59531			4
2024.08.01	01:58:19.533	0.59527				2
2024.08.01	01:58:57.647	0.59526				2
2024.08.01	01:59:00.421	0.59526				2
2024.08.01	01:59:19.148		0.59531			4
2024.08.01	01:59:28.365	0.59527				2
2024.08.01	01:59:41.274	0.59529	0.59535			6
2024.08.01	01:59:41.606	0.59530				2
2024.08.01	01:59:44.628	0.59531				2
2024.08.01	01:59:46.029	0.59530				2
2024.08.01	01:59:49.500	0.59531				2
2024.08.01	01:59:49.833		0.59533			4
2024.08.01	02:00:00.284	0.59532	0.59534			6
2024.08.01	02:00:01.146		0.59535			4
2024.08.01	02:00:03.618		0.59536			4
2024.08.01	02:00:04.014	0.59533				2
2024.08.01	02:00:06.361	0.59532				2
2024.08.01	02:00:09.193	0.59533	0.59537			6
2024.08.01	02:00:11.940		0.59536			4
2024.08.01	02:00:18.962		0.59537			4
2024.08.01	02:00:20.392	0.59532	0.59536			6
2024.08.01	02:00:20.950	0.59533				2
2024.08.01	02:00:31.240		0.59535			4
2024.08.01	02:01:01.361	0.59533				2
2024.08.01	02:01:12.011	0.59534				2
2024.08.01	02:01:15.408	0.59533				2
2024.08.01	02:01:23.158		0.59536			4
2024.08.01	02:01:54.162	0.59534				2
2024.08.01	02:01:54.474	0.59533				2
2024.08.01	02:02:01.324	0.59533				2
2024.08.01	02:02:01.664	0.59532	0.59534			6
2024.08.01	02:02:02.770	0.59530	0.59533			6
2024.08.01	02:02:04.783		0.59532			4
2024.08.01	02:02:07.119		0.59533			4
2024.08.01	02:02:36.814	0.59529	0.59530			6
2024.08.01	02:02:37.275	0.59528				2
2024.08.01	02:02:41.023	0.59529	0.59532			6
2024.08.01	02:02:44.197	0.59530				2
2024.08.01	02:02:54.118	0.59529				2
2024.08.01	02:02:54.421	0.59530				2
2024.08.01	02:02:54.857	0.59529				2
2024.08.01	02:02:56.112	0.59530				2
2024.08.01	02:03:00.425	0.59530				2
2024.08.01	02:03:01.148	0.59529				2
2024.08.01	02:03:04.329	0.59530				2
2024.08.01	02:03:22.729	0.59529				2
2024.08.01	02:03:24.616	0.59530				2
2024.08.01	02:03:37.768	0.59529				2
2024.08.01	02:03:41.526		0.59532			4
2024.08.01	02:04:00.116	0.59529				2
2024.08.01	02:04:18.382	0.59530				2
2024.08.01	02:04:24.299	0.59529				2
2024.08.01	02:04:41.678		0.59532			4
2024.08.01	02:04:45.433	0.59528	0.59531			6
2024.08.01	02:04:45.948		0.59532			4
2024.08.01	02:04:49.189	0.59527				2
2024.08.01	02:04:51.420		0.59531			4
2024.08.01	02:04:51.820		0.59530			4
2024.08.01	02:04:58.781	0.59526	0.59531			6
2024.08.01	02:05:00.425	0.59526				2
2024.08.01	02:05:01.470	0.59527				2
2024.08.01	02:05:07.340		0.59532			4
2024.08.01	02:05:08.367		0.59531			4
2024.08.01	02:05:25.034	0.59526				2
2024.08.01	02:05:29.008		0.59529			4
2024.08.01	02:05:29.322		0.59528			4
2024.08.01	02:05:30.361		0.59527			4
2024.08.01	02:05:31.659		0.59528			4
2024.08.01	02:05:32.153		0.59527			4
2024.08.01	02:05:52.285	0.59525	0.59526			6
2024.08.01	02:06:01.020	0.59525				2
2024.08.01	02:06:16.194	0.59522	0.59525			6
2024.08.01	02:06:21.657		0.59524			4
2024.08.01	02:06:35.994		0.59526			4
2024.08.01	02:06:37.553	0.59519	0.59523			6
2024.08.01	02:06:51.463	0.59520				2
2024.08.01	02:06:52.671		0.59524			4
2024.08.01	02:06:53.980	0.59519				2
2024.08.01	02:07:00.838	0.59519				2
2024.08.01	02:07:07.015		0.59523			4
2024.08.01	02:07:07.350		0.59524			4
2024.08.01	02:07:12.468		0.59522			4
2024.08.01	02:07:15.151	0.59517				2
2024.08.01	02:07:31.320		0.59523			4
2024.08.01	02:07:32.136		0.59522			4
2024.08.01	02:07:32.572		0.59523			4
2024.08.01	02:07:33.813		0.59522			4
2024.08.01	02:07:34.165		0.59523			4
2024.08.01	02:07:41.009	0.59518				2
2024.08.01	02:07:41.696		0.59522			4
2024.08.01	02:07:42.190		0.59523			4
2024.08.01	02:07:44.950		0.59522			4
2024.08.01	02:07:45.263		0.59523			4
2024.08.01	02:07:45.829		0.59522			4
2024.08.01	02:07:46.540		0.59523			4
2024.08.01	02:07:51.178		0.59522			4
2024.08.01	02:07:51.699		0.59523			4
2024.08.01	02:07:54.632		0.59522			4
2024.08.01	02:07:55.374		0.59523			4
2024.08.01	02:07:57.349		0.59522			4
2024.08.01	02:07:57.659		0.59523			4
2024.08.01	02:08:00.086	0.59518				2
2024.08.01	02:08:10.291		0.59522			4
2024.08.01	02:08:10.697		0.59523			4
2024.08.01	02:08:11.002		0.59522			4
2024.08.01	02:08:11.916		0.59523			4
2024.08.01	02:08:12.875		0.59522			4
2024.08.01	02:08:13.178		0.59523			4
2024.08.01	02:08:23.308		0.59522			4
2024.08.01	02:08:23.673		0.59523			4
2024.08.01	02:08:24.474		0.59522			4
2024.08.01	02:08:25.720		0.59523			4
2024.08.01	02:08:26.171		0.59522			4
2024.08.01	02:08:28.910	0.59519				2
2024.08.01	02:08:31.954		0.59523			4
2024.08.01	02:08:43.327	0.59518				2
2024.08.01	02:08:46.247		0.59522			4
2024.08.01	02:08:46.557	0.59517	0.59521			6
2024.08.01	02:08:47.083		0.59519			4
2024.08.01	02:09:00.266	0.59517				2
2024.08.01	02:09:21.163		0.59522			4
2024.08.01	02:09:29.932	0.59516	0.59519			6
2024.08.01	02:10:04.477	0.59516	0.59520			6
2024.08.01	02:10:05.362	0.59517	0.59522			6
2024.08.01	02:10:06.407		0.59521			4
2024.08.01	02:10:06.910		0.59522			4
2024.08.01	02:10:26.511	0.59518				2
2024.08.01	02:10:26.953		0.59523			4
2024.08.01	02:10:42.526		0.59519			4
2024.08.01	02:10:43.438		0.59523			4
2024.08.01	02:11:00.395	0.59518				2
2024.08.01	02:11:00.823		0.59522			4
2024.08.01	02:11:02.326		0.59523			4
2024.08.01	02:11:09.761	0.59519				2
2024.08.01	02:11:17.924		0.59522			4
2024.08.01	02:11:20.529	0.59518				2
2024.08.01	02:11:47.081	0.59519				2
2024.08.01	02:11:47.995	0.59518				2
2024.08.01	02:11:48.815	0.59519				2
2024.08.01	02:11:51.150		0.59523			4
2024.08.01	02:12:00.751	0.59519				2
2024.08.01	02:12:32.660		0.59524			4
2024.08.01	02:12:33.773		0.59523			4
2024.08.01	02:12:34.396		0.59524			4
2024.08.01	02:12:34.727		0.59525			4
2024.08.01	02:12:35.290		0.59523			4
2024.08.01	02:12:36.100		0.59524			4
2024.08.01	02:12:44.229		0.59523			4
2024.08.01	02:13:09.442	0.59520				2
2024.08.01	02:13:10.715	0.59518				2
2024.08.01	02:13:11.427	0.59519				2
2024.08.01	02:13:14.581	0.59520	0.59524			6
2024.08.01	02:13:24.965		0.59523			4
2024.08.01	02:13:25.267		0.59524			4
2024.08.01	02:13:29.645	0.59519				2
2024.08.01	02:13:34.451		0.59523			4
2024.08.01	02:13:35.189		0.59524			4
2024.08.01	02:13:35.816		0.59523			4
2024.08.01	02:13:36.446		0.59524			4
2024.08.01	02:13:37.411		0.59523			4
2024.08.01	02:13:37.744		0.59524			4
2024.08.01	02:13:38.047		0.59523			4
2024.08.01	02:13:40.586	0.59520				2
2024.08.01	02:13:51.062		0.59524			4
2024.08.01	02:13:51.394		0.59523			4
2024.08.01	02:13:56.910		0.59522			4
2024.08.01	02:13:57.295		0.59523			4
2024.08.01	02:14:00.774	0.59520				2
2024.08.01	02:14:11.112		0.59524			4
2024.08.01	02:14:11.412		0.59523			4
2024.08.01	02:14:11.772		0.59524			4
2024.08.01	02:14:46.931	0.59523				2
2024.08.01	02:14:53.102	0.59522				2
2024.08.01	02:15:00.154	0.59522				2
2024.08.01	02:15:12.354	0.59523	0.59524			6
2024.08.01	02:15:23.355		0.59527			4
2024.08.01	02:15:35.215		0.59526			4
2024.08.01	02:15:36.332		0.59527			4
2024.08.01	02:15:41.215	0.59522				2
2024.08.01	02:16:00.426	0.59522				2
2024.08.01	02:16:07.321	0.59525	0.59529			6
2024.08.01	02:16:09.431	0.59526				2
2024.08.01	02:16:10.675	0.59525				2
2024.08.01	02:16:20.288		0.59528			4
2024.08.01	02:16:27.765		0.59529			4
2024.08.01	02:16:28.268		0.59528			4
2024.08.01	02:16:28.608		0.59529			4
2024.08.01	02:16:29.480		0.59528			4
2024.08.01	02:16:30.395		0.59529			4
2024.08.01	02:16:31.013		0.59528			4
2024.08.01	02:16:31.409		0.59529			4
2024.08.01	02:16:32.420		0.59528			4
2024.08.01	02:16:35.506		0.59529			4
2024.08.01	02:16:35.881		0.59528			4
2024.08.01	02:16:36.384	0.59528	0.59530			6
2024.08.01	02:16:43.497		0.59532			4
2024.08.01	02:16:54.440	0.59531	0.59533			6
2024.08.01	02:16:56.152	0.59534	0.59535			6
2024.08.01	02:17:00.498	0.59534				2
2024.08.01	02:17:12.709	0.59535	0.59538			6
2024.08.01	02:17:13.258		0.59539			4
2024.08.01	02:17:13.581		0.59538			4
2024.08.01	02:17:14.006		0.59539			4
2024.08.01	02:17:16.992		0.59540			4
2024.08.01	02:17:17.353		0.59539			4
2024.08.01	02:17:32.993		0.59538			4
2024.08.01	02:17:41.342		0.59539			4
2024.08.01	02:17:42.070		0.59538			4
2024.08.01	02:17:51.988		0.59539			4
2024.08.01	02:18:00.173	0.59535				2
2024.08.01	02:18:12.008	0.59534				2
2024.08.01	02:18:23.796	0.59535				2
2024.08.01	02:18:26.414		0.59538			4
2024.08.01	02:18:26.802		0.59539			4
2024.08.01	02:18:41.910	0.59536				2
2024.08.01	02:18:52.330	0.59535				2
2024.08.01	02:19:00.229	0.59535				2
2024.08.01	02:19:01.419		0.59538			4
2024.08.01	02:19:03.029		0.59539			4
2024.08.01	02:19:03.395		0.59538			4
2024.08.01	02:19:04.374		0.59539			4
2024.08.01	02:19:05.201		0.59538			4
2024.08.01	02:19:05.512		0.59539			4
2024.08.01	02:19:06.199		0.59538			4
2024.08.01	02:19:06.516	0.59536	0.59539			6
2024.08.01	02:19:15.559	0.59535				2
2024.08.01	02:19:32.974		0.59538			4
2024.08.01	02:19:33.284		0.59539			4
2024.08.01	02:19:35.523	0.59536				2
2024.08.01	02:19:37.664	0.59535				2
2024.08.01	02:19:38.681		0.59538			4
2024.08.01	02:19:40.363		0.59539			4
2024.08.01	02:19:41.383		0.59538			4
2024.08.01	02:19:46.112		0.59539			4
2024.08.01	02:19:48.004		0.59538			4
2024.08.01	02:19:48.712		0.59539			4
2024.08.01	02:19:53.874		0.59538			4
2024.08.01	02:19:54.314	0.59537	0.59542			6
2024.08.01	02:20:00.306	0.59537				2
2024.08.01	02:20:04.381		0.59541			4
2024.08.01	02:20:05.761		0.59542			4
2024.08.01	02:20:09.090		0.59541			4
2024.08.01	02:20:13.899		0.59542			4
2024.08.01	02:20:14.406		0.59541			4
2024.08.01	02:20:18.877	0.59536	0.59539			6
2024.08.01	02:20:21.117	0.59541	0.59542			6
2024.08.01	02:20:21.425	0.59542	0.59546			6
2024.08.01	02:20:21.792		0.59547			4
2024.08.01	02:20:23.173		0.59546			4
2024.08.01	02:20:24.350		0.59547			4
2024.08.01	02:20:26.981	0.59543				2
2024.08.01	02:20:35.705	0.59542				2
2024.08.01	02:20:47.483		0.59548			4
2024.08.01	02:20:55.299	0.59543				2
2024.08.01	02:21:00.419	0.59543				2
2024.08.01	02:21:16.256		0.59547			4
2024.08.01	02:21:49.321		0.59544			4
2024.08.01	02:21:50.547		0.59547			4
2024.08.01	02:22:01.011	0.59543				2
2024.08.01	02:22:04.920	0.59541	0.59546			6
2024.08.01	02:22:06.124	0.59543	0.59545			6
2024.08.01	02:22:06.444	0.59541				2
2024.08.01	02:22:08.374	0.59540	0.59544			6
2024.08.01	02:22:13.382	0.59542	0.59546			6
2024.08.01	02:22:20.958	0.59544	0.59549			6
2024.08.01	02:22:21.273		0.59548			4
2024.08.01	02:22:21.880		0.59547			4
2024.08.01	02:22:57.912		0.59546			4
2024.08.01	02:23:00.381	0.59544				2
2024.08.01	02:23:10.968	0.59549	0.59553			6
2024.08.01	02:23:11.368		0.59552			4
2024.08.01	02:24:01.019	0.59549	0.59550			6
2024.08.01	02:24:01.323	0.59544	0.59549			6
2024.08.01	02:24:02.383		0.59548			4
2024.08.01	02:24:06.917		0.59547			4
2024.08.01	02:24:07.327		0.59548			4
2024.08.01	02:24:08.397		0.59549			4
2024.08.01	02:24:09.067		0.59548			4
2024.08.01	02:24:23.240		0.59549			4
2024.08.01	02:24:23.916		0.59548			4
2024.08.01	02:24:25.141		0.59549			4
2024.08.01	02:24:26.191		0.59548			4
2024.08.01	02:24:36.309		0.59549			4
2024.08.01	02:24:36.630	0.59549	0.59553			6
2024.08.01	02:25:00.788	0.59549				2
2024.08.01	02:25:14.049		0.59551			4
2024.08.01	02:25:17.825	0.59548				2
2024.08.01	02:25:20.529	0.59547				2
2024.08.01	02:25:31.580	0.59544	0.59546			6
2024.08.01	02:25:33.851	0.59541	0.59544			6
2024.08.01	02:25:34.162	0.59542	0.59546			6
2024.08.01	02:25:41.270	0.59543				2
2024.08.01	02:25:49.130	0.59541	0.59544			6
2024.08.01	02:26:01.597	0.59541				2
2024.08.01	02:26:02.445	0.59540	0.59543			6
2024.08.01	02:26:08.540	0.59541				2
2024.08.01	02:26:13.815	0.59540	0.59544			6
2024.08.01	02:27:00.225	0.59540				2
2024.08.01	02:27:05.016	0.59542	0.59547			6
2024.08.01	02:27:07.333		0.59546			4
2024.08.01	02:28:00.051	0.59542				2
2024.08.01	02:28:07.371		0.59546			4
2024.08.01	02:28:25.805	0.59543				2
2024.08.01	02:28:26.521	0.59542				2
2024.08.01	02:29:01.457	0.59542				2
2024.08.01	02:29:10.338		0.59546			4
2024.08.01	02:29:46.767	0.59545				2
2024.08.01	02:29:50.754	0.59544				2
2024.08.01	02:29:53.789	0.59543				2
2024.08.01	02:29:54.854	0.59541	0.59544			6
2024.08.01	02:30:00.874	0.59541				2
2024.08.01	02:30:04.981	0.59538	0.59540			6
2024.08.01	02:30:07.576		0.59539			4
2024.08.01	02:30:09.157	0.59534	0.59537			6
2024.08.01	02:30:10.384	0.59532				2
2024.08.01	02:30:10.694		0.59535			4
2024.08.01	02:30:12.516		0.59536			4
2024.08.01	02:30:29.384		0.59535			4
2024.08.01	02:30:30.377		0.59536			4
2024.08.01	02:30:34.530	0.59533	0.59537			6
2024.08.01	02:30:34.872		0.59536			4
2024.08.01	02:30:36.466	0.59532				2
2024.08.01	02:30:40.329		0.59535			4
2024.08.01	02:30:49.379		0.59536			4
2024.08.01	02:30:51.151		0.59535			4
2024.08.01	02:30:51.895		0.59536			4
2024.08.01	02:30:53.382		0.59535			4
2024.08.01	02:30:59.470	0.59533	0.59536			6
2024.08.01	02:31:00.116	0.59533				2
2024.08.01	02:31:00.696	0.59532	0.59535			6
2024.08.01	02:31:01.364		0.59536			4
2024.08.01	02:31:09.399		0.59535			4
2024.08.01	02:31:09.722		0.59536			4
2024.08.01	02:31:12.609		0.59535			4
2024.08.01	02:31:12.963		0.59536			4
2024.08.01	02:31:22.205		0.59535			4
2024.08.01	02:31:22.942		0.59536			4
2024.08.01	02:31:30.208		0.59535			4
2024.08.01	02:31:30.542		0.59537			4
2024.08.01	02:32:00.135	0.59532	0.59536			6
2024.08.01	02:32:03.026		0.59535			4
2024.08.01	02:32:03.333		0.59536			4
2024.08.01	02:32:03.703		0.59535			4
2024.08.01	02:32:04.003		0.59536			4
2024.08.01	02:32:07.374		0.59535			4
2024.08.01	02:32:08.348		0.59536			4
2024.08.01	02:32:16.553		0.59537			4
2024.08.01	02:32:22.343		0.59536			4
2024.08.01	02:32:22.700		0.59537			4
2024.08.01	02:32:24.727		0.59536			4
2024.08.01	02:32:45.976	0.59533	0.59537			6
2024.08.01	02:32:47.641	0.59535	0.59538			6
2024.08.01	02:32:58.051	0.59534				2
2024.08.01	02:32:58.844	0.59535				2
2024.08.01	02:33:00.386	0.59535				2
2024.08.01	02:33:11.422	0.59532	0.59537			6
2024.08.01	02:33:12.844		0.59536			4
2024.08.01	02:33:17.181		0.59535			4
2024.08.01	02:33:17.547		0.59536			4
2024.08.01	02:33:17.852		0.59535			4
2024.08.01	02:33:18.382		0.59536			4
2024.08.01	02:33:18.771		0.59535			4
2024.08.01	02:33:56.957		0.59536			4
2024.08.01	02:34:01.148	0.59532				2
2024.08.01	02:34:03.219	0.59533				2
2024.08.01	02:34:03.847	0.59532				2
2024.08.01	02:34:08.478	0.59533				2
2024.08.01	02:34:09.406	0.59535	0.59538			6
2024.08.01	02:34:37.390	0.59534	0.59537			6
2024.08.01	02:34:37.794	0.59533	0.59536			6
2024.08.01	02:34:45.753		0.59537			4
2024.08.01	02:35:00.961	0.59533				2
2024.08.01	02:35:02.385	0.59534				2
2024.08.01	02:35:13.293		0.59536			4
2024.08.01	02:35:14.382		0.59537			4
2024.08.01	02:36:01.426	0.59534				2
2024.08.01	02:36:11.848	0.59536	0.59538			6
2024.08.01	02:36:25.819	0.59535	0.59537			6
2024.08.01	02:36:26.131		0.59538			4
2024.08.01	02:37:00.042	0.59535				2
2024.08.01	02:37:01.922	0.59536				2
2024.08.01	02:37:06.218		0.59537			4
2024.08.01	02:37:06.897		0.59538			4
2024.08.01	02:38:00.672	0.59536				2
2024.08.01	02:38:15.045		0.59538			4
2024.08.01	02:38:36.444	0.59535				2
2024.08.01	02:38:39.620	0.59534	0.59536			6
2024.08.01	02:38:41.645	0.59533	0.59535			6
2024.08.01	02:38:51.009	0.59532				2
2024.08.01	02:38:52.144		0.59536			4
2024.08.01	02:38:54.837		0.59535			4
2024.08.01	02:38:55.379		0.59536			4
2024.08.01	02:38:56.673		0.59533			4
2024.08.01	02:39:01.011	0.59532				2
2024.08.01	02:39:06.668		0.59536			4
2024.08.01	02:39:41.626	0.59533	0.59537			6
2024.08.01	02:39:43.565		0.59536			4
2024.08.01	02:40:00.138	0.59533				2
2024.08.01	02:40:04.680		0.59535			4
2024.08.01	02:40:07.777	0.59532				2
2024.08.01	02:40:11.610		0.59536			4
2024.08.01	02:40:34.638		0.59535			4
2024.08.01	02:40:48.626	0.59534	0.59536			6
2024.08.01	02:40:49.383	0.59533				2
2024.08.01	02:40:49.847		0.59534			4
2024.08.01	02:40:56.825	0.59532				2
2024.08.01	02:40:57.165	0.59530	0.59531			6
2024.08.01	02:41:00.340	0.59527	0.59528			6
2024.08.01	02:41:00.642	0.59525	0.59527			6
2024.08.01	02:41:03.461	0.59527	0.59528			6
2024.08.01	02:42:00.652	0.59527				2
2024.08.01	02:42:03.761		0.59528			4
2024.08.01	02:42:12.453	0.59522	0.59523			6
2024.08.01	02:42:30.775	0.59520	0.59522			6
2024.08.01	02:42:34.079	0.59517	0.59518			6
2024.08.01	02:43:00.566	0.59517				2
2024.08.01	02:43:11.588	0.59514				2
2024.08.01	02:43:17.082		0.59516			4
2024.08.01	02:43:17.521	0.59513				2
2024.08.01	02:43:35.618	0.59516	0.59517			6
2024.08.01	02:44:00.065	0.59516				2
2024.08.01	02:44:11.357		0.59518			4
2024.08.01	02:44:21.649	0.59518	0.59519			6
2024.08.01	02:44:26.017	0.59519	0.59520			6
2024.08.01	02:44:31.233	0.59520	0.59521			6
2024.08.01	02:44:33.153	0.59519	0.59520			6
2024.08.01	02:44:34.502	0.59518				2
2024.08.01	02:44:37.326	0.59519				2
2024.08.01	02:44:37.707	0.59518				2
2024.08.01	02:44:46.242	0.59519				2
2024.08.01	02:44:46.543	0.59518				2
2024.08.01	02:45:00.496	0.59518				2
2024.08.01	02:45:01.613	0.59519				2
2024.08.01	02:45:02.382	0.59518				2
2024.08.01	02:45:05.232	0.59519				2
2024.08.01	02:45:05.558	0.59518				2
2024.08.01	02:45:30.734	0.59519				2
2024.08.01	02:45:31.829	0.59520	0.59521			6
2024.08.01	02:45:32.143	0.59519	0.59520			6
2024.08.01	02:45:49.272	0.59518				2
2024.08.01	02:45:58.793	0.59521	0.59522			6
2024.08.01	02:46:00.369	0.59521				2
2024.08.01	02:46:03.398	0.59522	0.59523			6
2024.08.01	02:46:04.347	0.59521	0.59522			6
2024.08.01	02:46:08.597	0.59522	0.59523			6
2024.08.01	02:46:09.270	0.59521				2
2024.08.01	02:46:09.907		0.59524			4
2024.08.01	02:46:16.509	0.59518	0.59519			6
2024.08.01	02:46:16.811	0.59514	0.59517			6
2024.08.01	02:46:17.208	0.59513				2
2024.08.01	02:46:41.842	0.59508	0.59511			6
2024.08.01	02:46:43.237		0.59512			4
2024.08.01	02:46:48.167	0.59509				2
2024.08.01	02:46:48.586	0.59508				2
2024.08.01	02:47:00.030	0.59508				2
2024.08.01	02:47:33.847	0.59511				2
2024.08.01	02:47:34.163		0.59514			4
2024.08.01	02:47:35.189	0.59506	0.59510			6
2024.08.01	02:47:40.352		0.59509			4
2024.08.01	02:47:44.390	0.59504	0.59508			6
2024.08.01	02:47:55.032	0.59503				2
2024.08.01	02:47:58.241		0.59507			4
2024.08.01	02:48:00.161	0.59503				2
2024.08.01	02:48:01.224		0.59504			4
2024.08.01	02:48:02.611	0.59499	0.59503			6
2024.08.01	02:48:20.733	0.59498	0.59501			6
2024.08.01	02:48:21.748	0.59497				2
2024.08.01	02:48:22.688		0.59499			4
2024.08.01	02:48:23.353	0.59495				2
2024.08.01	02:48:27.581	0.59496				2
2024.08.01	02:48:27.884	0.59495				2
2024.08.01	02:48:46.617	0.59496				2
2024.08.01	02:48:48.387	0.59495				2
2024.08.01	02:48:50.739	0.59494	0.59498			6
2024.08.01	02:49:00.328	0.59494				2
2024.08.01	02:49:08.969	0.59493	0.59497			6
2024.08.01	02:49:20.629		0.59498			4
2024.08.01	02:49:23.384	0.59494	0.59497			6
2024.08.01	02:49:24.383	0.59493				2
2024.08.01	02:49:29.170		0.59496			4
2024.08.01	02:49:30.123	0.59491	0.59493			6
2024.08.01	02:49:32.131		0.59494			4
2024.08.01	02:49:38.202		0.59493			4
2024.08.01	02:49:40.337	0.59490				2
2024.08.01	02:49:41.072		0.59494			4
2024.08.01	02:49:44.824	0.59492				2
2024.08.01	02:49:45.130	0.59491	0.59495			6
2024.08.01	02:49:47.291		0.59494			4
2024.08.01	02:49:47.596	0.59492	0.59495			6
2024.08.01	02:49:51.288		0.59497			4
2024.08.01	02:49:51.697		0.59496			4
2024.08.01	02:49:52.088		0.59495			4
2024.08.01	02:49:57.309	0.59493	0.59496			6
2024.08.01	02:49:57.646		0.59497			4
2024.08.01	02:49:58.379	0.59492				2
2024.08.01	02:49:58.689	0.59493				2
2024.08.01	02:50:00.196	0.59493				2
2024.08.01	02:50:01.268		0.59496			4
2024.08.01	02:50:01.573	0.59492	0.59495			6
2024.08.01	02:50:02.804		0.59496			4
2024.08.01	02:50:03.769		0.59495			4
2024.08.01	02:50:05.431		0.59496			4
2024.08.01	02:50:06.922	0.59493	0.59497			6
2024.08.01	02:50:08.493		0.59496			4
2024.08.01	02:50:09.412		0.59497			4
2024.08.01	02:50:15.212	0.59495	0.59498			6
2024.08.01	02:50:16.952	0.59496				2
2024.08.01	02:50:22.179	0.59495	0.59497			6
2024.08.01	02:50:22.560		0.59498			4
2024.08.01	02:50:30.738		0.59499			4
2024.08.01	02:50:37.383		0.59498			4
2024.08.01	02:50:44.244	0.59496				2
2024.08.01	02:50:52.572		0.59499			4
2024.08.01	02:51:00.222	0.59496				2
2024.08.01	02:51:05.294	0.59495				2
2024.08.01	02:51:05.982	0.59500	0.59502			6
2024.08.01	02:51:06.305		0.59503			4
2024.08.01	02:51:12.328	0.59501	0.59504			6
2024.08.01	02:51:13.311	0.59500				2
2024.08.01	02:51:13.671	0.59503	0.59505			6
2024.08.01	02:51:14.979	0.59502	0.59504			6
2024.08.01	02:51:15.649	0.59503	0.59505			6
2024.08.01	02:51:17.793	0.59504	0.59508			6
2024.08.01	02:51:20.619	0.59509	0.59512			6
2024.08.01	02:51:20.924		0.59513			4
2024.08.01	02:51:21.553	0.59511	0.59514			6
2024.08.01	02:51:21.862		0.59515			4
2024.08.01	02:51:22.496	0.59514	0.59516			6
2024.08.01	02:51:22.799		0.59518			4
2024.08.01	02:51:27.875	0.59515				2
2024.08.01	02:51:30.720	0.59517	0.59521			6
2024.08.01	02:51:31.718		0.59520			4
2024.08.01	02:51:32.463	0.59516	0.59518			6
2024.08.01	02:51:37.064	0.59517	0.59520			6
2024.08.01	02:51:37.708		0.59521			4
2024.08.01	02:51:39.397		0.59520			4
2024.08.01	02:51:41.586		0.59521			4
2024.08.01	02:51:42.410	0.59519				2
2024.08.01	02:51:43.782	0.59517				2
2024.08.01	02:51:44.119	0.59518				2
2024.08.01	02:51:44.507	0.59517				2
2024.08.01	02:51:46.678	0.59520				2
2024.08.01	02:51:46.986	0.59521	0.59522			6
2024.08.01	02:51:47.319	0.59522	0.59523			6
2024.08.01	02:51:47.634	0.59523	0.59525			6
2024.08.01	02:51:50.264	0.59524	0.59528			6
2024.08.01	02:51:50.903	0.59525				2
2024.08.01	02:51:52.215	0.59527	0.59530			6
2024.08.01	02:51:59.804		0.59531			4
2024.08.01	02:52:00.203	0.59527				2
2024.08.01	02:52:01.297	0.59528				2
2024.08.01	02:52:01.921	0.59527				2
2024.08.01	02:52:05.156		0.59530			4
2024.08.01	02:52:09.179		0.59529			4
2024.08.01	02:52:11.704		0.59530			4
2024.08.01	02:52:25.871	0.59523	0.59527			6
2024.08.01	02:52:26.189	0.59524				2
2024.08.01	02:52:30.628	0.59528	0.59530			6
2024.08.01	02:52:32.732	0.59530	0.59531			6
2024.08.01	02:52:33.125	0.59532	0.59534			6
2024.08.01	02:52:34.991	0.59533				2
2024.08.01	02:52:37.263	0.59534	0.59537			6
2024.08.01	02:52:52.769	0.59535				2
2024.08.01	02:52:54.516	0.59534				2
2024.08.01	02:52:58.896		0.59538			4
2024.08.01	02:52:59.725	0.59539	0.59542			6
2024.08.01	02:53:00.043	0.59543	0.59545			6
2024.08.01	02:53:04.272	0.59544	0.59547			6
2024.08.01	02:53:05.357		0.59546			4
2024.08.01	02:53:10.739	0.59543				2
2024.08.01	02:53:14.385		0.59545			4
2024.08.01	02:53:29.297		0.59546			4
2024.08.01	02:53:34.423	0.59544	0.59547			6
2024.08.01	02:53:35.495		0.59546			4
2024.08.01	02:53:36.039		0.59547			4
2024.08.01	02:53:37.082		0.59546			4
2024.08.01	02:53:37.443		0.59547			4
2024.08.01	02:53:43.638		0.59545			4
2024.08.01	02:53:43.943		0.59546			4
2024.08.01	02:53:52.961	0.59540	0.59544			6
2024.08.01	02:53:56.974		0.59543			4
2024.08.01	02:54:00.194	0.59540				2
2024.08.01	02:54:00.502	0.59537	0.59538			6
2024.08.01	02:54:00.806	0.59532	0.59535			6
2024.08.01	02:54:01.588		0.59536			4
2024.08.01	02:54:02.175	0.59531	0.59534			6
2024.08.01	02:54:05.645	0.59533	0.59536			6
2024.08.01	02:54:08.232	0.59534	0.59538			6
2024.08.01	02:54:10.505	0.59535				2
2024.08.01	02:54:11.159		0.59536			4
2024.08.01	02:54:11.533	0.59534				2
2024.08.01	02:54:14.240		0.59535			4
2024.08.01	02:54:14.545	0.59533	0.59537			6
2024.08.01	02:54:17.046		0.59538			4
2024.08.01	02:54:18.371	0.59534				2
2024.08.01	02:54:18.679	0.59533				2
2024.08.01	02:54:19.731	0.59534				2
2024.08.01	02:54:22.659		0.59536			4
2024.08.01	02:54:22.963	0.59531	0.59534			6
2024.08.01	02:54:25.023	0.59532	0.59536			6
2024.08.01	02:54:26.350	0.59533				2
2024.08.01	02:54:31.420		0.59538			4
2024.08.01	02:54:35.382	0.59534				2
2024.08.01	02:54:38.345	0.59533				2
2024.08.01	02:54:39.610	0.59534				2
2024.08.01	02:54:43.802	0.59530	0.59534			6
2024.08.01	02:54:55.510		0.59533			4
2024.08.01	02:54:59.702		0.59534			4
2024.08.01	02:55:00.006	0.59530				2
2024.08.01	02:55:00.328		0.59533			4
2024.08.01	02:55:04.485	0.59529				2
2024.08.01	02:55:04.796		0.59532			4
2024.08.01	02:55:17.156		0.59530			4
2024.08.01	02:55:17.463	0.59515	0.59518			6
2024.08.01	02:55:17.766	0.59514	0.59517			6
2024.08.01	02:55:18.080	0.59516	0.59518			6
2024.08.01	02:55:18.382		0.59517			4
2024.08.01	02:55:18.696		0.59518			4
2024.08.01	02:55:20.107	0.59513	0.59516			6
2024.08.01	02:55:20.423	0.59518	0.59521			6
2024.08.01	02:55:20.747		0.59520			4
2024.08.01	02:55:21.158	0.59517	0.59519			6
2024.08.01	02:55:21.465	0.59518	0.59520			6
2024.08.01	02:55:23.702	0.59517				2
2024.08.01	02:55:26.832	0.59518				2
2024.08.01	02:55:29.545	0.59519	0.59521			6
2024.08.01	02:55:31.385	0.59518	0.59519			6
2024.08.01	02:55:32.109		0.59520			4
2024.08.01	02:55:45.447	0.59519	0.59522			6
2024.08.01	02:55:46.475		0.59521			4
2024.08.01	02:55:46.862	0.59517	0.59519			6
2024.08.01	02:55:48.971	0.59518	0.59520			6
2024.08.01	02:55:49.280	0.59517	0.59519			6
2024.08.01	02:55:49.965		0.59520			4
2024.08.01	02:55:50.607		0.59519			4
2024.08.01	02:55:52.291		0.59520			4
2024.08.01	02:55:54.413		0.59519			4
2024.08.01	02:55:54.738		0.59520			4
2024.08.01	02:56:00.183	0.59517				2
2024.08.01	02:56:01.062		0.59519			4
2024.08.01	02:56:02.816		0.59520			4
2024.08.01	02:56:03.499		0.59519			4
2024.08.01	02:56:04.143		0.59520			4
2024.08.01	02:56:18.771		0.59518			4
2024.08.01	02:56:20.750	0.59514	0.59517			6
2024.08.01	02:56:21.371		0.59516			4
2024.08.01	02:56:21.684	0.59509	0.59511			6
2024.08.01	02:56:21.987	0.59507	0.59509			6
2024.08.01	02:56:27.626	0.59508	0.59510			6
2024.08.01	02:56:27.951	0.59507				2
2024.08.01	02:56:28.378	0.59508				2
2024.08.01	02:56:29.642	0.59507				2
2024.08.01	02:56:30.360	0.59508				2
2024.08.01	02:56:30.681	0.59507	0.59511			6
2024.08.01	02:56:31.377	0.59508				2
2024.08.01	02:56:31.690	0.59507				2
2024.08.01	02:56:37.977	0.59505	0.59508			6
2024.08.01	02:56:38.282	0.59504				2
2024.08.01	02:56:43.378	0.59505				2
2024.08.01	02:56:49.370	0.59504				2
2024.08.01	02:56:54.302		0.59507			4
2024.08.01	02:56:55.381	0.59505				2
2024.08.01	02:56:56.671	0.59504				2
2024.08.01	02:57:00.689	0.59503				2
2024.08.01	02:57:01.004	0.59504				2
2024.08.01	02:57:06.802	0.59503				2
2024.08.01	02:57:12.094	0.59504				2
2024.08.01	02:57:18.377	0.59505				2
2024.08.01	02:57:19.290	0.59504				2
2024.08.01	02:57:19.610	0.59503				2
2024.08.01	02:57:20.274		0.59506			4
2024.08.01	02:57:24.917	0.59504	0.59507			6
2024.08.01	02:57:28.607	0.59505				2
2024.08.01	02:57:30.802	0.59509	0.59512			6
2024.08.01	02:57:31.122	0.59508				2
2024.08.01	02:57:31.427		0.59511			4
2024.08.01	02:57:32.214	0.59507				2
2024.08.01	02:57:42.656	0.59506	0.59510			6
2024.08.01	02:57:47.103	0.59507	0.59511			6
2024.08.01	02:57:47.514	0.59508	0.59512			6
2024.08.01	02:57:50.353	0.59509				2
2024.08.01	02:57:54.052	0.59511				2
2024.08.01	02:57:57.693	0.59510	0.59513			6
2024.08.01	02:58:00.488	0.59510				2
2024.08.01	02:58:00.857	0.59511	0.59514			6
2024.08.01	02:58:02.953	0.59512	0.59515			6
2024.08.01	02:58:03.272	0.59509	0.59512			6
2024.08.01	02:58:03.582	0.59506	0.59509			6
2024.08.01	02:58:07.278	0.59507	0.59510			6
2024.08.01	02:58:10.522	0.59506				2
2024.08.01	02:58:11.963	0.59507				2
2024.08.01	02:58:14.001	0.59506				2
2024.08.01	02:58:14.312	0.59507				2
2024.08.01	02:58:16.269	0.59506				2
2024.08.01	02:58:19.019	0.59505	0.59508			6
2024.08.01	02:58:19.323	0.59504				2
2024.08.01	02:58:23.724	0.59503	0.59507			6
2024.08.01	02:58:26.729	0.59502	0.59505			6
2024.08.01	02:58:29.366		0.59506			4
2024.08.01	02:58:31.379	0.59503				2
2024.08.01	02:58:37.020	0.59502				2
2024.08.01	02:58:38.388	0.59503	0.59505			6
2024.08.01	02:58:43.921	0.59504				2
2024.08.01	02:58:45.265	0.59505	0.59506			6
2024.08.01	02:58:45.650	0.59503				2
2024.08.01	02:58:51.470	0.59502				2
2024.08.01	02:58:54.101	0.59504				2
2024.08.01	02:58:54.543	0.59502				2
2024.08.01	02:58:56.679	0.59503				2
2024.08.01	02:59:00.041	0.59503				2
2024.08.01	02:59:00.389	0.59504				2
2024.08.01	02:59:00.722		0.59507			4
2024.08.01	02:59:01.884	0.59502	0.59506			6
2024.08.01	02:59:03.314	0.59503	0.59507			6
2024.08.01	02:59:04.793	0.59504				2
2024.08.01	02:59:10.699	0.59503				2
2024.08.01	02:59:14.618	0.59504				2
2024.08.01	02:59:18.929	0.59503				2
2024.08.01	02:59:20.079	0.59504				2
2024.08.01	02:59:21.047	0.59505				2
2024.08.01	02:59:21.350	0.59509	0.59512			6
2024.08.01	02:59:21.775	0.59508				2
2024.08.01	02:59:22.114	0.59509	0.59513			6
2024.08.01	02:59:22.762	0.59510				2
2024.08.01	02:59:24.348	0.59509	0.59512			6
2024.08.01	02:59:25.105	0.59510				2
2024.08.01	02:59:26.981	0.59509				2
2024.08.01	02:59:27.281		0.59513			4
2024.08.01	02:59:28.643	0.59510	0.59512			6
2024.08.01	02:59:28.946	0.59509	0.59513			6
2024.08.01	02:59:29.714	0.59510	0.59512			6
2024.08.01	02:59:30.043	0.59509	0.59513			6
2024.08.01	02:59:30.353	0.59510				2
2024.08.01	02:59:30.658	0.59509				2
2024.08.01	02:59:31.948	0.59510				2
2024.08.01	02:59:32.269	0.59509				2
2024.08.01	02:59:32.646	0.59510				2
2024.08.01	02:59:33.186	0.59509	0.59512			6
2024.08.01	02:59:33.492	0.59510				2
2024.08.01	02:59:33.801	0.59509				2
2024.08.01	02:59:34.255	0.59510	0.59515			6
2024.08.01	02:59:34.573	0.59511				2
2024.08.01	02:59:38.630		0.59514			4
2024.08.01	02:59:38.974	0.59510				2
2024.08.01	02:59:39.287	0.59512	0.59516			6
2024.08.01	02:59:41.181		0.59515			4
2024.08.01	02:59:42.834	0.59511				2
2024.08.01	02:59:43.462	0.59512				2
2024.08.01	02:59:45.414	0.59511				2
2024.08.01	02:59:46.131	0.59512				2
2024.08.01	02:59:49.816		0.59516			4
2024.08.01	02:59:50.146	0.59513				2
2024.08.01	02:59:50.771	0.59512				2
2024.08.01	02:59:51.485	0.59513				2
2024.08.01	02:59:52.062	0.59512				2
2024.08.01	02:59:52.711	0.59513				2
2024.08.01	02:59:53.025	0.59512				2
2024.08.01	02:59:54.237	0.59513				2
2024.08.01	02:59:56.043		0.59517			4
2024.08.01	02:59:56.368	0.59514				2
2024.08.01	02:59:57.041	0.59513				2
2024.08.01	02:59:58.756		0.59516			4
2024.08.01	03:00:00.049	0.59513				2
2024.08.01	03:00:00.355	0.59515				2
2024.08.01	03:00:00.662	0.59514				2
2024.08.01	03:00:00.965	0.59510	0.59512			6
2024.08.01	03:00:01.269	0.59508	0.59510			6
2024.08.01	03:00:01.586	0.59507	0.59508			6
2024.08.01	03:00:01.903	0.59505	0.59507			6
2024.08.01	03:00:02.225		0.59506			4
2024.08.01	03:00:02.542	0.59507	0.59508			6
2024.08.01	03:00:03.164	0.59508	0.59510			6
2024.08.01	03:00:03.507	0.59509				2
2024.08.01	03:00:05.292	0.59511	0.59512			6
2024.08.01	03:00:06.259	0.59513	0.59515			6
2024.08.01	03:00:07.999		0.59514			4
2024.08.01	03:00:08.974		0.59515			4
2024.08.01	03:00:09.969		0.59514			4
2024.08.01	03:00:10.321	0.59514	0.59516			6
2024.08.01	03:00:10.672		0.59515			4
2024.08.01	03:00:11.595		0.59516			4
2024.08.01	03:00:11.934	0.59515				2
2024.08.01	03:00:12.236	0.59514				2
2024.08.01	03:00:12.544	0.59515				2
2024.08.01	03:00:12.901	0.59514				2
2024.08.01	03:00:13.205	0.59512	0.59513			6
2024.08.01	03:00:13.509	0.59511	0.59512			6
2024.08.01	03:00:13.823	0.59506	0.59508			6
2024.08.01	03:00:14.127	0.59505	0.59506			6
2024.08.01	03:00:14.453		0.59507			4
2024.08.01	03:00:16.039	0.59506				2
2024.08.01	03:00:17.736	0.59508	0.59510			6
2024.08.01	03:00:18.049	0.59506	0.59508			6
2024.08.01	03:00:19.080	0.59507	0.59509			6
2024.08.01	03:00:19.385	0.59508	0.59510			6
2024.08.01	03:00:20.631		0.59511			4
2024.08.01	03:00:21.370		0.59510			4
2024.08.01	03:00:22.079		0.59511			4
2024.08.01	03:00:22.380	0.59509				2
2024.08.01	03:00:22.683	0.59508	0.59510			6
2024.08.01	03:00:22.998	0.59507	0.59511			6
2024.08.01	03:00:23.692	0.59508				2
2024.08.01	03:00:24.001	0.59507				2
2024.08.01	03:00:24.627	0.59508				2
2024.08.01	03:00:24.942	0.59507	0.59510			6
2024.08.01	03:00:25.266	0.59508				2
2024.08.01	03:00:25.583	0.59507				2
2024.08.01	03:00:25.885	0.59506	0.59509			6
2024.08.01	03:00:26.205	0.59509	0.59511			6
2024.08.01	03:00:26.524	0.59512	0.59514			6
2024.08.01	03:00:26.825	0.59513	0.59515			6
2024.08.01	03:00:29.755		0.59514			4
2024.08.01	03:00:30.730		0.59515			4
2024.08.01	03:00:32.030	0.59515	0.59517			6
2024.08.01	03:00:32.370	0.59516	0.59518			6
2024.08.01	03:00:32.993	0.59518	0.59520			6
2024.08.01	03:00:36.333	0.59519				2
2024.08.01	03:00:37.295	0.59521	0.59523			6
2024.08.01	03:00:37.604	0.59523	0.59525			6
2024.08.01	03:00:38.234	0.59524	0.59526			6
2024.08.01	03:00:38.541	0.59526	0.59527			6
2024.08.01	03:00:38.843	0.59528	0.59530			6
2024.08.01	03:00:39.144	0.59529				2
2024.08.01	03:00:39.791	0.59528				2
2024.08.01	03:00:40.109	0.59529				2
2024.08.01	03:00:40.782	0.59528				2
2024.08.01	03:00:41.412	0.59525	0.59527			6
2024.08.01	03:00:41.723	0.59524				2
2024.08.01	03:00:42.027		0.59528			4
2024.08.01	03:00:42.351	0.59523	0.59525			6
2024.08.01	03:00:43.044		0.59527			4
2024.08.01	03:00:43.362		0.59526			4
2024.08.01	03:00:44.021	0.59524	0.59527			6
2024.08.01	03:00:44.333	0.59523				2
2024.08.01	03:00:45.286		0.59526			4
2024.08.01	03:00:46.022	0.59520	0.59523			6
2024.08.01	03:00:46.326	0.59519				2
2024.08.01	03:00:46.681	0.59520				2
2024.08.01	03:00:47.724	0.59519				2
2024.08.01	03:00:48.058	0.59520				2
2024.08.01	03:00:48.383	0.59523	0.59525			6
2024.08.01	03:00:48.685	0.59524				2
2024.08.01	03:00:49.002	0.59523				2
2024.08.01	03:00:49.774	0.59524				2
2024.08.01	03:00:50.141	0.59523				2
2024.08.01	03:00:52.203	0.59524				2
2024.08.01	03:00:52.549	0.59523	0.59526			6
2024.08.01	03:00:53.825	0.59524				2
2024.08.01	03:00:54.153		0.59527			4
2024.08.01	03:00:54.475	0.59526	0.59529			6
2024.08.01	03:00:54.783	0.59524	0.59527			6
2024.08.01	03:00:55.434	0.59523	0.59526			6
2024.08.01	03:00:55.742		0.59525			4
2024.08.01	03:00:56.791		0.59526			4
2024.08.01	03:00:59.933	0.59520	0.59524			6
2024.08.01	03:01:00.243	0.59520	0.59522			6
2024.08.01	03:01:00.554		0.59523			4
2024.08.01	03:01:00.858	0.59518	0.59522			6
2024.08.01	03:01:02.701	0.59519				2
2024.08.01	03:01:03.004	0.59520	0.59523			6
2024.08.01	03:01:03.640	0.59522	0.59524			6
2024.08.01	03:01:03.942		0.59526			4
2024.08.01	03:01:05.744	0.59523				2
2024.08.01	03:01:07.053	0.59524	0.59527			6
2024.08.01	03:01:08.448	0.59525				2
2024.08.01	03:01:08.755		0.59528			4
2024.08.01	03:01:09.793	0.59523	0.59525			6
2024.08.01	03:01:14.898	0.59524	0.59526			6
2024.08.01	03:01:15.200	0.59527	0.59531			6
2024.08.01	03:01:15.873	0.59528				2
2024.08.01	03:01:16.655	0.59527	0.59530			6
2024.08.01	03:01:17.667	0.59528				2
2024.08.01	03:01:18.383	0.59527				2
2024.08.01	03:01:20.647	0.59528				2
2024.08.01	03:01:21.147	0.59527	0.59531			6
2024.08.01	03:01:23.524	0.59525	0.59528			6
2024.08.01	03:01:24.722	0.59524				2
2024.08.01	03:01:25.349		0.59527			4
2024.08.01	03:01:25.981	0.59522	0.59525			6
2024.08.01	03:01:26.866	0.59521	0.59524			6
2024.08.01	03:01:27.169	0.59522	0.59525			6
2024.08.01	03:01:28.045		0.59524			4
2024.08.01	03:01:28.739	0.59523	0.59525			6
2024.08.01	03:01:29.861	0.59522				2
2024.08.01	03:01:30.926		0.59524			4
2024.08.01	03:01:31.576	0.59523	0.59525			6
2024.08.01	03:01:32.460	0.59524	0.59526			6
2024.08.01	03:01:33.425	0.59526	0.59527			6
2024.08.01	03:01:33.744	0.59525				2
2024.08.01	03:01:34.966	0.59526	0.59528			6
2024.08.01	03:01:36.973	0.59525				2
2024.08.01	03:01:37.454	0.59523	0.59526			6
2024.08.01	03:01:38.139		0.59525			4
2024.08.01	03:01:38.805		0.59526			4
2024.08.01	03:01:39.117	0.59525	0.59527			6
2024.08.01	03:01:42.453	0.59524				2
2024.08.01	03:01:43.146	0.59523	0.59525			6
2024.08.01	03:01:43.764	0.59522				2
2024.08.01	03:01:45.170		0.59524			4
2024.08.01	03:01:45.513		0.59525			4
2024.08.01	03:01:45.817	0.59521				2
2024.08.01	03:01:47.703	0.59522				2
2024.08.01	03:01:50.696		0.59524			4
2024.08.01	03:01:51.554	0.59520	0.59521			6
2024.08.01	03:01:51.859	0.59519				2
2024.08.01	03:01:52.472	0.59514	0.59515			6
2024.08.01	03:01:52.778	0.59515	0.59518			6
2024.08.01	03:01:54.113	0.59517				2
2024.08.01	03:01:54.433	0.59515	0.59517			6
2024.08.01	03:01:54.743	0.59517	0.59518			6
2024.08.01	03:01:55.061	0.59516				2
2024.08.01	03:01:57.949	0.59515	0.59517			6
2024.08.01	03:01:58.501		0.59518			4
2024.08.01	03:01:59.871	0.59516	0.59519			6
2024.08.01	03:02:00.197	0.59515	0.59518			6
2024.08.01	03:02:01.217	0.59514	0.59517			6
2024.08.01	03:02:01.538		0.59516			4
2024.08.01	03:02:02.542		0.59517			4
2024.08.01	03:02:02.853		0.59516			4
2024.08.01	03:02:03.164	0.59515	0.59517			6
2024.08.01	03:02:03.482	0.59517	0.59519			6
2024.08.01	03:02:06.981	0.59518				2
2024.08.01	03:02:08.067	0.59517				2
2024.08.01	03:02:10.359		0.59520			4
2024.08.01	03:02:12.288	0.59520	0.59522			6
2024.08.01	03:02:12.668	0.59517	0.59521			6
2024.08.01	03:02:14.018		0.59520			4
2024.08.01	03:02:14.360		0.59521			4
2024.08.01	03:02:14.666	0.59518				2
2024.08.01	03:02:15.278	0.59517				2
2024.08.01	03:02:16.284	0.59518				2
2024.08.01	03:02:16.601	0.59517				2
2024.08.01	03:02:16.972		0.59520			4
2024.08.01	03:02:17.426		0.59521			4
2024.08.01	03:02:18.569	0.59518				2
2024.08.01	03:02:19.206	0.59517				2
2024.08.01	03:02:20.314		0.59520			4
2024.08.01	03:02:20.714		0.59521			4
2024.08.01	03:02:21.018		0.59518			4
2024.08.01	03:02:22.092	0.59516	0.59517			6
2024.08.01	03:02:23.443	0.59517	0.59518			6
2024.08.01	03:02:23.773	0.59515	0.59516			6
2024.08.01	03:02:24.079	0.59514				2
2024.08.01	03:02:25.708	0.59515	0.59517			6
2024.08.01	03:02:26.382	0.59514				2
2024.08.01	03:02:27.515		0.59516			4
2024.08.01	03:02:28.498	0.59515	0.59518			6
2024.08.01	03:02:28.816		0.59517			4
2024.08.01	03:02:29.461	0.59513	0.59516			6
2024.08.01	03:02:30.160	0.59514	0.59517			6
2024.08.01	03:02:30.894	0.59513	0.59515			6
2024.08.01	03:02:31.202	0.59514	0.59516			6
2024.08.01	03:02:31.572		0.59517			4
2024.08.01	03:02:31.883	0.59515				2
2024.08.01	03:02:33.271	0.59513	0.59515			6
2024.08.01	03:02:33.585		0.59516			4
2024.08.01	03:02:34.024		0.59514			4
2024.08.01	03:02:34.326		0.59515			4
2024.08.01	03:02:35.650		0.59516			4
2024.08.01	03:02:35.970		0.59515			4
2024.08.01	03:02:36.659	0.59512	0.59514			6
2024.08.01	03:02:38.257		0.59515			4
2024.08.01	03:02:39.244		0.59514			4
2024.08.01	03:02:41.905		0.59513			4
2024.08.01	03:02:43.218	0.59510	0.59512			6
2024.08.01	03:02:45.089		0.59511			4
2024.08.01	03:02:45.441	0.59512	0.59514			6
2024.08.01	03:02:45.820	0.59513	0.59515			6
2024.08.01	03:02:46.164	0.59512	0.59514			6
2024.08.01	03:02:51.526	0.59511	0.59512			6
2024.08.01	03:02:51.843	0.59509	0.59511			6
2024.08.01	03:02:52.458		0.59512			4
2024.08.01	03:02:53.315	0.59510	0.59513			6
2024.08.01	03:02:55.715	0.59512	0.59515			6
2024.08.01	03:02:56.127	0.59513				2
2024.08.01	03:02:56.899	0.59512	0.59514			6
2024.08.01	03:02:59.679		0.59516			4
2024.08.01	03:03:00.299	0.59512	0.59515			6
2024.08.01	03:03:00.633	0.59513	0.59516			6
2024.08.01	03:03:00.946	0.59512	0.59515			6
2024.08.01	03:03:01.901	0.59509	0.59512			6
2024.08.01	03:03:02.202	0.59510	0.59513			6
2024.08.01	03:03:02.534		0.59512			4
2024.08.01	03:03:02.836	0.59511	0.59513			6
2024.08.01	03:03:03.143	0.59512	0.59515			6
2024.08.01	03:03:03.779	0.59514	0.59517			6
2024.08.01	03:03:04.132	0.59516	0.59518			6
2024.08.01	03:03:04.436	0.59515				2
2024.08.01	03:03:05.432	0.59514	0.59517			6
2024.08.01	03:03:05.733		0.59518			4
2024.08.01	03:03:07.219		0.59517			4
2024.08.01	03:03:07.533		0.59516			4
2024.08.01	03:03:07.844	0.59512	0.59515			6
2024.08.01	03:03:11.478	0.59509	0.59512			6
2024.08.01	03:03:11.825	0.59510	0.59513			6
2024.08.01	03:03:15.722	0.59509	0.59512			6
2024.08.01	03:03:24.452	0.59505	0.59507			6
2024.08.01	03:03:25.624		0.59508			4
2024.08.01	03:03:27.022	0.59508	0.59509			6
2024.08.01	03:03:27.324	0.59509	0.59512			6
2024.08.01	03:03:28.765	0.59510				2
2024.08.01	03:03:30.260		0.59513			4
2024.08.01	03:03:30.563	0.59513	0.59515			6
2024.08.01	03:03:32.346		0.59516			4
2024.08.01	03:03:32.766	0.59518	0.59519			6
2024.08.01	03:03:33.075	0.59519	0.59520			6
2024.08.01	03:03:33.377		0.59521			4
2024.08.01	03:03:34.676		0.59523			4
2024.08.01	03:03:35.365	0.59520				2
2024.08.01	03:03:36.867	0.59519				2
2024.08.01	03:03:37.778	0.59521	0.59524			6
2024.08.01	03:03:38.084	0.59523	0.59525			6
2024.08.01	03:03:38.753	0.59524	0.59526			6
2024.08.01	03:03:39.167	0.59522	0.59525			6
2024.08.01	03:03:40.765	0.59523				2
2024.08.01	03:03:42.079	0.59524	0.59527			6
2024.08.01	03:03:43.392	0.59523				2
2024.08.01	03:03:43.714		0.59526			4
2024.08.01	03:03:44.638		0.59525			4
2024.08.01	03:03:45.319	0.59522	0.59526			6
2024.08.01	03:03:46.127		0.59525			4
2024.08.01	03:03:47.530		0.59526			4
2024.08.01	03:03:47.871		0.59525			4
2024.08.01	03:03:48.705	0.59523	0.59527			6
2024.08.01	03:03:49.661	0.59524				2
2024.08.01	03:03:49.964	0.59523				2
2024.08.01	03:03:50.937		0.59526			4
2024.08.01	03:03:51.740	0.59522				2
2024.08.01	03:03:53.282	0.59523				2
2024.08.01	03:03:54.324	0.59529	0.59530			6
2024.08.01	03:03:54.628	0.59530	0.59531			6
2024.08.01	03:03:54.964	0.59529	0.59533			6
2024.08.01	03:03:55.983	0.59530				2
2024.08.01	03:03:56.309	0.59529				2
2024.08.01	03:03:57.283		0.59530			4
2024.08.01	03:03:59.041	0.59528				2
2024.08.01	03:03:59.343	0.59529				2
2024.08.01	03:04:00.103	0.59529				2
2024.08.01	03:04:00.766		0.59533			4
2024.08.01	03:04:01.082		0.59531			4
2024.08.01	03:04:02.386	0.59528	0.59530			6
2024.08.01	03:04:03.023	0.59526	0.59527			6
2024.08.01	03:04:03.326	0.59523	0.59526			6
2024.08.01	03:04:04.665		0.59525			4
2024.08.01	03:04:06.688	0.59524	0.59526			6
2024.08.01	03:04:07.341	0.59525	0.59527			6
2024.08.01	03:04:09.541	0.59524	0.59528			6
2024.08.01	03:04:09.853	0.59528	0.59530			6
2024.08.01	03:04:10.878	0.59524	0.59525			6
2024.08.01	03:04:11.211	0.59523	0.59524			6
2024.08.01	03:04:13.206	0.59521	0.59522			6
2024.08.01	03:04:13.835	0.59520				2
2024.08.01	03:04:14.187	0.59523	0.59525			6
2024.08.01	03:04:15.364		0.59524			4
2024.08.01	03:04:16.423	0.59522				2
2024.08.01	03:04:16.747		0.59523			4
2024.08.01	03:04:17.098	0.59521	0.59522			6
2024.08.01	03:04:19.013	0.59520	0.59521			6
2024.08.01	03:04:19.939	0.59519	0.59520			6
2024.08.01	03:04:30.373		0.59521			4
2024.08.01	03:04:31.128		0.59520			4
2024.08.01	03:04:31.799		0.59521			4
2024.08.01	03:04:32.660	0.59520				2
2024.08.01	03:04:33.482	0.59519	0.59522			6
2024.08.01	03:04:33.856	0.59520				2
2024.08.01	03:04:34.161	0.59521	0.59523			6
2024.08.01	03:04:34.540	0.59522	0.59526			6
2024.08.01	03:04:35.525	0.59521	0.59523			6
2024.08.01	03:04:36.834	0.59523	0.59526			6
2024.08.01	03:04:37.143		0.59525			4
2024.08.01	03:04:40.664		0.59524			4
2024.08.01	03:04:42.789		0.59525			4
2024.08.01	03:04:43.868	0.59522	0.59524			6
2024.08.01	03:04:44.536		0.59525			4
2024.08.01	03:04:44.848	0.59523				2
2024.08.01	03:04:48.927	0.59527	0.59528			6
2024.08.01	03:04:49.232	0.59529	0.59533			6
2024.08.01	03:04:50.509	0.59530	0.59532			6
2024.08.01	03:04:50.827		0.59531			4
2024.08.01	03:04:51.452		0.59533			4
2024.08.01	03:04:51.817	0.59529	0.59530			6
2024.08.01	03:04:52.839	0.59530	0.59533			6
2024.08.01	03:04:53.144		0.59532			4
2024.08.01	03:04:54.144	0.59528	0.59530			6
2024.08.01	03:04:54.598		0.59531			4
2024.08.01	03:04:55.232		0.59530			4
2024.08.01	03:04:55.884		0.59531			4
2024.08.01	03:04:57.004	0.59529	0.59532			6
2024.08.01	03:04:57.322	0.59530				2
2024.08.01	03:04:59.671	0.59532	0.59533			6
2024.08.01	03:05:00.043	0.59532	0.59534			6
2024.08.01	03:05:00.356	0.59533	0.59535			6
2024.08.01	03:05:01.020	0.59534	0.59536			6
2024.08.01	03:05:01.645	0.59533	0.59535			6
2024.08.01	03:05:01.948	0.59534	0.59536			6
2024.08.01	03:05:02.730	0.59533				2
2024.08.01	03:05:04.213		0.59535			4
2024.08.01	03:05:04.525		0.59536			4
2024.08.01	03:05:04.826		0.59535			4
2024.08.01	03:05:06.004	0.59530	0.59532			6
