<DATE>	<TIME>	<BID>	<ASK>	<LAST>	<VOLUME>	<FLAGS>
2024.08.22	00:00:00.056	0.61516	0.61628			6
2024.08.22	00:00:00.399	0.61469	0.61669			6
2024.08.22	00:00:01.831	0.61497	0.61686			6
2024.08.22	00:00:02.380	0.61512				2
2024.08.22	00:00:03.935	0.61522	0.61670			6
2024.08.22	00:00:30.470	0.61468	0.61668			6
2024.08.22	00:00:31.634	0.61519	0.61673			6
2024.08.22	00:00:32.612		0.61672			4
2024.08.22	00:00:37.270		0.61682			4
2024.08.22	00:00:53.837		0.61677			4
2024.08.22	00:01:04.580	0.61519				2
2024.08.22	00:01:30.040		0.61670			4
2024.08.22	00:01:42.121		0.61667			4
2024.08.22	00:01:43.123	0.61549	0.61670			6
2024.08.22	00:01:44.127		0.61669			4
2024.08.22	00:01:45.122		0.61668			4
2024.08.22	00:02:03.303	0.61549				2
2024.08.22	00:02:28.453		0.61663			4
2024.08.22	00:02:29.668		0.61661			4
2024.08.22	00:02:34.032		0.61660			4
2024.08.22	00:02:35.067		0.61658			4
2024.08.22	00:02:49.794		0.61655			4
2024.08.22	00:02:50.928		0.61653			4
2024.08.22	00:03:01.148	0.61549				2
2024.08.22	00:03:18.900		0.61630			4
2024.08.22	00:03:20.957		0.61629			4
2024.08.22	00:03:24.333	0.61529	0.61624			6
2024.08.22	00:03:25.543	0.61539	0.61625			6
2024.08.22	00:03:29.063	0.61549	0.61630			6
2024.08.22	00:03:30.006		0.61629			4
2024.08.22	00:04:01.164	0.61549				2
2024.08.22	00:04:30.023		0.61629			4
2024.08.22	00:04:55.601		0.61618			4
2024.08.22	00:04:56.363		0.61629			4
2024.08.22	00:05:00.782	0.61549				2
2024.08.22	00:05:56.366		0.61629			4
2024.08.22	00:05:57.718	0.61552				2
2024.08.22	00:05:59.481	0.61551	0.61624			6
2024.08.22	00:06:12.360	0.61552				2
2024.08.22	00:06:31.775	0.61550				2
2024.08.22	00:06:59.670	0.61551	0.61624			6
2024.08.22	00:07:50.096	0.61552				2
2024.08.22	00:08:24.978	0.61551	0.61624			6
2024.08.22	00:08:28.288	0.61552				2
2024.08.22	00:08:59.203	0.61551				2
2024.08.22	00:09:07.554	0.61551	0.61623			6
2024.08.22	00:09:07.889		0.61624			4
2024.08.22	00:09:08.201		0.61623			4
2024.08.22	00:09:08.512		0.61624			4
2024.08.22	00:09:58.476	0.61552				2
2024.08.22	00:10:00.132	0.61553				2
2024.08.22	00:10:02.141	0.61552				2
2024.08.22	00:10:07.029	0.61551				2
2024.08.22	00:10:10.440		0.61621			4
2024.08.22	00:10:11.685		0.61624			4
2024.08.22	00:10:12.252	0.61552				2
2024.08.22	00:11:17.692	0.61552	0.61624			6
2024.08.22	00:11:49.427	0.61551				2
2024.08.22	00:11:59.507	0.61556	0.61629			6
2024.08.22	00:12:00.605	0.61554	0.61627			6
2024.08.22	00:12:03.054	0.61553	0.61626			6
2024.08.22	00:12:14.354	0.61554				2
2024.08.22	00:12:41.174	0.61555				2
2024.08.22	00:12:44.693	0.61554	0.61625			6
2024.08.22	00:12:45.244		0.61626			4
2024.08.22	00:12:48.142	0.61555				2
2024.08.22	00:12:49.171	0.61554				2
2024.08.22	00:12:49.504	0.61555				2
2024.08.22	00:12:49.827	0.61554				2
2024.08.22	00:12:52.356		0.61625			4
2024.08.22	00:13:01.503	0.61554				2
2024.08.22	00:13:15.853	0.61555	0.61626			6
2024.08.22	00:13:20.367	0.61554				2
2024.08.22	00:13:24.950	0.61555				2
2024.08.22	00:13:29.121	0.61554	0.61625			6
2024.08.22	00:13:44.681	0.61559	0.61626			6
2024.08.22	00:13:46.276		0.61623			4
2024.08.22	00:13:47.852		0.61625			4
2024.08.22	00:13:56.493	0.61560				2
2024.08.22	00:13:57.997	0.61559				2
2024.08.22	00:13:59.481		0.61624			4
2024.08.22	00:14:01.061	0.61559				2
2024.08.22	00:14:09.952		0.61623			4
2024.08.22	00:14:27.129		0.61624			4
2024.08.22	00:14:31.022		0.61623			4
2024.08.22	00:14:38.723		0.61624			4
2024.08.22	00:14:47.989		0.61623			4
2024.08.22	00:14:48.819		0.61622			4
2024.08.22	00:15:03.152	0.61559				2
2024.08.22	00:15:08.937		0.61621			4
2024.08.22	00:15:10.384		0.61620			4
2024.08.22	00:15:10.720		0.61621			4
2024.08.22	00:15:32.714		0.61620			4
2024.08.22	00:15:36.182		0.61621			4
2024.08.22	00:15:43.361		0.61620			4
2024.08.22	00:15:53.719		0.61619			4
2024.08.22	00:15:56.114		0.61620			4
2024.08.22	00:16:00.384	0.61559				2
2024.08.22	00:16:39.186		0.61621			4
2024.08.22	00:16:44.579		0.61620			4
2024.08.22	00:16:48.181		0.61621			4
2024.08.22	00:16:49.836		0.61620			4
2024.08.22	00:16:51.486		0.61621			4
2024.08.22	00:16:57.127		0.61620			4
2024.08.22	00:17:00.036	0.61559				2
2024.08.22	00:17:09.340		0.61621			4
2024.08.22	00:17:11.347		0.61622			4
2024.08.22	00:17:20.448		0.61621			4
2024.08.22	00:17:22.375		0.61622			4
2024.08.22	00:17:22.775		0.61621			4
2024.08.22	00:17:26.583		0.61620			4
2024.08.22	00:17:43.062		0.61621			4
2024.08.22	00:17:56.461		0.61620			4
2024.08.22	00:18:03.057	0.61559	0.61623			6
2024.08.22	00:18:11.198		0.61621			4
2024.08.22	00:18:12.155		0.61620			4
2024.08.22	00:18:19.519	0.61560				2
2024.08.22	00:18:20.459	0.61559				2
2024.08.22	00:18:36.877		0.61619			4
2024.08.22	00:18:41.852		0.61620			4
2024.08.22	00:18:50.277	0.61557	0.61621			6
2024.08.22	00:18:50.851	0.61556	0.61618			6
2024.08.22	00:18:52.094		0.61620			4
2024.08.22	00:18:52.654		0.61618			4
2024.08.22	00:18:55.350	0.61557	0.61609			6
2024.08.22	00:18:55.664	0.61553	0.61608			6
2024.08.22	00:18:56.214	0.61554				2
2024.08.22	00:19:00.441	0.61554				2
2024.08.22	00:19:05.851	0.61553				2
2024.08.22	00:19:09.088	0.61552	0.61607			6
2024.08.22	00:19:10.108		0.61606			4
2024.08.22	00:19:11.497	0.61553				2
2024.08.22	00:19:12.356	0.61551	0.61604			6
2024.08.22	00:19:22.443	0.61550	0.61601			6
2024.08.22	00:19:32.870	0.61549	0.61599			6
2024.08.22	00:19:34.693	0.61550	0.61601			6
2024.08.22	00:19:45.746	0.61549				2
2024.08.22	00:19:53.038	0.61550				2
2024.08.22	00:19:53.440	0.61551				2
2024.08.22	00:19:57.015	0.61549				2
2024.08.22	00:19:58.259	0.61550				2
2024.08.22	00:20:03.262	0.61550	0.61603			6
2024.08.22	00:20:08.381	0.61551	0.61604			6
2024.08.22	00:20:09.948	0.61550				2
2024.08.22	00:20:11.453	0.61551				2
2024.08.22	00:20:13.479		0.61603			4
2024.08.22	00:20:14.470		0.61601			4
2024.08.22	00:20:14.883	0.61552				2
2024.08.22	00:20:17.082	0.61551				2
2024.08.22	00:20:17.613	0.61553				2
2024.08.22	00:20:23.482	0.61551				2
2024.08.22	00:20:27.661	0.61550				2
2024.08.22	00:20:31.024	0.61551				2
2024.08.22	00:20:34.317	0.61550				2
2024.08.22	00:20:35.955	0.61551				2
2024.08.22	00:20:36.597	0.61550				2
2024.08.22	00:20:37.581	0.61549				2
2024.08.22	00:20:43.501	0.61550				2
2024.08.22	00:20:47.780		0.61600			4
2024.08.22	00:20:49.934	0.61549	0.61601			6
2024.08.22	00:20:53.604	0.61541				2
2024.08.22	00:21:00.278	0.61541				2
2024.08.22	00:21:06.284	0.61544				2
2024.08.22	00:21:07.266	0.61545				2
2024.08.22	00:21:07.770	0.61546				2
2024.08.22	00:21:08.890	0.61544				2
2024.08.22	00:21:10.450	0.61545				2
2024.08.22	00:21:24.792	0.61544				2
2024.08.22	00:21:32.844	0.61546				2
2024.08.22	00:21:39.550	0.61545				2
2024.08.22	00:21:39.872	0.61544				2
2024.08.22	00:21:40.549	0.61545				2
2024.08.22	00:21:48.961	0.61546	0.61594			6
2024.08.22	00:21:49.262	0.61539				2
2024.08.22	00:21:51.651	0.61540				2
2024.08.22	00:22:13.319	0.61540				2
2024.08.22	00:22:15.494	0.61539				2
2024.08.22	00:22:31.895	0.61540				2
2024.08.22	00:22:49.304		0.61594			4
2024.08.22	00:22:52.369	0.61541				2
2024.08.22	00:22:56.238	0.61540				2
2024.08.22	00:22:57.199	0.61536	0.61583			6
2024.08.22	00:22:57.972	0.61520	0.61584			6
2024.08.22	00:22:58.311	0.61521				2
2024.08.22	00:23:00.220	0.61521	0.61583			6
2024.08.22	00:23:02.418		0.61581			4
2024.08.22	00:23:02.909		0.61583			4
2024.08.22	00:23:05.144	0.61519	0.61581			6
2024.08.22	00:23:06.848	0.61520				2
2024.08.22	00:23:08.118	0.61519				2
2024.08.22	00:23:11.010	0.61528				2
2024.08.22	00:23:30.395	0.61525				2
2024.08.22	00:23:33.080	0.61526				2
2024.08.22	00:23:54.980		0.61580			4
2024.08.22	00:23:55.297	0.61527				2
2024.08.22	00:24:12.947	0.61528				2
2024.08.22	00:24:47.825	0.61529				2
2024.08.22	00:24:55.777		0.61580			4
2024.08.22	00:24:58.367	0.61530				2
2024.08.22	00:25:11.133	0.61527				2
2024.08.22	00:25:17.031	0.61526				2
2024.08.22	00:25:26.919	0.61527				2
2024.08.22	00:25:59.652		0.61580			4
2024.08.22	00:26:02.500	0.61530				2
2024.08.22	00:26:02.861	0.61529				2
2024.08.22	00:26:03.199	0.61527				2
2024.08.22	00:26:05.211	0.61528				2
2024.08.22	00:26:12.201	0.61530				2
2024.08.22	00:26:13.077	0.61527				2
2024.08.22	00:27:06.339	0.61527	0.61580			6
2024.08.22	00:27:51.017	0.61526				2
2024.08.22	00:27:59.299	0.61527				2
2024.08.22	00:28:00.377	0.61527				2
2024.08.22	00:28:09.305		0.61580			4
2024.08.22	00:28:16.025	0.61526				2
2024.08.22	00:29:00.881	0.61526				2
2024.08.22	00:29:11.010		0.61580			4
2024.08.22	00:29:34.253	0.61527				2
2024.08.22	00:29:40.056	0.61528				2
2024.08.22	00:29:40.484	0.61527				2
2024.08.22	00:30:00.370	0.61525				2
2024.08.22	00:30:01.110	0.61526				2
2024.08.22	00:30:11.015		0.61580			4
2024.08.22	00:30:16.739	0.61527				2
2024.08.22	00:30:24.476	0.61526				2
2024.08.22	00:30:25.040	0.61527				2
2024.08.22	00:30:38.501	0.61526				2
2024.08.22	00:31:00.366	0.61526				2
2024.08.22	00:31:12.355		0.61580			4
2024.08.22	00:31:16.475	0.61527				2
2024.08.22	00:31:23.017	0.61526	0.61579			6
2024.08.22	00:31:34.903	0.61527	0.61580			6
2024.08.22	00:31:49.677		0.61578			4
2024.08.22	00:32:00.089	0.61527				2
2024.08.22	00:32:10.855	0.61528				2
2024.08.22	00:32:26.259	0.61529				2
2024.08.22	00:32:33.180	0.61530				2
2024.08.22	00:32:34.787	0.61529				2
2024.08.22	00:32:37.132	0.61527				2
2024.08.22	00:32:40.142	0.61525				2
2024.08.22	00:32:40.713	0.61526	0.61577			6
2024.08.22	00:32:42.132	0.61525				2
2024.08.22	00:32:43.547	0.61526				2
2024.08.22	00:32:45.354	0.61525				2
2024.08.22	00:32:48.478	0.61524				2
2024.08.22	00:32:56.449	0.61525				2
2024.08.22	00:33:07.546	0.61525				2
2024.08.22	00:33:09.025	0.61526	0.61579			6
2024.08.22	00:33:09.523	0.61525	0.61578			6
2024.08.22	00:33:11.299	0.61523	0.61577			6
2024.08.22	00:33:16.927		0.61574			4
2024.08.22	00:33:17.496	0.61524	0.61573			6
2024.08.22	00:33:18.759		0.61574			4
2024.08.22	00:33:21.167	0.61525	0.61576			6
2024.08.22	00:33:27.955	0.61526				2
2024.08.22	00:33:41.723		0.61578			4
2024.08.22	00:33:43.476		0.61575			4
2024.08.22	00:33:46.163	0.61527				2
2024.08.22	00:33:50.451	0.61526				2
2024.08.22	00:33:51.637	0.61525				2
2024.08.22	00:34:07.240	0.61525	0.61578			6
2024.08.22	00:34:09.531		0.61575			4
2024.08.22	00:35:09.230	0.61525	0.61572			6
2024.08.22	00:35:09.548		0.61574			4
2024.08.22	00:35:12.351	0.61526				2
2024.08.22	00:35:23.837		0.61577			4
2024.08.22	00:35:36.779		0.61574			4
2024.08.22	00:36:02.338	0.61526				2
2024.08.22	00:36:22.858		0.61576			4
2024.08.22	00:36:29.330	0.61525				2
2024.08.22	00:36:47.448	0.61526				2
2024.08.22	00:37:00.392	0.61527	0.61573			6
2024.08.22	00:37:01.852	0.61526				2
2024.08.22	00:37:13.542	0.61528				2
2024.08.22	00:37:23.838		0.61575			4
2024.08.22	00:37:25.966		0.61574			4
2024.08.22	00:37:30.662	0.61529	0.61576			6
2024.08.22	00:37:31.079		0.61579			4
2024.08.22	00:37:32.337	0.61530				2
2024.08.22	00:37:33.335	0.61531				2
2024.08.22	00:37:41.915	0.61530	0.61577			6
2024.08.22	00:37:43.448	0.61529	0.61578			6
2024.08.22	00:37:43.855	0.61530				2
2024.08.22	00:37:44.427		0.61575			4
2024.08.22	00:37:52.006	0.61529	0.61574			6
2024.08.22	00:37:52.511		0.61578			4
2024.08.22	00:37:52.950		0.61576			4
2024.08.22	00:37:53.421	0.61527	0.61574			6
2024.08.22	00:38:02.539	0.61526				2
2024.08.22	00:38:05.014	0.61527				2
2024.08.22	00:38:08.614	0.61528				2
2024.08.22	00:38:09.068	0.61527	0.61573			6
2024.08.22	00:38:10.726		0.61575			4
2024.08.22	00:38:14.460	0.61526	0.61572			6
2024.08.22	00:38:15.032	0.61527	0.61571			6
2024.08.22	00:38:23.276		0.61574			4
2024.08.22	00:38:32.751	0.61528	0.61573			6
2024.08.22	00:38:36.909	0.61527	0.61574			6
2024.08.22	00:38:37.301		0.61573			4
2024.08.22	00:38:42.560		0.61574			4
2024.08.22	00:38:58.853	0.61526				2
2024.08.22	00:38:59.202	0.61527	0.61575			6
2024.08.22	00:39:08.876	0.61526	0.61572			6
2024.08.22	00:39:12.571	0.61527	0.61573			6
2024.08.22	00:39:20.148	0.61526				2
2024.08.22	00:39:29.020	0.61527				2
2024.08.22	00:39:44.671	0.61525	0.61572			6
2024.08.22	00:39:47.777	0.61526	0.61573			6
2024.08.22	00:40:00.454	0.61526	0.61574			6
2024.08.22	00:40:03.021		0.61572			4
2024.08.22	00:40:03.641		0.61574			4
2024.08.22	00:40:03.963	0.61527				2
2024.08.22	00:40:05.043	0.61525	0.61571			6
2024.08.22	00:40:06.275	0.61526	0.61570			6
2024.08.22	00:40:06.598	0.61525				2
2024.08.22	00:40:14.887		0.61569			4
2024.08.22	00:40:25.551	0.61524				2
2024.08.22	00:40:44.675	0.61525	0.61567			6
2024.08.22	00:40:49.754	0.61524				2
2024.08.22	00:40:53.821	0.61523				2
2024.08.22	00:40:59.449	0.61524				2
2024.08.22	00:41:01.828	0.61523				2
2024.08.22	00:41:04.760		0.61570			4
2024.08.22	00:41:09.071	0.61522				2
2024.08.22	00:41:19.756		0.61569			4
2024.08.22	00:41:30.656	0.61523				2
2024.08.22	00:41:45.507	0.61525	0.61571			6
2024.08.22	00:41:46.509		0.61572			4
2024.08.22	00:41:46.824	0.61524				2
2024.08.22	00:42:00.524	0.61525	0.61568			6
2024.08.22	00:42:13.178	0.61527				2
2024.08.22	00:42:15.585		0.61569			4
2024.08.22	00:42:17.101	0.61526				2
2024.08.22	00:42:44.149	0.61527				2
2024.08.22	00:42:45.940	0.61526				2
2024.08.22	00:43:05.754	0.61526				2
2024.08.22	00:43:08.917		0.61571			4
2024.08.22	00:43:09.217	0.61527	0.61573			6
2024.08.22	00:43:09.553		0.61570			4
2024.08.22	00:43:10.434	0.61526				2
2024.08.22	00:43:10.753	0.61528				2
2024.08.22	00:43:13.242	0.61527				2
2024.08.22	00:43:20.230		0.61571			4
2024.08.22	00:43:20.621		0.61570			4
2024.08.22	00:43:20.955	0.61526	0.61572			6
2024.08.22	00:43:21.949	0.61527				2
2024.08.22	00:43:25.349	0.61528	0.61570			6
2024.08.22	00:43:31.315		0.61572			4
2024.08.22	00:43:32.032	0.61527	0.61571			6
2024.08.22	00:43:41.617	0.61528				2
2024.08.22	00:43:59.846	0.61527				2
2024.08.22	00:44:00.422	0.61527				2
2024.08.22	00:44:00.736		0.61570			4
2024.08.22	00:44:01.040		0.61572			4
2024.08.22	00:44:01.349		0.61573			4
2024.08.22	00:44:01.932	0.61528				2
2024.08.22	00:44:10.990	0.61527	0.61572			6
2024.08.22	00:44:17.698		0.61573			4
2024.08.22	00:44:19.521	0.61528	0.61572			6
2024.08.22	00:44:25.514	0.61527				2
2024.08.22	00:44:29.436		0.61571			4
2024.08.22	00:44:35.449		0.61572			4
2024.08.22	00:44:46.585		0.61570			4
2024.08.22	00:44:51.052	0.61526				2
2024.08.22	00:44:52.569	0.61527				2
2024.08.22	00:45:00.586	0.61527	0.61576			6
2024.08.22	00:45:00.894	0.61528	0.61574			6
2024.08.22	00:45:01.519	0.61527				2
2024.08.22	00:45:03.318		0.61577			4
2024.08.22	00:45:03.695	0.61526	0.61573			6
2024.08.22	00:45:04.091	0.61527	0.61577			6
2024.08.22	00:45:06.472	0.61538	0.61564			6
2024.08.22	00:45:06.900		0.61563			4
2024.08.22	00:45:13.352		0.61564			4
2024.08.22	00:45:22.965		0.61563			4
2024.08.22	00:45:23.342		0.61564			4
2024.08.22	00:45:23.804		0.61563			4
2024.08.22	00:45:25.701	0.61537				2
2024.08.22	00:45:26.009	0.61538				2
2024.08.22	00:45:30.686		0.61564			4
2024.08.22	00:45:35.605	0.61537	0.61563			6
2024.08.22	00:45:55.954	0.61536				2
2024.08.22	00:45:56.474	0.61537				2
2024.08.22	00:46:00.545	0.61537				2
2024.08.22	00:46:01.088	0.61536				2
2024.08.22	00:46:06.267	0.61537				2
2024.08.22	00:46:10.168	0.61536				2
2024.08.22	00:46:14.361	0.61537				2
2024.08.22	00:46:15.197	0.61536	0.61562			6
2024.08.22	00:46:17.093	0.61537	0.61563			6
2024.08.22	00:46:17.699		0.61562			4
2024.08.22	00:46:22.202	0.61536				2
2024.08.22	00:46:27.757		0.61563			4
2024.08.22	00:46:45.153		0.61562			4
2024.08.22	00:46:48.468	0.61535				2
2024.08.22	00:46:50.549		0.61561			4
2024.08.22	00:46:53.872		0.61562			4
2024.08.22	00:46:54.999		0.61560			4
2024.08.22	00:46:55.585	0.61534				2
2024.08.22	00:47:01.753	0.61534	0.61563			6
2024.08.22	00:47:03.158		0.61560			4
2024.08.22	00:47:08.472	0.61535				2
2024.08.22	00:47:18.742	0.61536				2
2024.08.22	00:47:19.841	0.61535	0.61562			6
2024.08.22	00:47:20.143	0.61536	0.61561			6
2024.08.22	00:47:21.653	0.61537	0.61562			6
2024.08.22	00:47:24.748	0.61536				2
2024.08.22	00:47:35.851		0.61561			4
2024.08.22	00:47:42.399		0.61562			4
2024.08.22	00:47:42.730		0.61561			4
2024.08.22	00:47:43.354		0.61562			4
2024.08.22	00:47:44.588	0.61537				2
2024.08.22	00:47:47.295	0.61536				2
2024.08.22	00:47:47.851		0.61561			4
2024.08.22	00:48:01.056	0.61537	0.61562			6
2024.08.22	00:48:01.524	0.61536				2
2024.08.22	00:48:03.893		0.61561			4
2024.08.22	00:48:09.279	0.61537	0.61562			6
2024.08.22	00:48:10.661	0.61536				2
2024.08.22	00:48:10.986		0.61561			4
2024.08.22	00:48:18.952		0.61562			4
2024.08.22	00:48:19.280	0.61537				2
2024.08.22	00:48:19.954	0.61536				2
2024.08.22	00:48:20.257	0.61537				2
2024.08.22	00:48:23.883	0.61536	0.61561			6
2024.08.22	00:48:24.621		0.61562			4
2024.08.22	00:48:25.766	0.61537				2
2024.08.22	00:48:26.699	0.61536				2
2024.08.22	00:48:30.139		0.61563			4
2024.08.22	00:48:34.017	0.61537				2
2024.08.22	00:48:36.984	0.61538				2
2024.08.22	00:48:49.735		0.61564			4
2024.08.22	00:48:50.549	0.61540	0.61567			6
2024.08.22	00:48:52.241	0.61543	0.61568			6
2024.08.22	00:48:55.027	0.61544				2
2024.08.22	00:49:00.315	0.61544				2
2024.08.22	00:49:07.370	0.61541				2
2024.08.22	00:49:21.722	0.61542				2
2024.08.22	00:49:29.451	0.61543				2
2024.08.22	00:49:31.371	0.61542				2
2024.08.22	00:49:48.527		0.61566			4
2024.08.22	00:49:50.355	0.61541	0.61567			6
2024.08.22	00:49:50.675	0.61544				2
2024.08.22	00:49:51.151	0.61541				2
2024.08.22	00:49:56.799		0.61566			4
2024.08.22	00:50:00.361	0.61541				2
2024.08.22	00:50:02.538		0.61565			4
2024.08.22	00:50:03.265	0.61540				2
2024.08.22	00:50:03.861	0.61541				2
2024.08.22	00:50:07.166	0.61540				2
2024.08.22	00:50:07.650		0.61564			4
2024.08.22	00:50:20.684	0.61541	0.61565			6
2024.08.22	00:50:36.751	0.61542				2
2024.08.22	00:50:42.616	0.61541				2
2024.08.22	00:50:50.250		0.61564			4
2024.08.22	00:50:52.210	0.61542				2
2024.08.22	00:50:53.551		0.61565			4
2024.08.22	00:51:02.554	0.61542				2
2024.08.22	00:51:11.371		0.61564			4
2024.08.22	00:51:12.415	0.61545	0.61568			6
2024.08.22	00:51:14.692	0.61546				2
2024.08.22	00:51:15.086	0.61547				2
2024.08.22	00:51:37.068	0.61548				2
2024.08.22	00:52:00.157	0.61548				2
2024.08.22	00:52:01.150	0.61547				2
2024.08.22	00:52:03.062	0.61546				2
2024.08.22	00:52:07.171	0.61547				2
2024.08.22	00:52:13.044		0.61568			4
2024.08.22	00:52:14.829	0.61546				2
2024.08.22	00:52:16.558	0.61547				2
2024.08.22	00:52:20.198	0.61548				2
2024.08.22	00:52:22.996	0.61545				2
2024.08.22	00:52:27.890	0.61546				2
2024.08.22	00:52:50.230	0.61548				2
2024.08.22	00:53:02.062	0.61548				2
2024.08.22	00:53:02.549	0.61547				2
2024.08.22	00:53:02.909	0.61548				2
2024.08.22	00:53:08.294	0.61549				2
2024.08.22	00:53:12.276	0.61548				2
2024.08.22	00:53:15.555		0.61568			4
2024.08.22	00:53:16.357	0.61551				2
2024.08.22	00:53:19.028	0.61549				2
2024.08.22	00:53:23.054	0.61548				2
2024.08.22	00:54:01.065	0.61548				2
2024.08.22	00:54:08.121	0.61549				2
2024.08.22	00:54:14.449	0.61550				2
2024.08.22	00:54:16.350		0.61568			4
2024.08.22	00:54:22.349	0.61549				2
2024.08.22	00:54:26.269	0.61550				2
2024.08.22	00:54:33.007	0.61549				2
2024.08.22	00:54:43.696	0.61550				2
2024.08.22	00:54:53.318	0.61549				2
2024.08.22	00:54:54.598	0.61550				2
2024.08.22	00:54:57.075	0.61547				2
2024.08.22	00:55:00.456	0.61547				2
2024.08.22	00:55:00.789	0.61551				2
2024.08.22	00:55:09.545	0.61550				2
2024.08.22	00:55:10.895	0.61551				2
2024.08.22	00:55:12.869	0.61550				2
2024.08.22	00:55:21.154	0.61551	0.61568			6
2024.08.22	00:55:24.282	0.61550				2
2024.08.22	00:55:27.591	0.61551				2
2024.08.22	00:55:55.819	0.61550				2
2024.08.22	00:56:00.556	0.61550				2
2024.08.22	00:56:14.549	0.61551				2
2024.08.22	00:56:26.196		0.61568			4
2024.08.22	00:56:41.172	0.61549				2
2024.08.22	00:56:43.662	0.61552				2
2024.08.22	00:56:53.520	0.61551				2
2024.08.22	00:57:03.418	0.61551				2
2024.08.22	00:57:09.941	0.61550				2
2024.08.22	00:57:14.554	0.61551				2
2024.08.22	00:57:28.354		0.61568			4
2024.08.22	00:57:29.047	0.61550				2
2024.08.22	00:57:34.140	0.61549				2
2024.08.22	00:57:36.687	0.61550				2
2024.08.22	00:57:40.972	0.61552	0.61571			6
2024.08.22	00:57:41.275		0.61572			4
2024.08.22	00:57:42.351	0.61553				2
2024.08.22	00:57:43.407	0.61552	0.61570			6
2024.08.22	00:57:43.860		0.61571			4
2024.08.22	00:57:44.835	0.61554	0.61574			6
2024.08.22	00:57:46.999	0.61553				2
2024.08.22	00:57:50.479		0.61573			4
2024.08.22	00:57:50.925	0.61554				2
2024.08.22	00:57:51.326	0.61553				2
2024.08.22	00:57:55.360		0.61574			4
2024.08.22	00:57:58.929		0.61573			4
2024.08.22	00:58:00.995	0.61553				2
2024.08.22	00:58:09.018		0.61574			4
2024.08.22	00:58:11.426	0.61554				2
2024.08.22	00:58:15.705		0.61576			4
2024.08.22	00:58:16.012	0.61555				2
2024.08.22	00:58:21.514	0.61554				2
2024.08.22	00:58:38.268		0.61575			4
2024.08.22	00:58:51.136	0.61557	0.61578			6
2024.08.22	00:58:55.351	0.61556				2
2024.08.22	00:59:01.148	0.61557				2
2024.08.22	00:59:01.471	0.61555	0.61577			6
2024.08.22	00:59:02.089	0.61554	0.61576			6
2024.08.22	00:59:09.160	0.61551	0.61573			6
2024.08.22	00:59:09.528		0.61574			4
2024.08.22	00:59:10.326		0.61573			4
2024.08.22	00:59:12.068	0.61550				2
2024.08.22	00:59:16.351		0.61575			4
2024.08.22	00:59:18.876	0.61549				2
2024.08.22	00:59:20.073	0.61548	0.61574			6
2024.08.22	00:59:25.936	0.61549				2
2024.08.22	00:59:27.658	0.61548	0.61573			6
2024.08.22	00:59:28.224	0.61547	0.61571			6
2024.08.22	00:59:28.545		0.61570			4
2024.08.22	00:59:32.851	0.61546				2
2024.08.22	00:59:33.451		0.61571			4
2024.08.22	00:59:33.759	0.61545	0.61570			6
2024.08.22	00:59:35.852	0.61544	0.61569			6
2024.08.22	00:59:38.853		0.61568			4
2024.08.22	00:59:40.609	0.61543				2
2024.08.22	00:59:53.325		0.61569			4
2024.08.22	00:59:53.641	0.61544				2
2024.08.22	00:59:53.949	0.61543				2
2024.08.22	00:59:59.948	0.61542	0.61568			6
2024.08.22	01:00:00.313	0.61537	0.61579			6
2024.08.22	01:00:00.624	0.61538				2
2024.08.22	01:00:00.949	0.61541	0.61564			6
2024.08.22	01:00:01.375	0.61547				2
2024.08.22	01:00:01.724	0.61550				2
2024.08.22	01:00:03.505	0.61551				2
2024.08.22	01:00:04.869	0.61550				2
2024.08.22	01:00:05.479	0.61551				2
2024.08.22	01:00:06.789	0.61552				2
2024.08.22	01:00:07.500	0.61553				2
2024.08.22	01:00:08.981	0.61552				2
2024.08.22	01:00:09.283	0.61553				2
2024.08.22	01:00:10.022	0.61554				2
2024.08.22	01:00:10.338	0.61555				2
2024.08.22	01:00:11.743	0.61559				2
2024.08.22	01:00:12.119	0.61558				2
2024.08.22	01:00:12.522	0.61559	0.61568			6
2024.08.22	01:00:14.093	0.61560				2
2024.08.22	01:00:17.877	0.61565	0.61576			6
2024.08.22	01:00:29.622		0.61575			4
2024.08.22	01:00:30.248		0.61576			4
2024.08.22	01:00:30.883	0.61563				2
2024.08.22	01:00:40.413	0.61565	0.61574			6
2024.08.22	01:00:45.057	0.61567				2
2024.08.22	01:00:51.194	0.61569	0.61576			6
2024.08.22	01:00:52.612	0.61571				2
2024.08.22	01:00:57.418	0.61570				2
2024.08.22	01:00:59.236	0.61568	0.61574			6
2024.08.22	01:00:59.904	0.61567				2
2024.08.22	01:01:00.464	0.61573	0.61579			6
2024.08.22	01:01:01.668	0.61575				2
2024.08.22	01:01:04.247	0.61574				2
2024.08.22	01:01:05.410	0.61575	0.61581			6
2024.08.22	01:01:05.838		0.61579			4
2024.08.22	01:01:08.204	0.61576	0.61581			6
2024.08.22	01:01:08.620	0.61574	0.61579			6
2024.08.22	01:01:20.252	0.61575				2
2024.08.22	01:01:40.579	0.61576				2
2024.08.22	01:01:42.298	0.61577				2
2024.08.22	01:01:45.048	0.61576				2
2024.08.22	01:02:00.397	0.61576				2
2024.08.22	01:02:03.626	0.61577				2
2024.08.22	01:02:13.590		0.61587			4
2024.08.22	01:02:19.903	0.61579				2
2024.08.22	01:02:21.087	0.61578				2
2024.08.22	01:02:27.797	0.61579				2
2024.08.22	01:02:47.413	0.61580				2
2024.08.22	01:02:52.584	0.61581	0.61589			6
2024.08.22	01:03:00.273	0.61582				2
2024.08.22	01:03:04.640	0.61583				2
2024.08.22	01:03:52.485	0.61588	0.61596			6
2024.08.22	01:03:52.866		0.61598			4
2024.08.22	01:03:53.252	0.61590	0.61599			6
2024.08.22	01:03:54.350		0.61598			4
2024.08.22	01:03:57.768	0.61593	0.61599			6
2024.08.22	01:04:00.313	0.61593				2
2024.08.22	01:04:01.652	0.61588	0.61596			6
2024.08.22	01:04:08.194	0.61589	0.61598			6
2024.08.22	01:04:10.925	0.61588				2
2024.08.22	01:04:23.123	0.61587				2
2024.08.22	01:04:47.102	0.61590				2
2024.08.22	01:04:51.406	0.61589				2
2024.08.22	01:04:52.356	0.61588				2
2024.08.22	01:04:55.192		0.61590			4
2024.08.22	01:04:55.499		0.61598			4
2024.08.22	01:04:55.820		0.61590			4
2024.08.22	01:04:56.135		0.61598			4
2024.08.22	01:04:58.139	0.61589				2
2024.08.22	01:05:00.601	0.61587				2
2024.08.22	01:05:01.781	0.61586				2
2024.08.22	01:05:05.580	0.61587				2
2024.08.22	01:05:22.950	0.61586	0.61597			6
2024.08.22	01:05:29.168	0.61587				2
2024.08.22	01:06:00.141	0.61587				2
2024.08.22	01:06:23.410	0.61586	0.61598			6
2024.08.22	01:06:29.683	0.61587				2
2024.08.22	01:06:41.292	0.61590				2
2024.08.22	01:06:46.282	0.61592	0.61601			6
2024.08.22	01:07:01.012	0.61592	0.61595			6
2024.08.22	01:07:21.362	0.61602	0.61605			6
2024.08.22	01:07:21.734	0.61596				2
2024.08.22	01:07:22.349	0.61602				2
2024.08.22	01:07:22.923	0.61596				2
2024.08.22	01:07:41.501	0.61594				2
2024.08.22	01:07:50.667	0.61595				2
2024.08.22	01:07:55.477	0.61594				2
2024.08.22	01:08:03.559	0.61594				2
2024.08.22	01:08:10.149	0.61595				2
2024.08.22	01:08:20.431	0.61593				2
2024.08.22	01:08:21.559		0.61605			4
2024.08.22	01:08:34.190	0.61594				2
2024.08.22	01:08:37.797	0.61595				2
2024.08.22	01:08:43.595	0.61594				2
2024.08.22	01:08:49.212	0.61598	0.61607			6
2024.08.22	01:09:03.792	0.61599				2
2024.08.22	01:09:04.742	0.61603				2
2024.08.22	01:09:05.075	0.61599				2
2024.08.22	01:09:05.392	0.61603				2
2024.08.22	01:09:05.730	0.61599				2
2024.08.22	01:09:07.767	0.61598				2
2024.08.22	01:09:10.779	0.61599				2
2024.08.22	01:09:11.432	0.61598				2
2024.08.22	01:09:13.604	0.61599				2
2024.08.22	01:09:23.112	0.61601	0.61609			6
2024.08.22	01:10:03.266	0.61600				2
2024.08.22	01:10:10.451		0.61607			4
2024.08.22	01:10:11.222	0.61599	0.61609			6
2024.08.22	01:10:25.170	0.61600				2
2024.08.22	01:10:48.903	0.61599				2
2024.08.22	01:11:04.545	0.61598	0.61607			6
2024.08.22	01:11:04.902	0.61599	0.61609			6
2024.08.22	01:11:31.346	0.61605				2
2024.08.22	01:12:11.202	0.61600	0.61608			6
2024.08.22	01:12:11.993		0.61604			4
2024.08.22	01:13:03.265	0.61599				2
2024.08.22	01:13:09.657	0.61602	0.61605			6
2024.08.22	01:13:21.567	0.61604				2
2024.08.22	01:13:21.890	0.61602				2
2024.08.22	01:13:22.224	0.61604				2
2024.08.22	01:13:22.533	0.61602				2
2024.08.22	01:13:54.678	0.61607	0.61610			6
2024.08.22	01:14:05.345	0.61605	0.61607			6
2024.08.22	01:14:28.174	0.61607	0.61610			6
2024.08.22	01:14:42.300	0.61608				2
2024.08.22	01:15:07.987	0.61605	0.61608			6
2024.08.22	01:15:08.323	0.61608	0.61610			6
2024.08.22	01:15:18.335	0.61610	0.61612			6
2024.08.22	01:16:04.744	0.61605	0.61608			6
2024.08.22	01:16:06.343	0.61610	0.61612			6
2024.08.22	01:16:43.278		0.61613			4
2024.08.22	01:16:51.322	0.61615	0.61617			6
2024.08.22	01:16:51.642	0.61610	0.61613			6
2024.08.22	01:16:53.410	0.61611	0.61612			6
2024.08.22	01:16:54.632		0.61613			4
2024.08.22	01:16:58.231	0.61610	0.61612			6
2024.08.22	01:16:59.254	0.61611	0.61613			6
2024.08.22	01:17:00.289	0.61610	0.61611			6
2024.08.22	01:17:00.612	0.61609	0.61610			6
2024.08.22	01:17:00.949	0.61611	0.61614			6
2024.08.22	01:17:01.260	0.61609				2
2024.08.22	01:17:01.706		0.61611			4
2024.08.22	01:17:02.722		0.61610			4
2024.08.22	01:17:06.518	0.61608				2
2024.08.22	01:17:10.268	0.61609				2
2024.08.22	01:17:11.081	0.61608				2
2024.08.22	01:17:16.183	0.61609				2
2024.08.22	01:17:18.787	0.61608				2
2024.08.22	01:17:22.667	0.61609				2
2024.08.22	01:17:23.022	0.61608				2
2024.08.22	01:17:27.970	0.61609				2
2024.08.22	01:17:28.292	0.61608				2
2024.08.22	01:17:28.982	0.61609				2
2024.08.22	01:17:29.328	0.61608				2
2024.08.22	01:17:30.630	0.61609				2
2024.08.22	01:17:33.287	0.61608				2
2024.08.22	01:17:35.581	0.61609	0.61611			6
2024.08.22	01:17:36.371	0.61608	0.61610			6
2024.08.22	01:17:46.594	0.61606	0.61608			6
2024.08.22	01:17:46.907		0.61607			4
2024.08.22	01:17:52.812		0.61608			4
2024.08.22	01:17:53.815	0.61607				2
2024.08.22	01:17:54.629	0.61608	0.61610			6
2024.08.22	01:17:56.968	0.61607	0.61608			6
2024.08.22	01:18:01.385	0.61608	0.61610			6
2024.08.22	01:18:02.910	0.61609	0.61611			6
2024.08.22	01:18:06.147	0.61608				2
2024.08.22	01:18:08.688	0.61609				2
2024.08.22	01:18:09.747	0.61608				2
2024.08.22	01:18:12.786	0.61609				2
2024.08.22	01:18:13.797	0.61608				2
2024.08.22	01:18:16.126	0.61609				2
2024.08.22	01:18:17.042	0.61608				2
2024.08.22	01:18:17.668	0.61609				2
2024.08.22	01:18:23.588		0.61610			4
2024.08.22	01:18:27.787	0.61608	0.61609			6
2024.08.22	01:18:28.851		0.61610			4
2024.08.22	01:18:31.937	0.61609				2
2024.08.22	01:18:33.907	0.61608				2
2024.08.22	01:18:39.423	0.61609	0.61612			6
2024.08.22	01:18:40.239		0.61610			4
2024.08.22	01:18:42.461		0.61611			4
2024.08.22	01:18:42.906	0.61611	0.61612			6
2024.08.22	01:18:43.318		0.61613			4
2024.08.22	01:18:45.499	0.61610	0.61612			6
2024.08.22	01:18:46.206	0.61611				2
2024.08.22	01:18:46.608		0.61613			4
2024.08.22	01:18:47.663		0.61612			4
2024.08.22	01:18:48.734	0.61610	0.61611			6
2024.08.22	01:18:49.677		0.61612			4
2024.08.22	01:18:50.704		0.61611			4
2024.08.22	01:18:56.788		0.61612			4
2024.08.22	01:18:59.042		0.61611			4
2024.08.22	01:19:00.048	0.61611	0.61612			6
2024.08.22	01:19:01.130		0.61613			4
2024.08.22	01:19:01.952	0.61610	0.61611			6
2024.08.22	01:19:02.345		0.61612			4
2024.08.22	01:19:03.017		0.61611			4
2024.08.22	01:19:03.421		0.61612			4
2024.08.22	01:19:03.724	0.61614	0.61615			6
2024.08.22	01:19:05.342	0.61613				2
2024.08.22	01:19:18.402	0.61611	0.61613			6
2024.08.22	01:19:25.070	0.61612	0.61614			6
2024.08.22	01:19:40.699	0.61613				2
2024.08.22	01:19:42.452	0.61615	0.61616			6
2024.08.22	01:19:42.764		0.61617			4
2024.08.22	01:19:45.591	0.61610	0.61611			6
2024.08.22	01:19:51.682		0.61612			4
2024.08.22	01:19:54.133		0.61611			4
2024.08.22	01:19:55.421		0.61612			4
2024.08.22	01:20:00.151	0.61610				2
2024.08.22	01:20:03.173		0.61611			4
2024.08.22	01:20:04.223		0.61612			4
2024.08.22	01:20:09.850	0.61612	0.61613			6
2024.08.22	01:20:10.153	0.61610	0.61612			6
2024.08.22	01:20:27.258		0.61611			4
2024.08.22	01:20:32.236	0.61612	0.61613			6
2024.08.22	01:20:32.538	0.61610	0.61611			6
2024.08.22	01:20:49.405	0.61607	0.61610			6
2024.08.22	01:20:49.713		0.61609			4
2024.08.22	01:20:53.859	0.61608				2
2024.08.22	01:20:55.111	0.61607				2
2024.08.22	01:21:00.363	0.61607				2
2024.08.22	01:21:06.464	0.61608	0.61610			6
2024.08.22	01:21:07.261	0.61607	0.61609			6
2024.08.22	01:21:12.942	0.61608	0.61610			6
2024.08.22	01:21:18.669	0.61609				2
2024.08.22	01:21:23.088	0.61607				2
2024.08.22	01:21:23.538	0.61608	0.61611			6
2024.08.22	01:21:24.301		0.61610			4
2024.08.22	01:21:25.307		0.61611			4
2024.08.22	01:21:25.609		0.61610			4
2024.08.22	01:21:28.749	0.61609				2
2024.08.22	01:21:29.937		0.61611			4
2024.08.22	01:21:31.065		0.61612			4
2024.08.22	01:21:33.240	0.61610				2
2024.08.22	01:21:38.935	0.61608	0.61610			6
2024.08.22	01:21:40.077	0.61609	0.61611			6
2024.08.22	01:21:59.879	0.61604	0.61606			6
2024.08.22	01:22:00.237	0.61604				2
2024.08.22	01:22:01.392	0.61603				2
2024.08.22	01:22:02.064	0.61604				2
2024.08.22	01:22:23.763	0.61603				2
2024.08.22	01:22:39.864	0.61604				2
2024.08.22	01:22:40.581	0.61603				2
2024.08.22	01:23:01.153	0.61603	0.61606			6
2024.08.22	01:23:11.507	0.61605	0.61608			6
2024.08.22	01:23:18.543	0.61606				2
2024.08.22	01:23:19.123	0.61605				2
2024.08.22	01:23:23.484	0.61604	0.61607			6
2024.08.22	01:23:35.667	0.61603	0.61606			6
2024.08.22	01:24:08.524	0.61603	0.61609			6
2024.08.22	01:24:46.639	0.61606	0.61610			6
2024.08.22	01:24:46.941	0.61604				2
2024.08.22	01:24:56.107	0.61605				2
2024.08.22	01:25:01.736	0.61604				2
2024.08.22	01:25:20.473	0.61605				2
2024.08.22	01:25:22.641	0.61606				2
2024.08.22	01:25:22.962	0.61605				2
2024.08.22	01:25:36.024	0.61604				2
2024.08.22	01:25:41.010		0.61611			4
2024.08.22	01:25:42.498	0.61605				2
2024.08.22	01:25:50.753		0.61610			4
2024.08.22	01:25:56.738	0.61604				2
2024.08.22	01:26:00.226	0.61604				2
2024.08.22	01:26:07.526	0.61605				2
2024.08.22	01:26:07.870	0.61604				2
2024.08.22	01:26:08.192	0.61605				2
2024.08.22	01:26:12.846	0.61607	0.61611			6
2024.08.22	01:26:13.257	0.61606				2
2024.08.22	01:26:13.845	0.61607				2
2024.08.22	01:26:19.267	0.61608	0.61613			6
2024.08.22	01:26:20.086		0.61614			4
2024.08.22	01:26:20.389	0.61607	0.61613			6
2024.08.22	01:26:29.600		0.61612			4
2024.08.22	01:26:31.367	0.61606				2
2024.08.22	01:26:36.666	0.61605	0.61611			6
2024.08.22	01:26:37.078		0.61610			4
2024.08.22	01:26:37.854		0.61609			4
2024.08.22	01:26:38.156		0.61610			4
2024.08.22	01:26:39.472	0.61604				2
2024.08.22	01:26:46.740	0.61605				2
2024.08.22	01:26:49.023		0.61608			4
2024.08.22	01:26:49.325		0.61610			4
2024.08.22	01:26:51.477	0.61604				2
2024.08.22	01:26:53.403	0.61605				2
2024.08.22	01:26:53.705	0.61604				2
2024.08.22	01:26:55.446	0.61605				2
2024.08.22	01:26:56.567	0.61604				2
2024.08.22	01:26:58.579	0.61605				2
2024.08.22	01:27:00.655	0.61604				2
2024.08.22	01:27:01.663	0.61605				2
2024.08.22	01:27:02.431	0.61604				2
2024.08.22	01:27:02.780		0.61609			4
2024.08.22	01:27:04.798	0.61605	0.61610			6
2024.08.22	01:27:07.849		0.61609			4
2024.08.22	01:27:08.414		0.61610			4
2024.08.22	01:27:09.848		0.61609			4
2024.08.22	01:27:14.019		0.61610			4
2024.08.22	01:27:22.424		0.61609			4
2024.08.22	01:27:25.216		0.61610			4
2024.08.22	01:27:26.458		0.61609			4
2024.08.22	01:27:27.366		0.61610			4
2024.08.22	01:27:28.338		0.61609			4
2024.08.22	01:27:29.473		0.61610			4
2024.08.22	01:27:30.426		0.61609			4
2024.08.22	01:27:35.393		0.61608			4
2024.08.22	01:27:35.724		0.61609			4
2024.08.22	01:27:36.855		0.61610			4
2024.08.22	01:27:47.297	0.61607	0.61611			6
2024.08.22	01:27:50.095	0.61608	0.61612			6
2024.08.22	01:28:00.129	0.61608				2
2024.08.22	01:28:01.042		0.61611			4
2024.08.22	01:28:01.342		0.61612			4
2024.08.22	01:28:05.712	0.61609	0.61614			6
2024.08.22	01:28:06.029	0.61608	0.61612			6
2024.08.22	01:28:10.052	0.61607				2
2024.08.22	01:28:38.168		0.61613			4
2024.08.22	01:28:42.314	0.61608	0.61614			6
2024.08.22	01:28:45.015		0.61613			4
2024.08.22	01:28:47.045	0.61607				2
2024.08.22	01:29:00.115	0.61607				2
2024.08.22	01:29:01.740	0.61606	0.61612			6
2024.08.22	01:29:02.781	0.61607				2
2024.08.22	01:29:04.745		0.61613			4
2024.08.22	01:29:11.330	0.61609	0.61614			6
2024.08.22	01:29:13.373		0.61615			4
2024.08.22	01:29:13.752	0.61610	0.61614			6
2024.08.22	01:29:14.466	0.61609	0.61615			6
2024.08.22	01:29:14.781		0.61614			4
2024.08.22	01:29:17.022	0.61608				2
2024.08.22	01:29:18.131		0.61615			4
2024.08.22	01:29:19.228		0.61614			4
2024.08.22	01:29:27.052		0.61615			4
2024.08.22	01:29:29.356	0.61609				2
2024.08.22	01:29:30.526		0.61614			4
2024.08.22	01:29:38.035	0.61608				2
2024.08.22	01:29:45.177	0.61609				2
2024.08.22	01:29:49.814	0.61608				2
2024.08.22	01:29:51.940	0.61609				2
2024.08.22	01:29:54.887	0.61608				2
2024.08.22	01:29:55.329	0.61609				2
2024.08.22	01:29:59.848	0.61608				2
2024.08.22	01:30:00.448	0.61610	0.61615			6
2024.08.22	01:30:03.207		0.61614			4
2024.08.22	01:30:30.423	0.61611	0.61615			6
2024.08.22	01:30:41.188	0.61610	0.61616			6
2024.08.22	01:30:42.648		0.61615			4
2024.08.22	01:30:55.861	0.61611				2
2024.08.22	01:30:56.468	0.61610				2
2024.08.22	01:30:57.803		0.61614			4
2024.08.22	01:30:58.148	0.61609	0.61612			6
2024.08.22	01:30:58.461	0.61608				2
2024.08.22	01:31:00.470	0.61608				2
2024.08.22	01:31:02.734	0.61609	0.61613			6
2024.08.22	01:31:10.727	0.61610	0.61615			6
2024.08.22	01:31:13.860		0.61613			4
2024.08.22	01:31:14.163		0.61615			4
2024.08.22	01:31:29.821	0.61611				2
2024.08.22	01:31:30.471	0.61610				2
2024.08.22	01:31:34.427	0.61611				2
2024.08.22	01:31:39.459	0.61613	0.61614			6
2024.08.22	01:31:39.765		0.61617			4
2024.08.22	01:31:46.598		0.61618			4
2024.08.22	01:31:52.994		0.61619			4
2024.08.22	01:32:00.956	0.61613				2
2024.08.22	01:32:03.474		0.61618			4
2024.08.22	01:32:24.660	0.61612				2
2024.08.22	01:32:24.972		0.61617			4
2024.08.22	01:32:25.856	0.61610	0.61615			6
2024.08.22	01:32:35.793	0.61609				2
2024.08.22	01:32:47.628	0.61608	0.61613			6
2024.08.22	01:32:47.982	0.61609				2
2024.08.22	01:32:48.318		0.61614			4
2024.08.22	01:32:52.251	0.61611	0.61616			6
2024.08.22	01:32:53.159		0.61615			4
2024.08.22	01:32:53.582	0.61610				2
2024.08.22	01:32:58.488	0.61611	0.61616			6
2024.08.22	01:33:00.451	0.61611				2
2024.08.22	01:33:16.763		0.61615			4
2024.08.22	01:33:19.495		0.61616			4
2024.08.22	01:33:23.434	0.61612				2
2024.08.22	01:33:23.736	0.61611				2
2024.08.22	01:33:24.172	0.61612				2
2024.08.22	01:33:24.484	0.61614	0.61618			6
2024.08.22	01:33:25.087	0.61613	0.61617			6
2024.08.22	01:33:32.382	0.61612	0.61616			6
2024.08.22	01:33:50.964	0.61611	0.61615			6
2024.08.22	01:34:00.301	0.61611				2
2024.08.22	01:34:08.243	0.61610	0.61614			6
2024.08.22	01:34:10.427		0.61615			4
2024.08.22	01:34:23.846		0.61614			4
2024.08.22	01:34:41.821		0.61613			4
2024.08.22	01:34:42.122		0.61614			4
2024.08.22	01:35:00.096	0.61608	0.61613			6
2024.08.22	01:35:03.392	0.61609				2
2024.08.22	01:35:03.698	0.61608				2
2024.08.22	01:35:11.727		0.61614			4
2024.08.22	01:35:15.924	0.61611				2
2024.08.22	01:35:16.250	0.61610				2
2024.08.22	01:35:23.671	0.61608	0.61613			6
2024.08.22	01:35:47.256	0.61610				2
2024.08.22	01:35:47.586	0.61608				2
2024.08.22	01:35:50.841	0.61610	0.61614			6
2024.08.22	01:35:51.167	0.61611				2
2024.08.22	01:36:00.803	0.61611				2
2024.08.22	01:36:01.128	0.61609				2
2024.08.22	01:36:11.015	0.61610				2
2024.08.22	01:36:11.330	0.61609				2
2024.08.22	01:36:23.145	0.61608	0.61613			6
2024.08.22	01:36:28.172		0.61612			4
2024.08.22	01:36:29.055	0.61609				2
2024.08.22	01:36:29.356	0.61608				2
2024.08.22	01:36:31.569		0.61613			4
2024.08.22	01:36:59.121	0.61604	0.61608			6
2024.08.22	01:37:00.365	0.61604				2
2024.08.22	01:37:21.820		0.61607			4
2024.08.22	01:37:22.144		0.61608			4
2024.08.22	01:37:22.521	0.61608	0.61613			6
2024.08.22	01:37:23.842	0.61605	0.61610			6
2024.08.22	01:37:40.992		0.61608			4
2024.08.22	01:38:00.233	0.61605				2
2024.08.22	01:38:08.083	0.61606				2
2024.08.22	01:38:10.267		0.61609			4
2024.08.22	01:38:11.403	0.61609	0.61610			6
2024.08.22	01:38:11.723	0.61608	0.61611			6
2024.08.22	01:38:18.373		0.61612			4
2024.08.22	01:39:00.431	0.61608				2
2024.08.22	01:39:04.004	0.61606	0.61610			6
2024.08.22	01:39:04.929	0.61608	0.61609			6
2024.08.22	01:39:05.322	0.61606				2
2024.08.22	01:39:35.632	0.61608	0.61611			6
2024.08.22	01:39:36.167	0.61609				2
2024.08.22	01:40:01.015	0.61609				2
2024.08.22	01:40:06.006	0.61611	0.61612			6
2024.08.22	01:40:06.318	0.61608	0.61611			6
2024.08.22	01:40:10.469	0.61610				2
2024.08.22	01:40:10.957	0.61608				2
2024.08.22	01:40:16.506	0.61609				2
2024.08.22	01:40:33.369	0.61606	0.61609			6
2024.08.22	01:40:38.046		0.61611			4
2024.08.22	01:40:42.830	0.61604	0.61608			6
2024.08.22	01:40:43.951		0.61607			4
2024.08.22	01:41:00.863	0.61604				2
2024.08.22	01:41:33.043	0.61605				2
2024.08.22	01:41:33.345	0.61604	0.61608			6
2024.08.22	01:41:33.651		0.61607			4
2024.08.22	01:41:54.948		0.61608			4
2024.08.22	01:42:00.576	0.61604	0.61607			6
2024.08.22	01:42:05.090		0.61608			4
2024.08.22	01:42:22.701	0.61605	0.61609			6
2024.08.22	01:42:23.544	0.61606				2
2024.08.22	01:42:34.636	0.61607				2
2024.08.22	01:42:34.957	0.61606				2
2024.08.22	01:42:43.723	0.61607				2
2024.08.22	01:42:50.024	0.61608	0.61612			6
2024.08.22	01:42:55.783	0.61610	0.61613			6
2024.08.22	01:43:00.954	0.61610				2
2024.08.22	01:43:04.606	0.61608	0.61612			6
2024.08.22	01:43:10.426	0.61607	0.61611			6
2024.08.22	01:43:11.798	0.61606	0.61610			6
2024.08.22	01:43:13.841	0.61607				2
2024.08.22	01:43:14.143	0.61606				2
2024.08.22	01:43:18.866	0.61607				2
2024.08.22	01:43:19.404	0.61606				2
2024.08.22	01:43:42.534	0.61607				2
2024.08.22	01:44:01.099	0.61607	0.61609			6
2024.08.22	01:44:12.348	0.61606				2
2024.08.22	01:44:22.815		0.61608			4
2024.08.22	01:44:23.572	0.61607				2
2024.08.22	01:44:25.721	0.61605	0.61606			6
2024.08.22	01:44:29.601	0.61604	0.61607			6
2024.08.22	01:44:30.627	0.61605				2
2024.08.22	01:44:32.017	0.61606				2
2024.08.22	01:44:50.372	0.61605				2
2024.08.22	01:45:00.496	0.61605				2
2024.08.22	01:45:26.626	0.61604				2
2024.08.22	01:45:29.096	0.61605				2
2024.08.22	01:45:31.355		0.61607			4
2024.08.22	01:45:37.276	0.61604	0.61605			6
2024.08.22	01:45:37.578	0.61605	0.61607			6
2024.08.22	01:46:00.224	0.61607	0.61608			6
2024.08.22	01:46:05.049	0.61608	0.61609			6
2024.08.22	01:46:05.355	0.61607	0.61608			6
2024.08.22	01:47:00.337	0.61607				2
2024.08.22	01:47:05.572		0.61608			4
2024.08.22	01:47:06.008	0.61608	0.61611			6
2024.08.22	01:47:21.563	0.61610				2
2024.08.22	01:47:26.096	0.61609				2
2024.08.22	01:47:29.857	0.61610				2
2024.08.22	01:47:48.225	0.61609				2
2024.08.22	01:48:01.023	0.61609				2
2024.08.22	01:48:08.727		0.61611			4
2024.08.22	01:48:12.968	0.61611	0.61614			6
2024.08.22	01:48:13.270	0.61610	0.61613			6
2024.08.22	01:48:17.865	0.61611				2
2024.08.22	01:48:23.841	0.61610				2
2024.08.22	01:49:00.500	0.61610				2
2024.08.22	01:49:13.898	0.61611	0.61614			6
2024.08.22	01:49:19.231		0.61613			4
2024.08.22	01:49:30.901	0.61609				2
2024.08.22	01:49:36.860	0.61610	0.61614			6
2024.08.22	01:49:37.256	0.61609				2
2024.08.22	01:49:52.671	0.61610				2
2024.08.22	01:50:01.104	0.61610				2
2024.08.22	01:50:06.415	0.61613	0.61616			6
2024.08.22	01:50:06.724	0.61614	0.61617			6
2024.08.22	01:50:07.369	0.61612				2
2024.08.22	01:50:09.002	0.61613				2
2024.08.22	01:50:10.052	0.61614	0.61618			6
2024.08.22	01:50:11.371	0.61615				2
2024.08.22	01:50:23.636	0.61616	0.61619			6
2024.08.22	01:50:25.462	0.61617	0.61621			6
2024.08.22	01:50:29.080	0.61616	0.61619			6
2024.08.22	01:50:32.851		0.61620			4
2024.08.22	01:50:44.798	0.61618	0.61621			6
2024.08.22	01:50:53.944		0.61622			4
2024.08.22	01:50:56.192		0.61620			4
2024.08.22	01:50:56.557		0.61622			4
2024.08.22	01:50:57.631	0.61617	0.61621			6
2024.08.22	01:50:58.072	0.61618				2
2024.08.22	01:50:58.442	0.61617				2
2024.08.22	01:50:58.784	0.61619	0.61622			6
2024.08.22	01:50:59.090	0.61618				2
2024.08.22	01:51:00.178	0.61618				2
2024.08.22	01:51:01.676	0.61619				2
2024.08.22	01:51:48.367	0.61621	0.61623			6
2024.08.22	01:51:51.722	0.61625	0.61626			6
2024.08.22	01:51:54.207	0.61626	0.61628			6
2024.08.22	01:52:00.058	0.61626				2
2024.08.22	01:52:08.552	0.61625				2
2024.08.22	01:52:10.775	0.61624	0.61627			6
2024.08.22	01:52:11.083	0.61625				2
2024.08.22	01:52:18.310	0.61626	0.61628			6
2024.08.22	01:52:22.720	0.61625				2
2024.08.22	01:52:45.810	0.61624	0.61627			6
2024.08.22	01:53:00.550	0.61624				2
2024.08.22	01:53:03.422	0.61626				2
2024.08.22	01:53:03.726	0.61624				2
2024.08.22	01:53:23.372	0.61623	0.61626			6
2024.08.22	01:53:24.270	0.61624				2
2024.08.22	01:53:24.595	0.61623				2
2024.08.22	01:53:26.201	0.61619	0.61621			6
2024.08.22	01:53:26.505	0.61620				2
2024.08.22	01:53:41.561	0.61622	0.61623			6
2024.08.22	01:53:52.248	0.61623	0.61624			6
2024.08.22	01:54:00.810	0.61623				2
2024.08.22	01:54:02.200	0.61620	0.61623			6
2024.08.22	01:54:07.265		0.61622			4
2024.08.22	01:54:07.762	0.61621				2
2024.08.22	01:54:15.644	0.61623	0.61624			6
2024.08.22	01:54:20.094	0.61621				2
2024.08.22	01:54:22.839	0.61623				2
2024.08.22	01:54:23.215	0.61621				2
2024.08.22	01:54:30.509	0.61620	0.61623			6
2024.08.22	01:54:40.751	0.61617	0.61620			6
2024.08.22	01:54:42.057	0.61614	0.61617			6
2024.08.22	01:54:43.094	0.61615				2
2024.08.22	01:54:57.725		0.61618			4
2024.08.22	01:54:59.664	0.61616				2
2024.08.22	01:55:00.151	0.61617				2
2024.08.22	01:55:00.463	0.61616	0.61619			6
2024.08.22	01:55:01.336		0.61620			4
2024.08.22	01:55:04.240		0.61619			4
2024.08.22	01:55:04.541		0.61620			4
2024.08.22	01:55:11.379	0.61617				2
2024.08.22	01:55:18.102	0.61616				2
2024.08.22	01:55:20.044	0.61617				2
2024.08.22	01:55:20.718	0.61618				2
2024.08.22	01:56:00.366	0.61618				2
2024.08.22	01:56:04.807		0.61620			4
2024.08.22	01:57:00.417	0.61618				2
2024.08.22	01:57:05.719		0.61620			4
2024.08.22	01:57:10.930	0.61617				2
2024.08.22	01:57:11.895	0.61616	0.61619			6
2024.08.22	01:57:13.221	0.61618	0.61620			6
2024.08.22	01:57:18.834		0.61622			4
2024.08.22	01:57:35.675	0.61619				2
2024.08.22	01:57:36.799	0.61618				2
2024.08.22	01:57:40.177	0.61619				2
2024.08.22	01:57:42.901	0.61618				2
2024.08.22	01:57:52.496	0.61619				2
2024.08.22	01:57:53.281	0.61616	0.61620			6
2024.08.22	01:57:56.701	0.61615	0.61618			6
2024.08.22	01:57:58.928	0.61616	0.61619			6
2024.08.22	01:58:00.544	0.61616				2
2024.08.22	01:58:02.008	0.61615	0.61620			6
2024.08.22	01:58:13.594	0.61618				2
2024.08.22	01:58:20.223	0.61619				2
2024.08.22	01:58:20.527	0.61618				2
2024.08.22	01:58:22.597		0.61621			4
2024.08.22	01:58:26.650	0.61619				2
2024.08.22	01:58:26.952	0.61618				2
2024.08.22	01:59:01.498	0.61616				2
2024.08.22	01:59:02.637	0.61617				2
2024.08.22	01:59:02.938	0.61616				2
2024.08.22	01:59:05.425	0.61617				2
2024.08.22	01:59:05.858		0.61622			4
2024.08.22	01:59:06.176	0.61618				2
2024.08.22	01:59:08.066	0.61617	0.61623			6
2024.08.22	01:59:08.381	0.61618				2
2024.08.22	01:59:11.566	0.61621	0.61624			6
2024.08.22	01:59:11.882	0.61620				2
2024.08.22	01:59:12.192	0.61618				2
2024.08.22	01:59:12.593	0.61621				2
2024.08.22	01:59:12.918	0.61622				2
2024.08.22	01:59:13.249	0.61621				2
2024.08.22	01:59:16.336	0.61622				2
2024.08.22	01:59:17.181	0.61620				2
2024.08.22	01:59:30.820		0.61625			4
2024.08.22	01:59:39.326	0.61619				2
2024.08.22	01:59:51.880		0.61624			4
2024.08.22	01:59:54.484		0.61625			4
2024.08.22	02:00:00.278	0.61623	0.61629			6
2024.08.22	02:00:00.684	0.61622				2
2024.08.22	02:00:05.000	0.61623				2
2024.08.22	02:00:05.801	0.61626	0.61632			6
2024.08.22	02:00:06.103	0.61624	0.61631			6
2024.08.22	02:00:06.406	0.61625				2
2024.08.22	02:00:10.721	0.61626				2
2024.08.22	02:00:13.117		0.61630			4
2024.08.22	02:00:15.250	0.61623	0.61629			6
2024.08.22	02:00:15.590		0.61628			4
2024.08.22	02:00:16.221		0.61629			4
2024.08.22	02:00:19.923	0.61624	0.61628			6
2024.08.22	02:00:21.017		0.61629			4
2024.08.22	02:00:23.026		0.61628			4
2024.08.22	02:00:24.602		0.61629			4
2024.08.22	02:00:28.897	0.61625				2
2024.08.22	02:00:29.553		0.61628			4
2024.08.22	02:00:29.925		0.61629			4
2024.08.22	02:00:31.460	0.61624				2
2024.08.22	02:00:31.762		0.61628			4
2024.08.22	02:00:36.798	0.61626				2
2024.08.22	02:00:37.200		0.61629			4
2024.08.22	02:00:39.304		0.61628			4
2024.08.22	02:00:42.362		0.61629			4
2024.08.22	02:00:44.405		0.61628			4
2024.08.22	02:00:45.315		0.61629			4
2024.08.22	02:00:45.663		0.61628			4
2024.08.22	02:00:47.200		0.61629			4
2024.08.22	02:00:49.983	0.61625	0.61628			6
2024.08.22	02:00:56.326	0.61627	0.61631			6
2024.08.22	02:00:56.633	0.61630	0.61634			6
2024.08.22	02:00:56.939	0.61633	0.61636			6
2024.08.22	02:00:57.270		0.61637			4
2024.08.22	02:01:00.401	0.61633				2
2024.08.22	02:01:20.006	0.61634	0.61638			6
2024.08.22	02:01:21.021	0.61635				2
2024.08.22	02:01:29.312	0.61636				2
2024.08.22	02:01:29.622	0.61635				2
2024.08.22	02:01:30.257		0.61637			4
2024.08.22	02:01:32.356	0.61641	0.61644			6
2024.08.22	02:01:32.666	0.61640				2
2024.08.22	02:01:34.021	0.61639	0.61642			6
2024.08.22	02:01:34.323	0.61638				2
2024.08.22	02:01:42.473	0.61639				2
2024.08.22	02:01:49.485	0.61640	0.61644			6
2024.08.22	02:01:50.367	0.61641				2
2024.08.22	02:01:52.913		0.61646			4
2024.08.22	02:01:53.761		0.61645			4
2024.08.22	02:01:54.285		0.61644			4
2024.08.22	02:02:00.457	0.61641	0.61645			6
2024.08.22	02:02:07.439	0.61642				2
2024.08.22	02:02:07.739	0.61641				2
2024.08.22	02:02:11.100		0.61644			4
2024.08.22	02:02:36.236		0.61643			4
2024.08.22	02:02:36.544		0.61644			4
2024.08.22	02:02:42.206		0.61645			4
2024.08.22	02:02:45.672		0.61644			4
2024.08.22	02:03:00.370	0.61641				2
2024.08.22	02:03:01.877		0.61643			4
2024.08.22	02:03:02.258	0.61642	0.61644			6
2024.08.22	02:03:02.564	0.61641	0.61643			6
2024.08.22	02:03:02.882		0.61644			4
2024.08.22	02:03:07.392	0.61640	0.61645			6
2024.08.22	02:03:08.862	0.61641	0.61644			6
2024.08.22	02:03:22.744		0.61643			4
2024.08.22	02:03:23.063	0.61640				2
2024.08.22	02:03:27.610	0.61641	0.61644			6
2024.08.22	02:03:31.807	0.61640	0.61643			6
2024.08.22	02:03:33.951	0.61641	0.61644			6
2024.08.22	02:03:35.464		0.61642			4
2024.08.22	02:03:35.765		0.61644			4
2024.08.22	02:03:37.866	0.61642	0.61647			6
2024.08.22	02:03:38.170		0.61645			4
2024.08.22	02:03:45.183	0.61641	0.61644			6
2024.08.22	02:03:58.403	0.61643				2
2024.08.22	02:03:59.132	0.61641				2
2024.08.22	02:04:00.884	0.61641				2
2024.08.22	02:04:13.864		0.61642			4
2024.08.22	02:04:14.167		0.61644			4
2024.08.22	02:04:18.914		0.61645			4
2024.08.22	02:04:19.362		0.61644			4
2024.08.22	02:04:21.120	0.61640	0.61646			6
2024.08.22	02:04:22.617		0.61643			4
2024.08.22	02:04:23.397	0.61639	0.61644			6
2024.08.22	02:04:35.321	0.61640	0.61643			6
2024.08.22	02:04:40.509	0.61641	0.61644			6
2024.08.22	02:04:55.399		0.61642			4
2024.08.22	02:04:55.706		0.61644			4
2024.08.22	02:04:56.028		0.61642			4
2024.08.22	02:04:56.343		0.61644			4
2024.08.22	02:04:57.153	0.61640	0.61643			6
2024.08.22	02:05:00.267	0.61640				2
2024.08.22	02:05:02.355	0.61641	0.61644			6
2024.08.22	02:05:03.510	0.61642				2
2024.08.22	02:05:03.901	0.61640	0.61643			6
2024.08.22	02:05:04.981		0.61642			4
2024.08.22	02:05:05.656	0.61639				2
2024.08.22	02:05:08.600	0.61636	0.61640			6
2024.08.22	02:05:08.906	0.61635	0.61638			6
2024.08.22	02:05:09.213	0.61634				2
2024.08.22	02:05:09.560	0.61635				2
2024.08.22	02:05:12.796	0.61634				2
2024.08.22	02:05:13.104	0.61636				2
2024.08.22	02:05:16.239	0.61635	0.61636			6
2024.08.22	02:05:16.539	0.61636	0.61638			6
2024.08.22	02:05:27.870	0.61634	0.61637			6
2024.08.22	02:05:28.220	0.61635				2
2024.08.22	02:05:28.922	0.61636	0.61638			6
2024.08.22	02:05:56.170	0.61639	0.61641			6
2024.08.22	02:05:59.458		0.61640			4
2024.08.22	02:05:59.759		0.61641			4
2024.08.22	02:06:00.975	0.61639				2
2024.08.22	02:06:08.594	0.61637	0.61640			6
2024.08.22	02:06:10.228		0.61641			4
2024.08.22	02:06:13.231		0.61640			4
2024.08.22	02:06:19.786		0.61641			4
2024.08.22	02:06:26.801	0.61636				2
2024.08.22	02:06:30.961	0.61637				2
2024.08.22	02:06:37.849	0.61639				2
2024.08.22	02:06:38.149	0.61637				2
2024.08.22	02:06:42.421	0.61642	0.61644			6
2024.08.22	02:06:46.039	0.61639				2
2024.08.22	02:06:53.370	0.61640	0.61643			6
2024.08.22	02:06:54.424		0.61644			4
2024.08.22	02:06:55.435		0.61643			4
2024.08.22	02:07:00.865	0.61640				2
2024.08.22	02:07:04.399	0.61635	0.61638			6
2024.08.22	02:07:04.703	0.61634				2
2024.08.22	02:07:13.104		0.61639			4
2024.08.22	02:07:13.407	0.61636	0.61640			6
2024.08.22	02:07:20.393	0.61635	0.61638			6
2024.08.22	02:07:22.742		0.61639			4
2024.08.22	02:07:42.623	0.61636				2
2024.08.22	02:07:42.928	0.61635				2
2024.08.22	02:07:57.124	0.61636	0.61640			6
2024.08.22	02:07:57.804		0.61639			4
2024.08.22	02:08:01.297	0.61636				2
2024.08.22	02:08:26.387		0.61640			4
2024.08.22	02:08:28.472	0.61637				2
2024.08.22	02:08:35.482	0.61635				2
2024.08.22	02:08:40.299	0.61633	0.61637			6
2024.08.22	02:08:41.416	0.61632	0.61636			6
2024.08.22	02:08:45.845	0.61629	0.61633			6
2024.08.22	02:08:46.354	0.61631				2
2024.08.22	02:08:46.657	0.61629				2
2024.08.22	02:08:48.079	0.61630	0.61634			6
2024.08.22	02:08:49.373	0.61629	0.61631			6
2024.08.22	02:08:50.345		0.61632			4
2024.08.22	02:08:51.387	0.61628				2
2024.08.22	02:09:00.403	0.61628				2
2024.08.22	02:09:02.265	0.61631	0.61633			6
2024.08.22	02:09:03.062	0.61628	0.61632			6
2024.08.22	02:09:04.595	0.61629				2
2024.08.22	02:09:04.908	0.61628				2
2024.08.22	02:09:05.215	0.61629				2
2024.08.22	02:09:05.527	0.61628				2
2024.08.22	02:09:07.352		0.61633			4
2024.08.22	02:09:26.923	0.61629				2
2024.08.22	02:09:30.585	0.61631				2
2024.08.22	02:09:30.898	0.61629				2
2024.08.22	02:09:39.871	0.61630				2
2024.08.22	02:09:55.461		0.61631			4
2024.08.22	02:09:55.763		0.61633			4
2024.08.22	02:09:58.156	0.61634	0.61637			6
2024.08.22	02:10:06.342	0.61634				2
2024.08.22	02:10:09.316	0.61636				2
2024.08.22	02:10:11.499	0.61635				2
2024.08.22	02:10:20.468	0.61634	0.61636			6
2024.08.22	02:10:20.814		0.61637			4
2024.08.22	02:10:28.638		0.61636			4
2024.08.22	02:10:28.970		0.61637			4
2024.08.22	02:10:39.492	0.61628	0.61632			6
2024.08.22	02:10:39.805		0.61631			4
2024.08.22	02:10:41.802	0.61627	0.61630			6
2024.08.22	02:10:47.743	0.61631	0.61634			6
2024.08.22	02:10:48.064		0.61635			4
2024.08.22	02:10:48.375	0.61632				2
2024.08.22	02:10:52.896	0.61630				2
2024.08.22	02:10:59.913	0.61631				2
2024.08.22	02:11:01.461	0.61630				2
2024.08.22	02:11:50.178		0.61635			4
2024.08.22	02:11:52.893	0.61631				2
2024.08.22	02:11:53.722	0.61632				2
2024.08.22	02:11:57.684	0.61631				2
2024.08.22	02:12:00.373	0.61631				2
2024.08.22	02:12:02.745	0.61630				2
2024.08.22	02:12:10.406	0.61631				2
2024.08.22	02:12:20.506	0.61634	0.61637			6
2024.08.22	02:12:20.815	0.61635	0.61639			6
2024.08.22	02:12:24.200	0.61636				2
2024.08.22	02:12:27.603	0.61635				2
2024.08.22	02:12:28.015	0.61634				2
2024.08.22	02:12:30.070	0.61636				2
2024.08.22	02:12:30.708	0.61635				2
2024.08.22	02:12:34.418	0.61633	0.61637			6
2024.08.22	02:12:34.721		0.61638			4
2024.08.22	02:12:48.645	0.61634				2
2024.08.22	02:12:51.787	0.61633				2
2024.08.22	02:12:53.355	0.61635				2
2024.08.22	02:12:58.375	0.61633	0.61637			6
2024.08.22	02:12:58.868	0.61634				2
2024.08.22	02:12:59.394	0.61633				2
2024.08.22	02:13:00.947	0.61633				2
2024.08.22	02:13:03.165		0.61638			4
2024.08.22	02:13:05.570		0.61637			4
2024.08.22	02:13:20.471		0.61638			4
2024.08.22	02:13:22.440	0.61635				2
2024.08.22	02:13:22.742	0.61633				2
2024.08.22	02:13:45.873	0.61630	0.61635			6
2024.08.22	02:13:46.187	0.61632				2
2024.08.22	02:13:46.509	0.61631	0.61636			6
2024.08.22	02:13:48.883		0.61635			4
2024.08.22	02:13:53.742	0.61633	0.61637			6
2024.08.22	02:13:57.608		0.61636			4
2024.08.22	02:13:57.921	0.61632	0.61637			6
2024.08.22	02:14:00.161	0.61632				2
2024.08.22	02:14:00.557	0.61631	0.61636			6
2024.08.22	02:14:05.672		0.61635			4
2024.08.22	02:14:08.861		0.61634			4
2024.08.22	02:14:09.173		0.61635			4
2024.08.22	02:14:19.705	0.61630				2
2024.08.22	02:14:47.203		0.61632			4
2024.08.22	02:14:47.507		0.61633			4
2024.08.22	02:14:48.183	0.61631				2
2024.08.22	02:14:51.093		0.61634			4
2024.08.22	02:14:55.711	0.61632	0.61635			6
2024.08.22	02:14:56.021	0.61631	0.61634			6
2024.08.22	02:15:00.007	0.61631				2
2024.08.22	02:15:00.366		0.61633			4
2024.08.22	02:15:10.415	0.61632				2
2024.08.22	02:15:10.942	0.61631				2
2024.08.22	02:15:19.013		0.61634			4
2024.08.22	02:15:35.510	0.61630	0.61633			6
2024.08.22	02:15:36.876	0.61631				2
2024.08.22	02:15:41.022	0.61632				2
2024.08.22	02:15:41.329	0.61631				2
2024.08.22	02:15:59.935	0.61629	0.61632			6
2024.08.22	02:16:00.322	0.61629				2
2024.08.22	02:16:06.951		0.61631			4
2024.08.22	02:16:14.536	0.61631	0.61634			6
2024.08.22	02:16:44.369	0.61632	0.61635			6
2024.08.22	02:16:57.702	0.61631				2
2024.08.22	02:17:00.412	0.61633	0.61637			6
2024.08.22	02:17:03.815	0.61631	0.61634			6
2024.08.22	02:17:04.320	0.61632	0.61635			6
2024.08.22	02:17:08.173	0.61633	0.61636			6
2024.08.22	02:17:19.320		0.61637			4
2024.08.22	02:17:22.524	0.61634				2
2024.08.22	02:17:34.529	0.61635	0.61639			6
2024.08.22	02:17:38.754	0.61636				2
2024.08.22	02:17:45.641		0.61637			4
2024.08.22	02:17:46.149		0.61639			4
2024.08.22	02:17:50.317	0.61633	0.61637			6
2024.08.22	02:18:00.404	0.61635	0.61639			6
2024.08.22	02:18:02.421		0.61638			4
2024.08.22	02:18:02.726		0.61639			4
2024.08.22	02:18:04.707		0.61638			4
2024.08.22	02:18:06.937	0.61634				2
2024.08.22	02:18:07.523		0.61637			4
2024.08.22	02:18:13.344	0.61636	0.61639			6
2024.08.22	02:18:35.516	0.61641	0.61644			6
2024.08.22	02:18:36.341	0.61640				2
2024.08.22	02:18:36.657		0.61643			4
2024.08.22	02:18:40.307	0.61641	0.61644			6
2024.08.22	02:18:53.871	0.61642				2
2024.08.22	02:18:57.761	0.61641	0.61643			6
2024.08.22	02:19:00.412	0.61642	0.61645			6
2024.08.22	02:19:52.897	0.61640	0.61643			6
2024.08.22	02:20:00.421	0.61642	0.61645			6
2024.08.22	02:20:10.202	0.61640	0.61643			6
2024.08.22	02:20:10.735	0.61641	0.61644			6
2024.08.22	02:20:15.801	0.61642	0.61645			6
2024.08.22	02:20:20.046	0.61636	0.61639			6
2024.08.22	02:20:20.353	0.61637	0.61640			6
2024.08.22	02:20:25.119	0.61634	0.61637			6
2024.08.22	02:20:26.723	0.61635	0.61639			6
2024.08.22	02:20:32.349	0.61632	0.61636			6
2024.08.22	02:20:32.659	0.61633				2
2024.08.22	02:20:41.071	0.61634				2
2024.08.22	02:20:41.372	0.61633				2
2024.08.22	02:20:44.672	0.61635	0.61638			6
2024.08.22	02:20:47.296	0.61636	0.61639			6
2024.08.22	02:20:55.897	0.61637				2
2024.08.22	02:20:57.825	0.61636	0.61637			6
2024.08.22	02:20:58.132	0.61637	0.61639			6
2024.08.22	02:21:00.413	0.61636				2
2024.08.22	02:21:08.361	0.61632	0.61634			6
2024.08.22	02:21:10.972	0.61633	0.61635			6
2024.08.22	02:21:15.317	0.61632				2
2024.08.22	02:21:16.350	0.61633				2
2024.08.22	02:21:18.252	0.61632				2
2024.08.22	02:21:19.527	0.61633				2
2024.08.22	02:21:27.215		0.61634			4
2024.08.22	02:21:39.550	0.61623	0.61626			6
2024.08.22	02:21:40.824	0.61624	0.61627			6
2024.08.22	02:21:41.352	0.61625	0.61628			6
2024.08.22	02:21:42.070		0.61627			4
2024.08.22	02:21:42.448	0.61626	0.61628			6
2024.08.22	02:21:45.375	0.61627	0.61629			6
2024.08.22	02:22:00.211	0.61628	0.61630			6
2024.08.22	02:22:00.521	0.61627	0.61629			6
2024.08.22	02:22:02.807		0.61628			4
2024.08.22	02:22:18.446	0.61628	0.61629			6
2024.08.22	02:22:39.426	0.61629	0.61630			6
2024.08.22	02:22:39.732	0.61628	0.61629			6
2024.08.22	02:22:56.986	0.61631	0.61634			6
2024.08.22	02:22:57.288	0.61632	0.61633			6
2024.08.22	02:23:00.340	0.61632				2
2024.08.22	02:23:02.609		0.61634			4
2024.08.22	02:23:30.870	0.61631				2
2024.08.22	02:23:39.577		0.61632			4
2024.08.22	02:23:39.880		0.61634			4
2024.08.22	02:23:46.084	0.61629	0.61633			6
2024.08.22	02:23:49.044	0.61630				2
2024.08.22	02:23:49.344	0.61629				2
2024.08.22	02:23:57.482	0.61631	0.61634			6
2024.08.22	02:24:00.252	0.61631				2
2024.08.22	02:24:01.419	0.61630				2
2024.08.22	02:24:01.731	0.61631				2
2024.08.22	02:24:17.265	0.61628	0.61633			6
2024.08.22	02:24:17.565	0.61629				2
2024.08.22	02:24:22.048		0.61632			4
2024.08.22	02:24:24.454	0.61628				2
2024.08.22	02:24:26.853	0.61627	0.61631			6
2024.08.22	02:24:28.499	0.61628				2
2024.08.22	02:24:34.568		0.61632			4
2024.08.22	02:24:39.999	0.61629	0.61633			6
2024.08.22	02:24:40.325	0.61630				2
2024.08.22	02:24:40.693	0.61629				2
2024.08.22	02:24:58.482	0.61628	0.61632			6
2024.08.22	02:25:00.671	0.61628				2
2024.08.22	02:25:01.462	0.61627	0.61631			6
2024.08.22	02:25:33.855	0.61629				2
2024.08.22	02:25:34.156	0.61627				2
2024.08.22	02:26:00.251	0.61630	0.61632			6
2024.08.22	02:26:01.251	0.61629				2
2024.08.22	02:26:06.356		0.61631			4
2024.08.22	02:26:16.514	0.61630	0.61632			6
2024.08.22	02:26:19.023	0.61629	0.61631			6
2024.08.22	02:26:27.375		0.61630			4
2024.08.22	02:26:30.019	0.61628				2
2024.08.22	02:26:36.325	0.61629				2
2024.08.22	02:26:39.287	0.61627	0.61628			6
2024.08.22	02:26:40.779	0.61626				2
2024.08.22	02:26:42.323	0.61627				2
2024.08.22	02:27:00.012	0.61624	0.61625			6
2024.08.22	02:27:00.661	0.61625	0.61626			6
2024.08.22	02:27:35.012	0.61622	0.61623			6
2024.08.22	02:27:45.646	0.61620	0.61621			6
2024.08.22	02:27:45.963		0.61622			4
2024.08.22	02:27:49.149	0.61618				2
2024.08.22	02:27:51.290	0.61619				2
2024.08.22	02:27:52.479		0.61623			4
2024.08.22	02:28:00.152	0.61619				2
2024.08.22	02:28:02.431	0.61620				2
2024.08.22	02:28:02.749	0.61619	0.61621			6
2024.08.22	02:28:03.074	0.61620				2
2024.08.22	02:28:03.384		0.61623			4
2024.08.22	02:28:22.641	0.61621				2
2024.08.22	02:28:22.947	0.61620				2
2024.08.22	02:28:33.707	0.61622	0.61625			6
2024.08.22	02:28:34.008	0.61625	0.61627			6
2024.08.22	02:29:00.037	0.61625				2
2024.08.22	02:29:08.724	0.61626				2
2024.08.22	02:29:09.052	0.61625				2
2024.08.22	02:29:10.160	0.61626				2
2024.08.22	02:29:13.561	0.61625				2
2024.08.22	02:29:15.135	0.61626				2
2024.08.22	02:29:19.191	0.61625				2
2024.08.22	02:29:21.449	0.61626				2
2024.08.22	02:29:23.701	0.61625				2
2024.08.22	02:29:24.826	0.61619	0.61622			6
2024.08.22	02:29:27.034	0.61620				2
2024.08.22	02:29:29.378	0.61619				2
2024.08.22	02:29:33.046	0.61620				2
2024.08.22	02:29:34.175	0.61618	0.61620			6
2024.08.22	02:29:34.979		0.61621			4
2024.08.22	02:29:46.952		0.61620			4
2024.08.22	02:29:52.003		0.61621			4
2024.08.22	02:29:54.314	0.61617	0.61620			6
2024.08.22	02:29:54.622	0.61616	0.61618			6
2024.08.22	02:29:59.592		0.61619			4
2024.08.22	02:30:00.609	0.61615	0.61618			6
2024.08.22	02:30:00.929	0.61616	0.61619			6
2024.08.22	02:30:11.051	0.61617				2
2024.08.22	02:30:13.187	0.61622	0.61623			6
2024.08.22	02:30:17.373		0.61624			4
2024.08.22	02:30:21.371	0.61624	0.61627			6
2024.08.22	02:30:29.517	0.61626	0.61628			6
2024.08.22	02:30:30.693	0.61623	0.61626			6
2024.08.22	02:30:33.864	0.61624				2
2024.08.22	02:30:34.503		0.61627			4
2024.08.22	02:30:34.985		0.61626			4
2024.08.22	02:30:35.610		0.61627			4
2024.08.22	02:30:39.318	0.61622	0.61625			6
2024.08.22	02:30:48.348	0.61621	0.61626			6
2024.08.22	02:30:48.668	0.61624				2
2024.08.22	02:30:54.452	0.61622	0.61625			6
2024.08.22	02:30:56.901	0.61621	0.61624			6
2024.08.22	02:31:04.058	0.61621				2
2024.08.22	02:31:07.385	0.61622	0.61625			6
2024.08.22	02:31:12.402	0.61621	0.61624			6
2024.08.22	02:31:20.311	0.61622	0.61625			6
2024.08.22	02:31:31.077	0.61621	0.61624			6
2024.08.22	02:31:31.539	0.61622	0.61625			6
2024.08.22	02:31:41.665	0.61624	0.61626			6
2024.08.22	02:31:42.844	0.61622	0.61625			6
2024.08.22	02:31:45.469	0.61621	0.61626			6
2024.08.22	02:31:45.806	0.61622	0.61625			6
2024.08.22	02:31:48.304	0.61621	0.61624			6
2024.08.22	02:31:50.298	0.61622	0.61625			6
2024.08.22	02:32:00.540	0.61622				2
2024.08.22	02:32:17.490	0.61619	0.61622			6
2024.08.22	02:32:17.804	0.61620				2
2024.08.22	02:32:34.888	0.61619	0.61621			6
2024.08.22	02:32:35.203	0.61620	0.61622			6
2024.08.22	02:32:35.506	0.61618	0.61621			6
2024.08.22	02:32:40.015	0.61617	0.61620			6
2024.08.22	02:33:00.461	0.61617				2
2024.08.22	02:33:35.343	0.61616	0.61619			6
2024.08.22	02:33:35.643	0.61615	0.61618			6
2024.08.22	02:33:37.597	0.61616				2
2024.08.22	02:33:38.695		0.61619			4
2024.08.22	02:33:46.077	0.61617	0.61620			6
2024.08.22	02:33:56.259	0.61618				2
2024.08.22	02:33:56.562	0.61617				2
2024.08.22	02:34:01.344	0.61617				2
2024.08.22	02:34:21.037	0.61618				2
2024.08.22	02:34:21.337	0.61617				2
2024.08.22	02:34:28.323	0.61623	0.61624			6
2024.08.22	02:34:28.637	0.61622				2
2024.08.22	02:34:37.029		0.61623			4
2024.08.22	02:34:37.331		0.61624			4
2024.08.22	02:34:51.115	0.61620	0.61622			6
2024.08.22	02:34:52.312	0.61619				2
2024.08.22	02:34:55.095	0.61620	0.61623			6
2024.08.22	02:34:56.244		0.61624			4
2024.08.22	02:35:00.446	0.61620				2
2024.08.22	02:35:00.815	0.61621				2
2024.08.22	02:35:11.333	0.61622				2
2024.08.22	02:35:13.588	0.61621				2
2024.08.22	02:35:16.913	0.61622				2
2024.08.22	02:35:23.472		0.61625			4
2024.08.22	02:35:29.388		0.61624			4
2024.08.22	02:35:31.526		0.61625			4
2024.08.22	02:36:01.962	0.61622				2
2024.08.22	02:36:15.418	0.61621	0.61624			6
2024.08.22	02:36:40.051	0.61622	0.61625			6
2024.08.22	02:37:01.011	0.61622				2
2024.08.22	02:37:07.034	0.61621	0.61624			6
2024.08.22	02:37:11.917	0.61618	0.61621			6
2024.08.22	02:37:17.034	0.61621	0.61623			6
2024.08.22	02:37:22.470	0.61622				2
2024.08.22	02:37:26.229	0.61621				2
2024.08.22	02:37:27.358	0.61620				2
2024.08.22	02:37:29.518	0.61619	0.61622			6
2024.08.22	02:37:32.665	0.61621	0.61623			6
2024.08.22	02:37:32.964	0.61620				2
2024.08.22	02:37:34.843		0.61621			4
2024.08.22	02:37:36.036	0.61619				2
2024.08.22	02:37:40.200		0.61622			4
2024.08.22	02:37:47.268	0.61621	0.61623			6
2024.08.22	02:37:47.585		0.61622			4
2024.08.22	02:37:50.813	0.61619				2
2024.08.22	02:37:51.678		0.61621			4
2024.08.22	02:37:52.365	0.61618	0.61620			6
2024.08.22	02:37:52.968	0.61615	0.61618			6
2024.08.22	02:37:53.270		0.61617			4
2024.08.22	02:37:54.680	0.61616	0.61619			6
2024.08.22	02:37:54.996	0.61615				2
2024.08.22	02:37:55.925	0.61613	0.61617			6
2024.08.22	02:37:56.229		0.61615			4
2024.08.22	02:38:00.207	0.61613				2
2024.08.22	02:38:01.180		0.61616			4
2024.08.22	02:38:03.050		0.61614			4
2024.08.22	02:38:04.442	0.61612				2
2024.08.22	02:38:07.790		0.61615			4
2024.08.22	02:38:15.368		0.61614			4
2024.08.22	02:38:16.320		0.61615			4
2024.08.22	02:38:23.339	0.61611	0.61614			6
2024.08.22	02:38:23.697	0.61612				2
2024.08.22	02:38:25.395	0.61608	0.61612			6
2024.08.22	02:38:35.403	0.61609				2
2024.08.22	02:38:36.364	0.61606	0.61610			6
2024.08.22	02:38:39.107	0.61605	0.61609			6
2024.08.22	02:38:49.613	0.61607	0.61610			6
2024.08.22	02:38:54.314	0.61610	0.61612			6
2024.08.22	02:38:54.628		0.61613			4
2024.08.22	02:39:00.095	0.61608				2
2024.08.22	02:39:18.371		0.61612			4
2024.08.22	02:39:18.683	0.61607	0.61611			6
2024.08.22	02:39:22.746	0.61608	0.61612			6
2024.08.22	02:39:25.368	0.61607				2
2024.08.22	02:39:31.764	0.61608				2
2024.08.22	02:39:37.394	0.61610	0.61613			6
2024.08.22	02:39:38.469	0.61609	0.61614			6
2024.08.22	02:39:39.307	0.61610				2
2024.08.22	02:39:46.107	0.61609				2
2024.08.22	02:39:56.711	0.61608				2
2024.08.22	02:39:57.450	0.61609	0.61613			6
2024.08.22	02:39:59.705		0.61614			4
2024.08.22	02:40:00.218	0.61609	0.61613			6
2024.08.22	02:40:03.085	0.61608				2
2024.08.22	02:40:03.404	0.61610	0.61614			6
2024.08.22	02:40:04.480		0.61615			4
2024.08.22	02:40:05.495	0.61613	0.61616			6
2024.08.22	02:40:06.313		0.61617			4
2024.08.22	02:40:07.938	0.61612				2
2024.08.22	02:40:10.414	0.61613				2
2024.08.22	02:40:12.418	0.61612	0.61616			6
2024.08.22	02:40:14.040	0.61613	0.61617			6
2024.08.22	02:40:30.879	0.61612				2
2024.08.22	02:40:31.181		0.61616			4
2024.08.22	02:40:35.308		0.61617			4
2024.08.22	02:40:37.966		0.61616			4
2024.08.22	02:40:50.365	0.61613	0.61617			6
2024.08.22	02:40:53.862	0.61614				2
2024.08.22	02:40:54.165	0.61613				2
2024.08.22	02:40:57.838	0.61614				2
2024.08.22	02:40:58.146	0.61613				2
2024.08.22	02:41:01.419	0.61613				2
2024.08.22	02:41:09.742	0.61609	0.61612			6
2024.08.22	02:41:11.503		0.61613			4
2024.08.22	02:41:12.559	0.61610				2
2024.08.22	02:41:15.995	0.61611				2
2024.08.22	02:41:16.682	0.61610				2
2024.08.22	02:41:17.234	0.61611				2
2024.08.22	02:41:18.143		0.61614			4
2024.08.22	02:41:19.315	0.61612	0.61615			6
2024.08.22	02:41:20.252	0.61611				2
2024.08.22	02:41:20.614	0.61612				2
2024.08.22	02:41:21.349	0.61611				2
2024.08.22	02:41:27.601	0.61612				2
2024.08.22	02:41:31.592	0.61610	0.61614			6
2024.08.22	02:41:31.895		0.61612			4
2024.08.22	02:41:32.761	0.61609				2
2024.08.22	02:41:34.583	0.61610				2
2024.08.22	02:41:35.053	0.61611				2
2024.08.22	02:41:35.356		0.61613			4
2024.08.22	02:41:43.473	0.61609				2
2024.08.22	02:41:54.219		0.61614			4
2024.08.22	02:42:00.347	0.61609				2
2024.08.22	02:42:19.261	0.61608	0.61612			6
2024.08.22	02:42:36.234		0.61611			4
2024.08.22	02:42:39.969		0.61612			4
2024.08.22	02:43:00.149	0.61608				2
2024.08.22	02:43:04.684		0.61611			4
2024.08.22	02:43:05.187		0.61612			4
2024.08.22	02:43:06.215	0.61609	0.61613			6
2024.08.22	02:43:16.342	0.61608	0.61611			6
2024.08.22	02:43:18.001		0.61612			4
2024.08.22	02:43:23.468		0.61610			4
2024.08.22	02:43:26.401		0.61611			4
2024.08.22	02:43:27.776		0.61612			4
2024.08.22	02:43:45.522	0.61609	0.61613			6
2024.08.22	02:44:00.176	0.61609				2
2024.08.22	02:44:01.239	0.61608				2
2024.08.22	02:44:02.136	0.61609				2
2024.08.22	02:44:07.544	0.61610				2
2024.08.22	02:44:08.116	0.61611				2
2024.08.22	02:44:13.985		0.61614			4
2024.08.22	02:44:14.516	0.61610	0.61612			6
2024.08.22	02:44:14.843	0.61611	0.61613			6
2024.08.22	02:44:16.107	0.61609	0.61611			6
2024.08.22	02:44:20.404		0.61612			4
2024.08.22	02:44:22.039	0.61611	0.61614			6
2024.08.22	02:44:22.343	0.61610	0.61613			6
2024.08.22	02:44:23.236	0.61611				2
2024.08.22	02:44:23.556	0.61610	0.61612			6
2024.08.22	02:44:25.006		0.61613			4
2024.08.22	02:44:29.367		0.61612			4
2024.08.22	02:44:41.190	0.61608	0.61610			6
2024.08.22	02:44:49.996		0.61611			4
2024.08.22	02:44:56.228		0.61610			4
2024.08.22	02:44:56.528		0.61611			4
2024.08.22	02:45:00.456	0.61608				2
2024.08.22	02:45:01.573		0.61610			4
2024.08.22	02:45:03.742		0.61609			4
2024.08.22	02:45:04.853	0.61606	0.61608			6
2024.08.22	02:45:07.309	0.61604				2
2024.08.22	02:45:11.509		0.61609			4
2024.08.22	02:45:13.022	0.61605				2
2024.08.22	02:45:16.981		0.61610			4
2024.08.22	02:45:24.811	0.61608				2
2024.08.22	02:45:25.122		0.61612			4
2024.08.22	02:45:31.343	0.61604	0.61609			6
2024.08.22	02:45:38.131		0.61608			4
2024.08.22	02:45:41.375		0.61609			4
2024.08.22	02:45:44.127		0.61608			4
2024.08.22	02:45:46.418		0.61609			4
2024.08.22	02:45:59.929	0.61605	0.61610			6
2024.08.22	02:46:00.250	0.61604	0.61609			6
2024.08.22	02:46:02.004	0.61605				2
2024.08.22	02:46:10.941		0.61608			4
2024.08.22	02:46:16.166		0.61609			4
2024.08.22	02:46:23.239	0.61606				2
2024.08.22	02:46:23.813	0.61605				2
2024.08.22	02:46:27.381	0.61606				2
2024.08.22	02:46:27.777	0.61605	0.61608			6
2024.08.22	02:46:28.083		0.61607			4
2024.08.22	02:46:29.313		0.61608			4
2024.08.22	02:46:32.054	0.61604				2
2024.08.22	02:46:36.442		0.61610			4
2024.08.22	02:46:44.499	0.61605				2
2024.08.22	02:46:44.921	0.61604				2
2024.08.22	02:46:46.131	0.61605				2
2024.08.22	02:46:46.937	0.61604	0.61609			6
2024.08.22	02:46:49.296	0.61605	0.61610			6
2024.08.22	02:46:51.430		0.61609			4
2024.08.22	02:46:51.739		0.61610			4
2024.08.22	02:47:02.446	0.61605				2
2024.08.22	02:47:21.340	0.61608	0.61612			6
2024.08.22	02:47:26.159		0.61613			4
2024.08.22	02:47:26.461		0.61612			4
2024.08.22	02:47:27.381	0.61607				2
2024.08.22	02:47:28.370	0.61608				2
2024.08.22	02:47:30.353	0.61607				2
2024.08.22	02:47:30.751	0.61608	0.61613			6
2024.08.22	02:47:33.427		0.61612			4
2024.08.22	02:47:34.421		0.61613			4
2024.08.22	02:47:37.696	0.61610	0.61614			6
2024.08.22	02:47:43.426		0.61613			4
2024.08.22	02:47:43.731		0.61614			4
2024.08.22	02:47:53.628	0.61611	0.61615			6
2024.08.22	02:47:55.807	0.61610	0.61614			6
2024.08.22	02:47:59.188		0.61615			4
2024.08.22	02:48:00.311	0.61610	0.61614			6
2024.08.22	02:49:00.037	0.61610				2
2024.08.22	02:49:00.866		0.61614			4
2024.08.22	02:49:17.838		0.61613			4
2024.08.22	02:49:18.139		0.61614			4
2024.08.22	02:49:26.638		0.61612			4
2024.08.22	02:49:26.943		0.61614			4
2024.08.22	02:49:59.566		0.61613			4
2024.08.22	02:49:59.872		0.61614			4
2024.08.22	02:50:00.362	0.61610				2
2024.08.22	02:50:00.714	0.61609	0.61610			6
2024.08.22	02:50:01.033	0.61608				2
2024.08.22	02:50:03.368	0.61609	0.61613			6
2024.08.22	02:50:06.617		0.61614			4
2024.08.22	02:50:08.771		0.61613			4
2024.08.22	02:50:09.658		0.61611			4
2024.08.22	02:50:10.000	0.61608				2
2024.08.22	02:50:10.535	0.61609	0.61612			6
2024.08.22	02:50:10.878		0.61611			4
2024.08.22	02:50:11.365		0.61612			4
2024.08.22	02:50:21.054		0.61611			4
2024.08.22	02:50:21.356		0.61612			4
2024.08.22	02:50:23.503	0.61616	0.61620			6
2024.08.22	02:50:25.159	0.61618	0.61622			6
2024.08.22	02:50:30.087	0.61622	0.61625			6
2024.08.22	02:50:30.393		0.61626			4
2024.08.22	02:50:50.971	0.61624	0.61628			6
2024.08.22	02:50:54.962		0.61627			4
2024.08.22	02:50:57.973		0.61628			4
2024.08.22	02:51:00.327	0.61624				2
2024.08.22	02:51:01.042		0.61629			4
2024.08.22	02:51:02.515		0.61628			4
2024.08.22	02:51:04.699		0.61627			4
2024.08.22	02:51:05.605		0.61628			4
2024.08.22	02:51:06.604		0.61629			4
2024.08.22	02:51:10.973	0.61625				2
2024.08.22	02:51:15.065	0.61629	0.61633			6
2024.08.22	02:51:21.029	0.61630	0.61634			6
2024.08.22	02:51:29.175	0.61632	0.61636			6
2024.08.22	02:51:34.825	0.61629	0.61633			6
2024.08.22	02:51:47.649	0.61625	0.61626			6
2024.08.22	02:52:00.416	0.61620	0.61622			6
2024.08.22	02:52:06.463	0.61617	0.61620			6
2024.08.22	02:52:13.604	0.61616				2
2024.08.22	02:52:17.455	0.61615	0.61619			6
2024.08.22	02:52:20.419	0.61616	0.61620			6
2024.08.22	02:52:26.478	0.61615	0.61618			6
2024.08.22	02:52:27.282	0.61616	0.61621			6
2024.08.22	02:52:27.584		0.61620			4
2024.08.22	02:52:36.115		0.61619			4
2024.08.22	02:52:36.569		0.61620			4
2024.08.22	02:52:41.539	0.61617				2
2024.08.22	02:52:42.418		0.61621			4
2024.08.22	02:52:44.013	0.61616	0.61620			6
2024.08.22	02:52:46.667	0.61617	0.61621			6
2024.08.22	02:53:00.928	0.61617				2
2024.08.22	02:53:04.232	0.61619				2
2024.08.22	02:53:04.536	0.61617				2
2024.08.22	02:53:14.412		0.61620			4
2024.08.22	02:53:22.476	0.61614	0.61617			6
2024.08.22	02:53:30.032		0.61616			4
2024.08.22	02:54:00.412	0.61614				2
2024.08.22	02:54:00.722	0.61612	0.61615			6
2024.08.22	02:54:08.361	0.61611				2
2024.08.22	02:54:16.525	0.61612				2
2024.08.22	02:54:34.538		0.61616			4
2024.08.22	02:54:35.409		0.61617			4
2024.08.22	02:54:36.327	0.61613				2
2024.08.22	02:54:53.604	0.61616	0.61620			6
2024.08.22	02:54:57.012		0.61621			4
2024.08.22	02:55:00.357	0.61616	0.61620			6
2024.08.22	02:55:01.144	0.61615	0.61617			6
2024.08.22	02:55:05.204		0.61618			4
2024.08.22	02:55:05.566		0.61619			4
2024.08.22	02:55:09.843		0.61618			4
2024.08.22	02:55:10.147		0.61619			4
2024.08.22	02:55:13.837		0.61618			4
2024.08.22	02:55:14.143		0.61619			4
2024.08.22	02:55:22.542		0.61617			4
2024.08.22	02:55:37.834		0.61616			4
2024.08.22	02:55:38.137		0.61617			4
2024.08.22	02:55:47.666		0.61619			4
2024.08.22	02:55:54.779	0.61616				2
2024.08.22	02:55:58.156		0.61620			4
2024.08.22	02:56:08.012	0.61616				2
2024.08.22	02:56:16.713	0.61618	0.61621			6
2024.08.22	02:56:17.023	0.61619	0.61623			6
2024.08.22	02:56:17.416	0.61620	0.61624			6
2024.08.22	02:56:17.952	0.61619	0.61621			6
2024.08.22	02:56:18.257	0.61618				2
2024.08.22	02:56:18.987		0.61620			4
2024.08.22	02:56:19.576		0.61621			4
2024.08.22	02:56:31.594	0.61617	0.61620			6
2024.08.22	02:56:50.292	0.61616	0.61618			6
2024.08.22	02:56:50.603	0.61615	0.61616			6
2024.08.22	02:56:50.918		0.61617			4
2024.08.22	02:56:51.249	0.61616	0.61619			6
2024.08.22	02:56:52.797	0.61615				2
2024.08.22	02:56:54.244	0.61611	0.61615			6
2024.08.22	02:56:55.431	0.61614				2
2024.08.22	02:56:55.736	0.61611				2
2024.08.22	02:57:00.317	0.61611				2
2024.08.22	02:57:00.627	0.61612				2
2024.08.22	02:57:02.016		0.61616			4
2024.08.22	02:57:05.478	0.61611	0.61615			6
2024.08.22	02:57:14.348	0.61612				2
2024.08.22	02:57:18.767	0.61611				2
2024.08.22	02:57:25.332	0.61612				2
2024.08.22	02:57:29.032	0.61614	0.61618			6
2024.08.22	02:57:29.844		0.61617			4
2024.08.22	02:57:30.168	0.61613				2
2024.08.22	02:57:30.553		0.61615			4
2024.08.22	02:57:33.380		0.61616			4
2024.08.22	02:57:35.535		0.61615			4
2024.08.22	02:57:48.918		0.61616			4
2024.08.22	02:57:53.318	0.61614	0.61618			6
2024.08.22	02:57:55.608		0.61617			4
2024.08.22	02:58:00.213	0.61613				2
2024.08.22	02:58:14.894	0.61614				2
2024.08.22	02:58:15.363	0.61615	0.61619			6
2024.08.22	02:58:16.387	0.61614	0.61617			6
2024.08.22	02:58:20.518		0.61618			4
2024.08.22	02:58:21.046	0.61613	0.61616			6
2024.08.22	02:58:27.053		0.61617			4
2024.08.22	02:58:28.067	0.61615				2
2024.08.22	02:58:28.418	0.61613				2
2024.08.22	02:58:46.324	0.61614				2
2024.08.22	02:58:46.652	0.61613	0.61616			6
2024.08.22	02:58:49.876		0.61617			4
2024.08.22	02:58:51.921		0.61616			4
2024.08.22	02:58:53.974	0.61614	0.61617			6
2024.08.22	02:58:55.905	0.61616	0.61619			6
2024.08.22	02:58:56.224	0.61618	0.61622			6
2024.08.22	02:58:56.531		0.61621			4
2024.08.22	02:58:57.107		0.61620			4
2024.08.22	02:59:00.469	0.61618				2
2024.08.22	02:59:01.339	0.61617				2
2024.08.22	02:59:14.716		0.61621			4
2024.08.22	02:59:15.052	0.61618				2
2024.08.22	02:59:15.827	0.61617	0.61620			6
2024.08.22	02:59:33.041		0.61619			4
2024.08.22	02:59:33.344		0.61620			4
2024.08.22	02:59:39.457		0.61618			4
2024.08.22	02:59:39.761		0.61620			4
2024.08.22	03:00:00.322	0.61616	0.61619			6
2024.08.22	03:00:00.630		0.61620			4
2024.08.22	03:00:01.313	0.61612	0.61615			6
2024.08.22	03:00:02.331		0.61616			4
2024.08.22	03:00:02.981		0.61615			4
2024.08.22	03:00:07.057		0.61616			4
2024.08.22	03:00:07.364		0.61615			4
2024.08.22	03:00:08.326	0.61610	0.61613			6
2024.08.22	03:00:09.243	0.61609	0.61612			6
2024.08.22	03:00:14.985	0.61611	0.61615			6
2024.08.22	03:00:15.303	0.61614	0.61617			6
2024.08.22	03:00:15.923	0.61616	0.61619			6
2024.08.22	03:00:16.756	0.61617	0.61620			6
2024.08.22	03:00:17.876	0.61622	0.61626			6
2024.08.22	03:00:18.184		0.61625			4
2024.08.22	03:00:18.486	0.61623	0.61626			6
2024.08.22	03:00:20.691		0.61627			4
2024.08.22	03:00:21.408	0.61625	0.61629			6
2024.08.22	03:00:21.733	0.61624	0.61627			6
2024.08.22	03:00:23.806	0.61625				2
2024.08.22	03:00:24.218	0.61624				2
2024.08.22	03:00:24.781	0.61625	0.61629			6
2024.08.22	03:00:25.921	0.61628	0.61631			6
2024.08.22	03:00:26.228	0.61630	0.61632			6
2024.08.22	03:00:27.769	0.61629				2
2024.08.22	03:00:29.609		0.61631			4
2024.08.22	03:00:29.911	0.61627				2
2024.08.22	03:00:30.216		0.61630			4
2024.08.22	03:00:30.531		0.61631			4
2024.08.22	03:00:31.209	0.61628				2
2024.08.22	03:00:31.996	0.61625	0.61628			6
2024.08.22	03:00:32.303	0.61626	0.61629			6
2024.08.22	03:00:32.609		0.61630			4
2024.08.22	03:00:33.305		0.61629			4
2024.08.22	03:00:34.000	0.61625	0.61627			6
2024.08.22	03:00:34.315		0.61628			4
2024.08.22	03:00:37.683	0.61624	0.61627			6
2024.08.22	03:00:39.413		0.61626			4
2024.08.22	03:00:44.796		0.61625			4
2024.08.22	03:00:45.145	0.61619	0.61621			6
2024.08.22	03:00:47.693	0.61623	0.61624			6
2024.08.22	03:00:48.340	0.61622	0.61623			6
2024.08.22	03:00:48.644	0.61625	0.61626			6
2024.08.22	03:00:48.965	0.61624	0.61625			6
2024.08.22	03:00:51.539	0.61623	0.61624			6
2024.08.22	03:00:52.617	0.61622	0.61623			6
2024.08.22	03:00:54.644	0.61624	0.61625			6
2024.08.22	03:01:00.276	0.61624				2
2024.08.22	03:01:02.821	0.61623				2
2024.08.22	03:01:03.536	0.61624				2
2024.08.22	03:01:04.523	0.61626	0.61627			6
2024.08.22	03:01:10.350	0.61627	0.61628			6
2024.08.22	03:01:10.663	0.61630	0.61631			6
2024.08.22	03:01:15.992	0.61631	0.61632			6
2024.08.22	03:01:16.303	0.61632	0.61633			6
2024.08.22	03:01:17.326	0.61631	0.61632			6
2024.08.22	03:01:21.545	0.61633	0.61635			6
2024.08.22	03:01:23.887	0.61634				2
2024.08.22	03:01:24.219		0.61636			4
2024.08.22	03:01:25.263	0.61633				2
2024.08.22	03:01:28.285	0.61634				2
2024.08.22	03:01:32.018	0.61633				2
2024.08.22	03:01:32.354	0.61634				2
2024.08.22	03:01:34.339	0.61635				2
2024.08.22	03:01:34.646	0.61637	0.61638			6
2024.08.22	03:01:35.345	0.61636				2
2024.08.22	03:01:37.093	0.61635	0.61637			6
2024.08.22	03:01:37.425		0.61636			4
2024.08.22	03:01:38.189	0.61636	0.61637			6
2024.08.22	03:01:38.911	0.61635				2
2024.08.22	03:01:54.709	0.61636				2
2024.08.22	03:01:58.349	0.61634	0.61635			6
2024.08.22	03:01:58.663	0.61632	0.61633			6
2024.08.22	03:01:59.320	0.61631	0.61632			6
2024.08.22	03:02:00.320	0.61631				2
2024.08.22	03:02:07.828	0.61632	0.61633			6
2024.08.22	03:02:10.299	0.61631	0.61632			6
2024.08.22	03:02:13.006	0.61632	0.61633			6
2024.08.22	03:02:23.035	0.61638	0.61639			6
2024.08.22	03:02:23.338	0.61637	0.61638			6
2024.08.22	03:02:23.968	0.61636				2
2024.08.22	03:02:24.511	0.61637				2
2024.08.22	03:02:25.713	0.61636	0.61637			6
2024.08.22	03:02:52.541	0.61634	0.61636			6
2024.08.22	03:02:53.197		0.61637			4
2024.08.22	03:02:54.361	0.61635				2
2024.08.22	03:02:54.698		0.61638			4
2024.08.22	03:02:55.860	0.61634				2
2024.08.22	03:02:56.400	0.61635				2
2024.08.22	03:02:56.824	0.61638	0.61640			6
2024.08.22	03:02:57.522	0.61637				2
2024.08.22	03:03:00.002	0.61637				2
2024.08.22	03:03:03.515	0.61638				2
2024.08.22	03:03:03.822	0.61639	0.61642			6
2024.08.22	03:03:05.217	0.61641				2
2024.08.22	03:03:05.564		0.61644			4
2024.08.22	03:03:06.349	0.61645	0.61646			6
2024.08.22	03:03:06.662		0.61647			4
2024.08.22	03:03:08.254		0.61649			4
2024.08.22	03:03:08.590	0.61646	0.61648			6
2024.08.22	03:03:11.494		0.61649			4
2024.08.22	03:03:12.511	0.61645	0.61647			6
2024.08.22	03:03:19.375	0.61646	0.61649			6
2024.08.22	03:03:19.698	0.61650	0.61651			6
2024.08.22	03:03:29.492	0.61651	0.61652			6
2024.08.22	03:03:37.503	0.61647	0.61649			6
2024.08.22	03:03:37.806	0.61645	0.61648			6
2024.08.22	03:03:38.763	0.61646				2
2024.08.22	03:03:39.209	0.61645				2
2024.08.22	03:03:42.377	0.61646	0.61649			6
2024.08.22	03:03:43.294		0.61648			4
2024.08.22	03:03:43.618	0.61644	0.61647			6
2024.08.22	03:03:45.009		0.61646			4
2024.08.22	03:03:45.316		0.61647			4
2024.08.22	03:03:47.215		0.61646			4
2024.08.22	03:03:47.812		0.61647			4
2024.08.22	03:03:48.115		0.61646			4
2024.08.22	03:03:55.443	0.61643				2
2024.08.22	03:03:55.755	0.61644	0.61647			6
2024.08.22	03:04:00.399	0.61644				2
2024.08.22	03:04:01.696		0.61646			4
2024.08.22	03:04:02.222	0.61643				2
2024.08.22	03:04:04.125		0.61645			4
2024.08.22	03:04:04.866		0.61646			4
2024.08.22	03:04:05.556	0.61644				2
2024.08.22	03:04:05.938	0.61643				2
2024.08.22	03:04:08.490	0.61647	0.61650			6
2024.08.22	03:04:13.633		0.61649			4
2024.08.22	03:04:14.370	0.61645	0.61647			6
2024.08.22	03:04:14.735	0.61646				2
2024.08.22	03:04:15.046	0.61645				2
2024.08.22	03:04:15.400	0.61644				2
2024.08.22	03:04:17.860	0.61645				2
2024.08.22	03:04:18.160	0.61644				2
2024.08.22	03:04:19.492		0.61646			4
2024.08.22	03:04:19.820		0.61647			4
2024.08.22	03:04:20.165		0.61646			4
2024.08.22	03:04:21.124	0.61643				2
2024.08.22	03:04:24.101		0.61645			4
2024.08.22	03:04:26.322	0.61646	0.61648			6
2024.08.22	03:04:30.128	0.61645				2
2024.08.22	03:04:30.981		0.61647			4
2024.08.22	03:04:32.490	0.61646	0.61648			6
2024.08.22	03:04:36.542		0.61649			4
2024.08.22	03:04:37.349	0.61645	0.61648			6
2024.08.22	03:04:37.652	0.61646	0.61649			6
2024.08.22	03:04:38.121		0.61648			4
2024.08.22	03:04:38.416	0.61647	0.61649			6
2024.08.22	03:04:39.786	0.61646	0.61648			6
2024.08.22	03:04:40.092	0.61647	0.61649			6
2024.08.22	03:04:41.156	0.61649	0.61651			6
2024.08.22	03:04:45.824	0.61648				2
2024.08.22	03:04:47.083		0.61650			4
2024.08.22	03:04:47.394		0.61651			4
2024.08.22	03:04:48.142	0.61649				2
2024.08.22	03:04:48.500	0.61650				2
2024.08.22	03:04:49.234	0.61651	0.61652			6
2024.08.22	03:04:49.536	0.61650				2
2024.08.22	03:04:55.323		0.61651			4
2024.08.22	03:04:55.645		0.61652			4
2024.08.22	03:04:55.971		0.61651			4
2024.08.22	03:04:56.283		0.61652			4
2024.08.22	03:04:57.714	0.61651				2
2024.08.22	03:05:00.421	0.61651				2
2024.08.22	03:05:03.443	0.61650				2
2024.08.22	03:05:03.829	0.61651	0.61653			6
2024.08.22	03:05:08.909	0.61649	0.61652			6
2024.08.22	03:05:09.585		0.61651			4
2024.08.22	03:05:11.466	0.61650				2
2024.08.22	03:05:12.202	0.61649				2
2024.08.22	03:05:13.138	0.61648	0.61650			6
2024.08.22	03:05:13.887	0.61647	0.61649			6
2024.08.22	03:05:16.424	0.61646	0.61647			6
2024.08.22	03:05:18.946	0.61648	0.61650			6
2024.08.22	03:05:20.380	0.61647				2
2024.08.22	03:05:21.791		0.61649			4
2024.08.22	03:05:22.549		0.61650			4
2024.08.22	03:05:22.895	0.61645	0.61647			6
2024.08.22	03:05:24.883	0.61646	0.61648			6
2024.08.22	03:05:25.886	0.61645	0.61647			6
2024.08.22	03:05:31.029	0.61644	0.61646			6
2024.08.22	03:05:32.915	0.61643				2
2024.08.22	03:05:33.702	0.61644				2
2024.08.22	03:05:34.865	0.61643	0.61645			6
2024.08.22	03:05:39.442		0.61646			4
2024.08.22	03:05:41.761	0.61646	0.61649			6
2024.08.22	03:05:43.693	0.61649	0.61650			6
2024.08.22	03:05:44.005	0.61650	0.61651			6
2024.08.22	03:05:47.342	0.61649				2
2024.08.22	03:05:48.318	0.61648				2
2024.08.22	03:05:49.842		0.61649			4
2024.08.22	03:05:50.145		0.61651			4
2024.08.22	03:05:50.857	0.61649				2
2024.08.22	03:05:54.361	0.61648				2
2024.08.22	03:05:56.130		0.61650			4
2024.08.22	03:05:57.458	0.61647				2
2024.08.22	03:06:00.430	0.61646	0.61648			6
2024.08.22	03:06:00.732	0.61645	0.61647			6
2024.08.22	03:06:01.043	0.61646	0.61649			6
2024.08.22	03:06:01.391	0.61645	0.61648			6
2024.08.22	03:06:06.917	0.61643	0.61646			6
2024.08.22	03:06:08.990	0.61645	0.61647			6
2024.08.22	03:06:09.309		0.61648			4
2024.08.22	03:06:12.250		0.61647			4
2024.08.22	03:06:12.562	0.61644	0.61646			6
2024.08.22	03:06:13.618		0.61647			4
2024.08.22	03:06:13.957		0.61646			4
2024.08.22	03:06:16.167	0.61643				2
2024.08.22	03:06:20.792		0.61644			4
2024.08.22	03:06:21.098	0.61642				2
2024.08.22	03:06:23.041	0.61641	0.61643			6
2024.08.22	03:06:23.343		0.61642			4
2024.08.22	03:06:23.645	0.61640				2
2024.08.22	03:06:24.342		0.61643			4
2024.08.22	03:06:27.501		0.61642			4
2024.08.22	03:06:31.743		0.61643			4
2024.08.22	03:06:34.883	0.61641	0.61644			6
2024.08.22	03:06:35.241	0.61642				2
2024.08.22	03:06:35.545	0.61641				2
2024.08.22	03:06:35.848	0.61642	0.61645			6
2024.08.22	03:06:39.786	0.61641	0.61644			6
2024.08.22	03:06:40.482	0.61642	0.61645			6
2024.08.22	03:06:40.784		0.61644			4
2024.08.22	03:06:43.564		0.61645			4
2024.08.22	03:06:46.181		0.61644			4
2024.08.22	03:06:49.686	0.61641				2
2024.08.22	03:06:51.618	0.61639	0.61641			6
2024.08.22	03:06:52.601	0.61636	0.61639			6
2024.08.22	03:06:52.902	0.61638	0.61640			6
2024.08.22	03:06:53.219		0.61641			4
2024.08.22	03:06:54.505		0.61640			4
2024.08.22	03:06:56.455	0.61636	0.61638			6
2024.08.22	03:06:57.077		0.61639			4
2024.08.22	03:06:57.383		0.61638			4
2024.08.22	03:07:00.417	0.61636				2
2024.08.22	03:07:02.119		0.61637			4
2024.08.22	03:07:02.558	0.61632	0.61634			6
2024.08.22	03:07:02.860		0.61635			4
2024.08.22	03:07:03.513		0.61634			4
2024.08.22	03:07:03.828	0.61630	0.61631			6
2024.08.22	03:07:04.248	0.61629				2
2024.08.22	03:07:06.966	0.61630	0.61632			6
2024.08.22	03:07:08.041	0.61629				2
2024.08.22	03:07:08.667	0.61630	0.61633			6
2024.08.22	03:07:10.365	0.61629	0.61632			6
2024.08.22	03:07:11.889	0.61628	0.61631			6
2024.08.22	03:07:12.196		0.61630			4
2024.08.22	03:07:12.560		0.61631			4
2024.08.22	03:07:15.128	0.61630	0.61632			6
2024.08.22	03:07:15.454	0.61629				2
2024.08.22	03:07:18.167		0.61631			4
2024.08.22	03:07:18.482	0.61630	0.61633			6
2024.08.22	03:07:21.289	0.61629	0.61632			6
2024.08.22	03:07:21.968	0.61628	0.61630			6
2024.08.22	03:07:22.607	0.61626	0.61628			6
2024.08.22	03:07:22.912	0.61627	0.61629			6
2024.08.22	03:07:23.228	0.61626				2
2024.08.22	03:07:23.991	0.61627	0.61630			6
2024.08.22	03:07:26.724	0.61628				2
2024.08.22	03:07:28.524		0.61631			4
2024.08.22	03:07:28.839		0.61630			4
2024.08.22	03:07:29.937		0.61631			4
2024.08.22	03:07:30.627		0.61629			4
2024.08.22	03:07:30.927		0.61631			4
2024.08.22	03:07:48.899	0.61630	0.61632			6
2024.08.22	03:07:50.550	0.61632	0.61634			6
2024.08.22	03:07:50.852	0.61631				2
2024.08.22	03:07:51.162	0.61630	0.61633			6
2024.08.22	03:07:51.471		0.61632			4
2024.08.22	03:07:51.815	0.61631	0.61633			6
2024.08.22	03:07:52.146		0.61634			4
2024.08.22	03:07:53.161	0.61630	0.61633			6
2024.08.22	03:07:54.056	0.61631				2
2024.08.22	03:07:58.901	0.61632	0.61634			6
2024.08.22	03:07:59.204		0.61635			4
2024.08.22	03:08:00.020	0.61632				2
2024.08.22	03:08:00.406		0.61634			4
2024.08.22	03:08:00.766	0.61631	0.61633			6
2024.08.22	03:08:01.271	0.61632	0.61634			6
2024.08.22	03:08:04.770		0.61635			4
2024.08.22	03:08:06.724	0.61631	0.61634			6
2024.08.22	03:08:07.072	0.61632				2
2024.08.22	03:08:09.871	0.61629	0.61632			6
2024.08.22	03:08:10.508	0.61631	0.61633			6
2024.08.22	03:08:10.822	0.61630				2
2024.08.22	03:08:11.759	0.61629				2
2024.08.22	03:08:13.473	0.61630				2
2024.08.22	03:08:17.322	0.61629	0.61632			6
2024.08.22	03:08:19.564	0.61630	0.61633			6
2024.08.22	03:08:19.924	0.61629	0.61632			6
2024.08.22	03:08:22.407	0.61634	0.61636			6
2024.08.22	03:08:22.727	0.61633				2
2024.08.22	03:08:24.082	0.61634				2
2024.08.22	03:08:26.148	0.61633				2
2024.08.22	03:08:27.154	0.61634				2
2024.08.22	03:08:28.076	0.61635				2
2024.08.22	03:08:30.205	0.61636	0.61638			6
2024.08.22	03:08:30.506		0.61639			4
2024.08.22	03:08:30.815	0.61640	0.61643			6
2024.08.22	03:08:32.090	0.61641	0.61644			6
2024.08.22	03:08:33.072	0.61638	0.61642			6
2024.08.22	03:08:33.411		0.61641			4
2024.08.22	03:08:42.940	0.61637				2
2024.08.22	03:08:44.490		0.61640			4
2024.08.22	03:08:45.669	0.61638	0.61641			6
2024.08.22	03:09:00.491	0.61638				2
2024.08.22	03:09:01.159		0.61642			4
2024.08.22	03:09:03.285	0.61640				2
2024.08.22	03:09:03.648	0.61638				2
2024.08.22	03:09:15.065	0.61636	0.61639			6
2024.08.22	03:09:16.198	0.61637	0.61640			6
2024.08.22	03:09:16.645	0.61629	0.61631			6
2024.08.22	03:09:16.953	0.61628				2
2024.08.22	03:09:17.617	0.61627	0.61628			6
2024.08.22	03:09:17.929	0.61628	0.61630			6
2024.08.22	03:09:19.824	0.61627				2
2024.08.22	03:09:20.151	0.61628				2
2024.08.22	03:09:21.769	0.61627				2
2024.08.22	03:09:22.071	0.61628				2
2024.08.22	03:09:24.257		0.61631			4
2024.08.22	03:09:24.567		0.61630			4
2024.08.22	03:09:29.219		0.61631			4
2024.08.22	03:09:31.604	0.61629				2
2024.08.22	03:09:32.347	0.61630	0.61632			6
2024.08.22	03:09:32.664		0.61633			4
2024.08.22	03:09:34.827		0.61632			4
2024.08.22	03:09:36.048	0.61631	0.61634			6
2024.08.22	03:09:36.361	0.61633	0.61635			6
2024.08.22	03:09:38.289	0.61629	0.61632			6
2024.08.22	03:09:39.273	0.61630	0.61633			6
2024.08.22	03:09:43.297	0.61633	0.61635			6
2024.08.22	03:09:44.090	0.61631	0.61634			6
2024.08.22	03:09:44.411	0.61632				2
2024.08.22	03:09:47.818	0.61633	0.61636			6
2024.08.22	03:09:48.200		0.61635			4
2024.08.22	03:09:48.504	0.61632	0.61634			6
2024.08.22	03:09:49.371	0.61631	0.61633			6
2024.08.22	03:09:49.701	0.61630	0.61632			6
2024.08.22	03:09:50.504	0.61627	0.61630			6
2024.08.22	03:09:50.832		0.61628			4
2024.08.22	03:09:54.783	0.61628	0.61630			6
2024.08.22	03:09:56.383	0.61627	0.61629			6
2024.08.22	03:09:57.831	0.61628	0.61630			6
2024.08.22	03:09:59.529	0.61627	0.61629			6
2024.08.22	03:09:59.850	0.61626	0.61627			6
2024.08.22	03:10:00.350	0.61626	0.61628			6
2024.08.22	03:10:01.615	0.61627	0.61630			6
2024.08.22	03:10:02.297	0.61625	0.61627			6
2024.08.22	03:10:02.613	0.61623	0.61625			6
2024.08.22	03:10:05.309	0.61627	0.61629			6
2024.08.22	03:10:06.426	0.61626	0.61627			6
2024.08.22	03:10:06.826	0.61625				2
2024.08.22	03:10:08.514		0.61628			4
2024.08.22	03:10:08.848	0.61627	0.61629			6
2024.08.22	03:10:09.165	0.61626	0.61628			6
2024.08.22	03:10:09.816		0.61629			4
2024.08.22	03:10:10.770	0.61628	0.61630			6
2024.08.22	03:10:14.598	0.61626	0.61629			6
2024.08.22	03:10:14.941	0.61627				2
2024.08.22	03:10:15.248	0.61626	0.61628			6
2024.08.22	03:10:15.561	0.61625				2
2024.08.22	03:10:17.339	0.61627	0.61629			6
2024.08.22	03:10:18.485	0.61629	0.61630			6
2024.08.22	03:10:33.296	0.61624	0.61626			6
2024.08.22	03:10:36.442	0.61623				2
2024.08.22	03:10:37.947	0.61625	0.61627			6
2024.08.22	03:10:38.263		0.61628			4
2024.08.22	03:10:38.923	0.61624	0.61627			6
2024.08.22	03:10:39.564		0.61626			4
2024.08.22	03:10:39.992	0.61623	0.61625			6
2024.08.22	03:10:46.262	0.61622				2
2024.08.22	03:10:47.163	0.61623	0.61626			6
2024.08.22	03:10:47.523	0.61625	0.61628			6
2024.08.22	03:10:48.974		0.61627			4
2024.08.22	03:10:49.277	0.61623	0.61625			6
2024.08.22	03:10:52.917	0.61626	0.61628			6
2024.08.22	03:10:53.578	0.61623	0.61625			6
2024.08.22	03:10:54.518	0.61622	0.61624			6
2024.08.22	03:11:00.288	0.61622				2
2024.08.22	03:11:00.637		0.61625			4
2024.08.22	03:11:01.052		0.61624			4
2024.08.22	03:11:01.355	0.61620	0.61622			6
2024.08.22	03:11:03.448	0.61618	0.61621			6
2024.08.22	03:11:03.810	0.61620	0.61623			6
2024.08.22	03:11:05.517	0.61619	0.61622			6
2024.08.22	03:11:05.967	0.61620	0.61623			6
2024.08.22	03:11:10.090	0.61621				2
2024.08.22	03:11:12.949	0.61622	0.61625			6
2024.08.22	03:11:15.436		0.61624			4
2024.08.22	03:11:16.765	0.61621	0.61623			6
2024.08.22	03:11:18.781	0.61624	0.61625			6
2024.08.22	03:11:22.133	0.61623				2
2024.08.22	03:11:28.080	0.61618	0.61621			6
2024.08.22	03:11:29.936		0.61620			4
2024.08.22	03:11:33.598	0.61616	0.61617			6
2024.08.22	03:11:33.902		0.61619			4
2024.08.22	03:11:34.218	0.61617	0.61620			6
2024.08.22	03:11:34.658	0.61618				2
2024.08.22	03:11:36.436	0.61619				2
2024.08.22	03:11:39.068	0.61618	0.61621			6
2024.08.22	03:11:41.198	0.61620	0.61622			6
2024.08.22	03:11:45.949	0.61619				2
2024.08.22	03:11:46.265	0.61618	0.61620			6
2024.08.22	03:11:46.583	0.61617				2
2024.08.22	03:11:47.058	0.61618				2
2024.08.22	03:11:47.751	0.61617				2
2024.08.22	03:11:49.327	0.61618				2
2024.08.22	03:11:54.422	0.61617				2
2024.08.22	03:11:57.764		0.61619			4
2024.08.22	03:11:58.660	0.61615	0.61617			6
2024.08.22	03:12:00.366	0.61615				2
2024.08.22	03:12:00.684	0.61614	0.61615			6
2024.08.22	03:12:01.000	0.61613				2
2024.08.22	03:12:01.302		0.61614			4
2024.08.22	03:12:01.681		0.61615			4
2024.08.22	03:12:01.983		0.61614			4
2024.08.22	03:12:02.289	0.61612	0.61615			6
2024.08.22	03:12:04.156		0.61614			4
2024.08.22	03:12:05.461	0.61610	0.61612			6
2024.08.22	03:12:05.766	0.61612	0.61615			6
2024.08.22	03:12:06.936	0.61613				2
2024.08.22	03:12:07.774	0.61612				2
2024.08.22	03:12:10.368	0.61609	0.61612			6
2024.08.22	03:12:10.684		0.61611			4
2024.08.22	03:12:11.200	0.61608	0.61610			6
2024.08.22	03:12:11.563	0.61607				2
2024.08.22	03:12:12.209	0.61608				2
2024.08.22	03:12:12.906	0.61610	0.61611			6
2024.08.22	03:12:14.584	0.61608	0.61610			6
2024.08.22	03:12:15.548	0.61609	0.61611			6
2024.08.22	03:12:15.867	0.61608				2
2024.08.22	03:12:17.916	0.61609				2
2024.08.22	03:12:18.676	0.61608				2
2024.08.22	03:12:20.256	0.61609				2
2024.08.22	03:12:29.029	0.61610	0.61613			6
2024.08.22	03:12:29.344	0.61611				2
2024.08.22	03:12:30.991	0.61613	0.61615			6
2024.08.22	03:12:31.398	0.61614				2
2024.08.22	03:12:31.702	0.61613				2
2024.08.22	03:12:32.012	0.61614				2
2024.08.22	03:12:36.429	0.61613				2
2024.08.22	03:12:36.853	0.61614				2
2024.08.22	03:12:40.680	0.61615	0.61616			6
2024.08.22	03:12:40.985	0.61613	0.61615			6
2024.08.22	03:12:41.290	0.61614				2
2024.08.22	03:12:42.458	0.61610	0.61612			6
2024.08.22	03:12:43.484	0.61609	0.61611			6
2024.08.22	03:12:43.795		0.61610			4
2024.08.22	03:12:44.166	0.61608				2
2024.08.22	03:12:45.446		0.61609			4
2024.08.22	03:12:45.762	0.61609	0.61610			6
2024.08.22	03:12:48.732	0.61605	0.61607			6
2024.08.22	03:12:49.398	0.61606				2
2024.08.22	03:12:52.492	0.61607	0.61608			6
2024.08.22	03:12:53.344	0.61608	0.61609			6
2024.08.22	03:12:53.654	0.61606	0.61608			6
2024.08.22	03:12:55.379	0.61607				2
2024.08.22	03:12:56.289	0.61606	0.61607			6
2024.08.22	03:12:57.050	0.61605				2
2024.08.22	03:12:58.584	0.61606				2
2024.08.22	03:13:00.179	0.61608	0.61609			6
2024.08.22	03:13:02.161	0.61609	0.61610			6
2024.08.22	03:13:11.052	0.61610	0.61611			6
2024.08.22	03:13:16.238	0.61612	0.61613			6
2024.08.22	03:13:16.669	0.61611	0.61612			6
2024.08.22	03:13:16.983	0.61612	0.61613			6
2024.08.22	03:13:17.389	0.61611	0.61612			6
2024.08.22	03:13:25.079	0.61612	0.61613			6
2024.08.22	03:13:25.751	0.61613	0.61614			6
2024.08.22	03:13:26.063	0.61611	0.61612			6
2024.08.22	03:13:26.384	0.61613	0.61614			6
2024.08.22	03:13:27.815	0.61611	0.61612			6
2024.08.22	03:13:28.458	0.61612	0.61613			6
2024.08.22	03:13:30.978	0.61611	0.61612			6
2024.08.22	03:13:31.313	0.61612	0.61614			6
2024.08.22	03:13:31.623	0.61613				2
2024.08.22	03:13:48.474	0.61614	0.61615			6
2024.08.22	03:13:52.011	0.61613	0.61614			6
2024.08.22	03:13:55.477	0.61614	0.61615			6
2024.08.22	03:13:56.344	0.61613	0.61614			6
2024.08.22	03:13:57.212	0.61614	0.61615			6
2024.08.22	03:13:58.237	0.61613	0.61614			6
2024.08.22	03:14:00.023	0.61613				2
2024.08.22	03:14:03.881	0.61614	0.61615			6
2024.08.22	03:14:12.641	0.61617	0.61619			6
2024.08.22	03:14:12.945		0.61618			4
2024.08.22	03:14:13.582	0.61618	0.61619			6
2024.08.22	03:14:13.917	0.61617	0.61618			6
2024.08.22	03:14:15.896	0.61613	0.61615			6
2024.08.22	03:14:17.079	0.61614				2
2024.08.22	03:14:18.648	0.61613				2
2024.08.22	03:14:22.311	0.61615	0.61617			6
2024.08.22	03:14:22.625		0.61616			4
2024.08.22	03:14:23.318	0.61614				2
2024.08.22	03:14:24.323	0.61613	0.61614			6
2024.08.22	03:14:26.455	0.61614	0.61615			6
2024.08.22	03:14:27.414	0.61610	0.61613			6
2024.08.22	03:14:28.378	0.61612				2
2024.08.22	03:14:29.970	0.61613	0.61614			6
2024.08.22	03:14:30.301	0.61611	0.61613			6
2024.08.22	03:14:30.694	0.61612				2
2024.08.22	03:14:31.027	0.61611	0.61612			6
2024.08.22	03:14:31.365	0.61608	0.61610			6
2024.08.22	03:14:36.216		0.61609			4
2024.08.22	03:14:37.846	0.61606	0.61608			6
2024.08.22	03:14:38.158	0.61605	0.61607			6
2024.08.22	03:14:38.535	0.61606				2
2024.08.22	03:14:39.155	0.61608	0.61609			6
2024.08.22	03:14:45.564	0.61609	0.61610			6
2024.08.22	03:14:54.876	0.61608				2
2024.08.22	03:15:00.365	0.61608				2
2024.08.22	03:15:10.814	0.61609				2
2024.08.22	03:15:14.846	0.61610	0.61611			6
2024.08.22	03:15:15.260	0.61611	0.61612			6
2024.08.22	03:15:15.564	0.61613	0.61615			6
2024.08.22	03:15:15.869	0.61614				2
2024.08.22	03:15:16.173	0.61613	0.61614			6
2024.08.22	03:15:16.893	0.61614	0.61615			6
2024.08.22	03:15:18.181	0.61612	0.61614			6
2024.08.22	03:15:18.483	0.61611	0.61612			6
2024.08.22	03:15:18.872		0.61613			4
2024.08.22	03:15:20.116	0.61610				2
2024.08.22	03:15:20.471	0.61611				2
2024.08.22	03:15:21.358		0.61612			4
2024.08.22	03:15:21.663	0.61609	0.61611			6
2024.08.22	03:15:22.082	0.61611	0.61613			6
2024.08.22	03:15:22.687	0.61610	0.61611			6
2024.08.22	03:15:22.996		0.61612			4
2024.08.22	03:15:23.681	0.61611				2
2024.08.22	03:15:24.157		0.61613			4
2024.08.22	03:15:24.468	0.61612				2
2024.08.22	03:15:25.989	0.61611				2
2024.08.22	03:15:27.983	0.61608	0.61609			6
2024.08.22	03:15:28.344	0.61607				2
2024.08.22	03:15:30.389	0.61606	0.61608			6
