<DATE>	<TIME>	<BID>	<ASK>	<LAST>	<VOLUME>	<FLAGS>
2024.10.31	00:00:00.199	0.59715	0.59750			6
2024.10.31	00:00:00.715	0.59712	0.59751			6
2024.10.31	00:00:01.315	0.59713				2
2024.10.31	00:01:07.671	0.59653	0.59754			6
2024.10.31	00:02:01.833	0.59653				2
2024.10.31	00:02:23.239	0.59690	0.59749			6
2024.10.31	00:02:35.977	0.59692	0.59754			6
2024.10.31	00:03:35.946	0.59692				2
2024.10.31	00:03:47.937		0.59754			4
2024.10.31	00:04:01.283	0.59692				2
2024.10.31	00:05:00.610	0.59692	0.59754			6
2024.10.31	00:05:31.820	0.59697	0.59749			6
2024.10.31	00:05:49.257	0.59692	0.59745			6
2024.10.31	00:06:01.241	0.59692				2
2024.10.31	00:06:07.454	0.59687	0.59754			6
2024.10.31	00:07:07.491	0.59687	0.59754			6
2024.10.31	00:08:00.511	0.59693				2
2024.10.31	00:08:07.519		0.59754			4
2024.10.31	00:08:40.409	0.59698				2
2024.10.31	00:10:00.409	0.59704	0.59754			6
2024.10.31	00:10:31.348	0.59711				2
2024.10.31	00:11:27.122	0.59714	0.59754			6
2024.10.31	00:11:32.705		0.59757			4
2024.10.31	00:12:05.133	0.59714				2
2024.10.31	00:12:37.459		0.59757			4
2024.10.31	00:13:45.422	0.59714	0.59759			6
2024.10.31	00:14:02.735	0.59713	0.59761			6
2024.10.31	00:14:03.109	0.59714	0.59759			6
2024.10.31	00:15:00.431	0.59714				2
2024.10.31	00:15:11.942		0.59759			4
2024.10.31	00:15:13.407		0.59764			4
2024.10.31	00:15:56.742	0.59720				2
2024.10.31	00:15:58.908	0.59719				2
2024.10.31	00:16:00.244	0.59719				2
2024.10.31	00:16:03.950	0.59722				2
2024.10.31	00:16:04.394	0.59725				2
2024.10.31	00:16:05.205	0.59723				2
2024.10.31	00:16:08.352		0.59765			4
2024.10.31	00:16:14.937		0.59766			4
2024.10.31	00:16:17.337		0.59767			4
2024.10.31	00:16:19.773		0.59765			4
2024.10.31	00:16:20.267	0.59721				2
2024.10.31	00:16:20.846	0.59723				2
2024.10.31	00:16:23.789		0.59767			4
2024.10.31	00:16:25.046	0.59721				2
2024.10.31	00:16:28.789		0.59765			4
2024.10.31	00:16:29.317		0.59767			4
2024.10.31	00:16:32.237	0.59722				2
2024.10.31	00:16:32.544	0.59720				2
2024.10.31	00:16:33.150	0.59721				2
2024.10.31	00:16:33.500	0.59719				2
2024.10.31	00:16:34.283		0.59766			4
2024.10.31	00:16:34.941	0.59722				2
2024.10.31	00:16:35.518	0.59725	0.59787			6
2024.10.31	00:16:36.739	0.59722				2
2024.10.31	00:16:45.739	0.59725				2
2024.10.31	00:16:47.794	0.59722				2
2024.10.31	00:16:48.168	0.59725				2
2024.10.31	00:17:00.283	0.59725				2
2024.10.31	00:17:11.542	0.59724				2
2024.10.31	00:17:28.052	0.59725				2
2024.10.31	00:17:37.954		0.59787			4
2024.10.31	00:17:56.233	0.59724				2
2024.10.31	00:18:01.237	0.59724				2
2024.10.31	00:18:13.349		0.59780			4
2024.10.31	00:18:32.502		0.59787			4
2024.10.31	00:19:00.368	0.59724				2
2024.10.31	00:19:11.885	0.59723				2
2024.10.31	00:19:19.361	0.59722				2
2024.10.31	00:19:23.703		0.59790			4
2024.10.31	00:19:24.151	0.59720	0.59788			6
2024.10.31	00:19:33.762	0.59724				2
2024.10.31	00:19:48.577	0.59723				2
2024.10.31	00:19:51.816	0.59724				2
2024.10.31	00:19:58.044	0.59723				2
2024.10.31	00:20:01.244	0.59723				2
2024.10.31	00:20:20.861	0.59722				2
2024.10.31	00:20:25.350		0.59788			4
2024.10.31	00:20:32.239	0.59721				2
2024.10.31	00:20:36.084	0.59722				2
2024.10.31	00:20:38.855	0.59721				2
2024.10.31	00:20:40.958	0.59723				2
2024.10.31	00:21:02.791	0.59723				2
2024.10.31	00:21:24.139		0.59786			4
2024.10.31	00:21:41.742	0.59724				2
2024.10.31	00:21:52.360	0.59723				2
2024.10.31	00:21:53.683		0.59780			4
2024.10.31	00:21:54.143	0.59722				2
2024.10.31	00:22:00.741	0.59722				2
2024.10.31	00:22:14.543	0.59721				2
2024.10.31	00:22:30.170	0.59720				2
2024.10.31	00:22:34.041	0.59721				2
2024.10.31	00:22:37.341	0.59720				2
2024.10.31	00:22:41.547	0.59721				2
2024.10.31	00:22:42.648	0.59720				2
2024.10.31	00:22:53.390	0.59719				2
2024.10.31	00:22:55.041		0.59780			4
2024.10.31	00:22:58.641	0.59715				2
2024.10.31	00:23:01.271	0.59715				2
2024.10.31	00:23:34.061	0.59717				2
2024.10.31	00:23:34.666	0.59719				2
2024.10.31	00:23:38.212	0.59716				2
2024.10.31	00:23:43.041	0.59715				2
2024.10.31	00:23:56.357		0.59780			4
2024.10.31	00:24:02.423	0.59714				2
2024.10.31	00:24:56.433		0.59780			4
2024.10.31	00:25:00.131	0.59714				2
2024.10.31	00:25:56.483		0.59780			4
2024.10.31	00:26:00.031	0.59714				2
2024.10.31	00:26:48.984		0.59784			4
2024.10.31	00:26:50.131		0.59780			4
2024.10.31	00:27:00.060	0.59714				2
2024.10.31	00:27:50.188		0.59780			4
2024.10.31	00:28:00.226	0.59714				2
2024.10.31	00:28:52.358		0.59780			4
2024.10.31	00:29:01.959	0.59714				2
2024.10.31	00:29:49.426	0.59713				2
2024.10.31	00:29:54.156	0.59714	0.59780			6
2024.10.31	00:30:00.451	0.59714				2
2024.10.31	00:30:02.577	0.59715				2
2024.10.31	00:30:09.520		0.59777			4
2024.10.31	00:30:09.901		0.59778			4
2024.10.31	00:30:13.345	0.59714				2
2024.10.31	00:30:16.444		0.59777			4
2024.10.31	00:30:26.169		0.59776			4
2024.10.31	00:30:44.257		0.59777			4
2024.10.31	00:30:50.261		0.59778			4
2024.10.31	00:30:50.703		0.59776			4
2024.10.31	00:30:51.102		0.59775			4
2024.10.31	00:30:55.252		0.59776			4
2024.10.31	00:31:00.186	0.59714	0.59775			6
2024.10.31	00:31:00.833		0.59776			4
2024.10.31	00:31:01.259		0.59777			4
2024.10.31	00:31:04.781	0.59717	0.59775			6
2024.10.31	00:31:23.083		0.59774			4
2024.10.31	00:31:23.399	0.59715	0.59775			6
2024.10.31	00:31:23.722	0.59714	0.59774			6
2024.10.31	00:31:24.038	0.59715				2
2024.10.31	00:31:27.486		0.59773			4
2024.10.31	00:31:29.424	0.59716	0.59777			6
2024.10.31	00:31:41.918	0.59718				2
2024.10.31	00:31:55.598	0.59715				2
2024.10.31	00:31:59.896		0.59776			4
2024.10.31	00:32:00.476	0.59719				2
2024.10.31	00:32:00.892	0.59718				2
2024.10.31	00:32:01.346		0.59778			4
2024.10.31	00:32:06.724	0.59714				2
2024.10.31	00:32:07.026	0.59719				2
2024.10.31	00:32:07.524		0.59777			4
2024.10.31	00:32:09.172	0.59716				2
2024.10.31	00:32:12.083		0.59776			4
2024.10.31	00:32:20.413		0.59777			4
2024.10.31	00:32:26.202		0.59776			4
2024.10.31	00:32:29.466	0.59714				2
2024.10.31	00:32:30.141	0.59720	0.59775			6
2024.10.31	00:32:30.450	0.59715	0.59776			6
2024.10.31	00:32:32.537		0.59775			4
2024.10.31	00:32:36.221	0.59717				2
2024.10.31	00:32:42.856		0.59774			4
2024.10.31	00:32:43.350		0.59775			4
2024.10.31	00:32:54.291	0.59714				2
2024.10.31	00:33:05.916	0.59714				2
2024.10.31	00:33:13.069		0.59774			4
2024.10.31	00:33:18.808	0.59718	0.59776			6
2024.10.31	00:33:19.497	0.59715				2
2024.10.31	00:33:25.314		0.59775			4
2024.10.31	00:33:31.412		0.59776			4
2024.10.31	00:33:32.558		0.59775			4
2024.10.31	00:33:39.544	0.59716	0.59774			6
2024.10.31	00:33:43.770	0.59720	0.59776			6
2024.10.31	00:33:45.760	0.59718	0.59775			6
2024.10.31	00:33:48.726	0.59714	0.59774			6
2024.10.31	00:34:00.802	0.59714	0.59775			6
2024.10.31	00:34:01.549	0.59715	0.59774			6
2024.10.31	00:34:07.924	0.59718				2
2024.10.31	00:34:15.338		0.59775			4
2024.10.31	00:34:22.426		0.59774			4
2024.10.31	00:34:22.952	0.59714				2
2024.10.31	00:34:37.970		0.59773			4
2024.10.31	00:34:53.627		0.59774			4
2024.10.31	00:34:58.045	0.59720	0.59775			6
2024.10.31	00:35:03.443	0.59717				2
2024.10.31	00:35:03.748	0.59714				2
2024.10.31	00:35:09.212	0.59717	0.59776			6
2024.10.31	00:35:13.354		0.59775			4
2024.10.31	00:35:19.441	0.59714				2
2024.10.31	00:35:21.765		0.59776			4
2024.10.31	00:35:25.384		0.59775			4
2024.10.31	00:35:26.672	0.59719				2
2024.10.31	00:35:37.539	0.59716	0.59776			6
2024.10.31	00:35:47.114	0.59714	0.59773			6
2024.10.31	00:35:47.824		0.59772			4
2024.10.31	00:35:59.806		0.59773			4
2024.10.31	00:36:03.716	0.59714				2
2024.10.31	00:36:49.727		0.59775			4
2024.10.31	00:36:50.190		0.59774			4
2024.10.31	00:37:05.942	0.59714				2
2024.10.31	00:37:06.872		0.59773			4
2024.10.31	00:37:27.407		0.59772			4
2024.10.31	00:37:30.330		0.59773			4
2024.10.31	00:37:33.708		0.59772			4
2024.10.31	00:37:43.490		0.59774			4
2024.10.31	00:37:43.857		0.59773			4
2024.10.31	00:37:47.457		0.59772			4
2024.10.31	00:37:54.446		0.59773			4
2024.10.31	00:37:54.902		0.59772			4
2024.10.31	00:38:17.076	0.59714	0.59771			6
2024.10.31	00:38:19.025	0.59718	0.59773			6
2024.10.31	00:38:22.431		0.59774			4
2024.10.31	00:38:39.784		0.59779			4
2024.10.31	00:38:40.125	0.59720	0.59780			6
2024.10.31	00:38:40.646	0.59719				2
2024.10.31	00:38:43.156		0.59779			4
2024.10.31	00:38:43.776	0.59721	0.59780			6
2024.10.31	00:38:44.704	0.59719	0.59781			6
2024.10.31	00:38:45.028		0.59780			4
2024.10.31	00:38:46.571	0.59718				2
2024.10.31	00:38:49.908		0.59782			4
2024.10.31	00:38:50.211	0.59719	0.59781			6
2024.10.31	00:38:50.833	0.59720	0.59782			6
2024.10.31	00:38:51.153	0.59718	0.59781			6
2024.10.31	00:38:51.487	0.59719	0.59782			6
2024.10.31	00:38:52.015	0.59718				2
2024.10.31	00:38:52.361	0.59719	0.59783			6
2024.10.31	00:38:52.663		0.59782			4
2024.10.31	00:38:52.983	0.59720				2
2024.10.31	00:38:53.322	0.59718				2
2024.10.31	00:38:53.631	0.59720				2
2024.10.31	00:38:54.137	0.59719	0.59781			6
2024.10.31	00:38:54.442		0.59782			4
2024.10.31	00:38:54.915	0.59720				2
2024.10.31	00:39:00.322	0.59720				2
2024.10.31	00:39:02.520	0.59718	0.59780			6
2024.10.31	00:39:03.259		0.59781			4
2024.10.31	00:39:13.042	0.59719				2
2024.10.31	00:39:13.382	0.59718				2
2024.10.31	00:39:57.525	0.59727	0.59785			6
2024.10.31	00:39:58.741		0.59786			4
2024.10.31	00:39:59.074		0.59787			4
2024.10.31	00:39:59.639		0.59785			4
2024.10.31	00:40:00.349	0.59727				2
2024.10.31	00:40:03.675		0.59784			4
2024.10.31	00:40:04.216		0.59786			4
2024.10.31	00:40:04.721		0.59784			4
2024.10.31	00:40:06.984		0.59783			4
2024.10.31	00:40:07.322		0.59784			4
2024.10.31	00:40:07.722		0.59785			4
2024.10.31	00:40:08.231		0.59784			4
2024.10.31	00:40:08.569		0.59785			4
2024.10.31	00:40:09.004		0.59784			4
2024.10.31	00:40:10.371		0.59782			4
2024.10.31	00:40:10.680		0.59784			4
2024.10.31	00:40:11.412		0.59783			4
2024.10.31	00:40:12.018		0.59784			4
2024.10.31	00:40:14.207		0.59785			4
2024.10.31	00:40:14.526		0.59783			4
2024.10.31	00:40:15.940		0.59784			4
2024.10.31	00:40:16.273		0.59783			4
2024.10.31	00:40:16.946		0.59784			4
2024.10.31	00:40:17.914		0.59785			4
2024.10.31	00:40:23.730		0.59784			4
2024.10.31	00:40:24.998		0.59786			4
2024.10.31	00:40:26.543		0.59785			4
2024.10.31	00:40:26.994	0.59733	0.59784			6
2024.10.31	00:40:27.306		0.59785			4
2024.10.31	00:40:31.050		0.59784			4
2024.10.31	00:40:32.990		0.59785			4
2024.10.31	00:40:34.320		0.59786			4
2024.10.31	00:40:34.846		0.59785			4
2024.10.31	00:40:39.486		0.59786			4
2024.10.31	00:40:44.322		0.59785			4
2024.10.31	00:40:44.755		0.59786			4
2024.10.31	00:40:49.654		0.59787			4
2024.10.31	00:40:53.501		0.59786			4
2024.10.31	00:40:54.312		0.59787			4
2024.10.31	00:40:57.760	0.59730	0.59786			6
2024.10.31	00:40:58.167	0.59729				2
2024.10.31	00:41:00.873	0.59728	0.59785			6
2024.10.31	00:41:01.211	0.59729	0.59786			6
2024.10.31	00:41:04.968	0.59731	0.59787			6
2024.10.31	00:41:06.142	0.59730	0.59786			6
2024.10.31	00:41:11.002	0.59731	0.59787			6
2024.10.31	00:41:12.339		0.59786			4
2024.10.31	00:41:12.950		0.59787			4
2024.10.31	00:41:14.930	0.59730	0.59786			6
2024.10.31	00:41:16.060	0.59732	0.59787			6
2024.10.31	00:41:23.779	0.59731	0.59786			6
2024.10.31	00:41:24.164	0.59732				2
2024.10.31	00:41:26.271		0.59787			4
2024.10.31	00:41:26.926		0.59786			4
2024.10.31	00:41:27.443	0.59733	0.59788			6
2024.10.31	00:41:31.946	0.59731	0.59786			6
2024.10.31	00:41:32.421	0.59735	0.59789			6
2024.10.31	00:41:34.960	0.59730	0.59785			6
2024.10.31	00:41:35.269	0.59729				2
2024.10.31	00:41:35.572		0.59784			4
2024.10.31	00:41:37.933		0.59783			4
2024.10.31	00:41:38.436	0.59728				2
2024.10.31	00:41:43.398	0.59729				2
2024.10.31	00:41:45.575		0.59784			4
2024.10.31	00:41:46.194	0.59730				2
2024.10.31	00:41:46.614	0.59731				2
2024.10.31	00:41:48.032	0.59730				2
2024.10.31	00:41:49.661	0.59729				2
2024.10.31	00:41:49.977	0.59731	0.59785			6
2024.10.31	00:41:53.433	0.59729	0.59784			6
2024.10.31	00:41:54.424		0.59783			4
2024.10.31	00:41:55.414	0.59730	0.59784			6
2024.10.31	00:42:02.525	0.59730	0.59785			6
2024.10.31	00:42:05.813		0.59784			4
2024.10.31	00:42:06.306	0.59729				2
2024.10.31	00:42:10.942	0.59730				2
2024.10.31	00:42:16.012	0.59729	0.59783			6
2024.10.31	00:42:21.762	0.59731	0.59784			6
2024.10.31	00:42:25.685	0.59732				2
2024.10.31	00:42:26.116	0.59731				2
2024.10.31	00:42:26.541	0.59732	0.59786			6
2024.10.31	00:42:27.273	0.59730	0.59785			6
2024.10.31	00:42:27.741	0.59731				2
2024.10.31	00:42:31.362		0.59784			4
2024.10.31	00:42:36.435	0.59730				2
2024.10.31	00:42:37.050	0.59729	0.59783			6
2024.10.31	00:42:37.505	0.59731	0.59784			6
2024.10.31	00:42:46.446	0.59729				2
2024.10.31	00:42:48.849	0.59730				2
2024.10.31	00:42:50.154	0.59731	0.59783			6
2024.10.31	00:42:51.268	0.59732	0.59784			6
2024.10.31	00:42:56.652	0.59731				2
2024.10.31	00:42:57.440	0.59733	0.59785			6
2024.10.31	00:42:58.943	0.59732				2
2024.10.31	00:43:06.669	0.59730				2
2024.10.31	00:43:07.044	0.59733				2
2024.10.31	00:43:09.442	0.59732				2
2024.10.31	00:43:10.914	0.59731	0.59783			6
2024.10.31	00:43:11.461	0.59732	0.59784			6
2024.10.31	00:43:12.417	0.59731				2
2024.10.31	00:43:15.441	0.59732				2
2024.10.31	00:43:15.946	0.59725	0.59776			6
2024.10.31	00:43:16.256		0.59778			4
2024.10.31	00:43:16.897	0.59726	0.59777			6
2024.10.31	00:43:18.881	0.59727				2
2024.10.31	00:43:19.943	0.59726				2
2024.10.31	00:43:20.303	0.59727	0.59779			6
2024.10.31	00:43:26.047		0.59778			4
2024.10.31	00:43:37.917	0.59726	0.59774			6
2024.10.31	00:43:45.231		0.59776			4
2024.10.31	00:43:46.039	0.59724	0.59773			6
2024.10.31	00:43:46.386		0.59771			4
2024.10.31	00:43:46.695		0.59774			4
2024.10.31	00:43:47.034		0.59771			4
2024.10.31	00:43:56.234		0.59773			4
2024.10.31	00:43:56.777		0.59771			4
2024.10.31	00:44:00.656	0.59728	0.59774			6
2024.10.31	00:44:00.976		0.59775			4
2024.10.31	00:44:07.919		0.59777			4
2024.10.31	00:44:14.876		0.59778			4
2024.10.31	00:44:17.162		0.59777			4
2024.10.31	00:44:17.925		0.59778			4
2024.10.31	00:44:20.649		0.59777			4
2024.10.31	00:44:26.562		0.59778			4
2024.10.31	00:44:48.165		0.59779			4
2024.10.31	00:44:50.646		0.59780			4
2024.10.31	00:44:50.954		0.59779			4
2024.10.31	00:44:51.262		0.59780			4
2024.10.31	00:44:58.368		0.59779			4
2024.10.31	00:45:00.645	0.59728				2
2024.10.31	00:45:02.189	0.59725				2
2024.10.31	00:45:02.883	0.59726				2
2024.10.31	00:45:04.166	0.59728				2
2024.10.31	00:45:05.211		0.59778			4
2024.10.31	00:45:07.778	0.59753	0.59770			6
2024.10.31	00:45:08.184		0.59771			4
2024.10.31	00:45:14.549		0.59772			4
2024.10.31	00:45:15.542	0.59750				2
2024.10.31	00:45:18.791		0.59771			4
2024.10.31	00:45:24.850	0.59739	0.59752			6
2024.10.31	00:45:28.982	0.59734				2
2024.10.31	00:45:36.353		0.59751			4
2024.10.31	00:45:48.740		0.59752			4
2024.10.31	00:45:50.017	0.59742	0.59761			6
2024.10.31	00:45:50.381		0.59763			4
2024.10.31	00:45:51.050	0.59744	0.59764			6
2024.10.31	00:45:51.367		0.59765			4
2024.10.31	00:45:51.974	0.59743	0.59766			6
2024.10.31	00:45:57.682	0.59741	0.59764			6
2024.10.31	00:45:59.431		0.59765			4
2024.10.31	00:46:00.376	0.59741	0.59764			6
2024.10.31	00:46:02.909	0.59743	0.59766			6
2024.10.31	00:46:03.243	0.59744	0.59765			6
2024.10.31	00:46:03.561		0.59767			4
2024.10.31	00:46:04.999	0.59743				2
2024.10.31	00:46:05.331	0.59744				2
2024.10.31	00:46:06.648	0.59743	0.59766			6
2024.10.31	00:46:09.645	0.59747	0.59768			6
2024.10.31	00:46:09.951	0.59745				2
2024.10.31	00:46:10.633	0.59743	0.59766			6
2024.10.31	00:46:10.935	0.59744	0.59768			6
2024.10.31	00:46:11.334	0.59747	0.59769			6
2024.10.31	00:46:11.654	0.59748				2
2024.10.31	00:46:11.989	0.59746				2
2024.10.31	00:46:12.354	0.59747	0.59771			6
2024.10.31	00:46:13.645	0.59745	0.59769			6
2024.10.31	00:46:14.240	0.59746				2
2024.10.31	00:46:15.237	0.59747	0.59770			6
2024.10.31	00:46:15.743		0.59769			4
2024.10.31	00:46:16.121	0.59746				2
2024.10.31	00:46:16.642		0.59770			4
2024.10.31	00:46:16.956		0.59768			4
2024.10.31	00:46:19.131	0.59745				2
2024.10.31	00:46:19.541	0.59746	0.59770			6
2024.10.31	00:46:19.964		0.59769			4
2024.10.31	00:46:20.315	0.59745	0.59768			6
2024.10.31	00:46:27.018	0.59744				2
2024.10.31	00:46:27.835	0.59743				2
2024.10.31	00:46:28.342	0.59741	0.59767			6
2024.10.31	00:46:28.647	0.59743				2
2024.10.31	00:46:28.965	0.59742	0.59766			6
2024.10.31	00:46:29.295		0.59767			4
2024.10.31	00:46:30.616	0.59743	0.59768			6
2024.10.31	00:46:30.983	0.59744				2
2024.10.31	00:46:31.381	0.59742	0.59766			6
2024.10.31	00:46:31.973	0.59744	0.59769			6
2024.10.31	00:46:35.067		0.59768			4
2024.10.31	00:46:39.721		0.59769			4
2024.10.31	00:46:41.291		0.59768			4
2024.10.31	00:46:46.038		0.59769			4
2024.10.31	00:46:46.555	0.59745	0.59768			6
2024.10.31	00:46:47.266	0.59744				2
2024.10.31	00:46:48.661	0.59743				2
2024.10.31	00:46:48.986		0.59767			4
2024.10.31	00:46:50.322		0.59768			4
2024.10.31	00:46:50.631	0.59741	0.59767			6
2024.10.31	00:46:58.232	0.59742				2
2024.10.31	00:47:00.487	0.59742				2
2024.10.31	00:47:02.177	0.59740				2
2024.10.31	00:47:03.427		0.59766			4
2024.10.31	00:47:03.823	0.59738	0.59765			6
2024.10.31	00:47:04.193	0.59741				2
2024.10.31	00:47:04.661		0.59766			4
2024.10.31	00:47:09.923	0.59740				2
2024.10.31	00:47:10.283	0.59741				2
2024.10.31	00:47:24.200	0.59740				2
2024.10.31	00:47:24.538		0.59765			4
2024.10.31	00:47:25.482		0.59766			4
2024.10.31	00:47:31.138	0.59743	0.59767			6
2024.10.31	00:47:31.643	0.59742				2
2024.10.31	00:47:36.705	0.59741	0.59766			6
2024.10.31	00:47:42.649	0.59740	0.59765			6
2024.10.31	00:47:45.421	0.59741	0.59766			6
2024.10.31	00:47:46.681		0.59765			4
2024.10.31	00:47:49.942		0.59766			4
2024.10.31	00:47:51.659	0.59742				2
2024.10.31	00:47:52.409	0.59741				2
2024.10.31	00:47:57.925	0.59742				2
2024.10.31	00:48:00.017	0.59742				2
2024.10.31	00:48:01.577	0.59741	0.59765			6
2024.10.31	00:48:02.929	0.59740	0.59764			6
2024.10.31	00:48:10.947	0.59741	0.59765			6
2024.10.31	00:48:11.790	0.59742	0.59766			6
2024.10.31	00:48:12.130	0.59741	0.59765			6
2024.10.31	00:48:26.685	0.59744	0.59766			6
2024.10.31	00:48:27.138	0.59742				2
2024.10.31	00:48:30.684		0.59765			4
2024.10.31	00:48:44.534	0.59741				2
2024.10.31	00:48:59.832	0.59742	0.59766			6
2024.10.31	00:49:00.143	0.59741	0.59764			6
2024.10.31	00:49:02.652	0.59740	0.59765			6
2024.10.31	00:49:04.716	0.59741				2
2024.10.31	00:49:06.830	0.59742				2
2024.10.31	00:49:11.875	0.59741				2
2024.10.31	00:49:21.642	0.59742	0.59766			6
2024.10.31	00:49:22.355		0.59765			4
2024.10.31	00:49:22.678	0.59743	0.59766			6
2024.10.31	00:49:23.241	0.59744	0.59767			6
2024.10.31	00:49:23.557	0.59745	0.59769			6
2024.10.31	00:49:24.407	0.59742	0.59768			6
2024.10.31	00:49:24.746	0.59743				2
2024.10.31	00:49:26.757	0.59742	0.59767			6
2024.10.31	00:49:30.710	0.59743	0.59768			6
2024.10.31	00:49:31.627	0.59742				2
2024.10.31	00:49:31.939	0.59743				2
2024.10.31	00:49:32.242	0.59744	0.59769			6
2024.10.31	00:49:33.258	0.59745				2
2024.10.31	00:49:34.254	0.59744				2
2024.10.31	00:49:36.582	0.59745				2
2024.10.31	00:49:36.979		0.59770			4
2024.10.31	00:49:38.355	0.59741	0.59757			6
2024.10.31	00:49:38.664	0.59739				2
2024.10.31	00:49:38.968	0.59738				2
2024.10.31	00:49:39.664	0.59737				2
2024.10.31	00:49:46.324	0.59744	0.59769			6
2024.10.31	00:49:47.082	0.59745				2
2024.10.31	00:49:47.383	0.59746	0.59770			6
2024.10.31	00:49:47.783	0.59745	0.59769			6
2024.10.31	00:49:48.086	0.59744				2
2024.10.31	00:49:48.742	0.59745	0.59770			6
2024.10.31	00:49:51.750	0.59744	0.59769			6
2024.10.31	00:49:52.200	0.59743	0.59768			6
2024.10.31	00:49:52.508	0.59744	0.59769			6
2024.10.31	00:49:53.682	0.59745	0.59767			6
2024.10.31	00:49:54.147	0.59743				2
2024.10.31	00:49:55.719	0.59745	0.59770			6
2024.10.31	00:49:56.174		0.59769			4
2024.10.31	00:49:58.343	0.59744				2
2024.10.31	00:49:59.104	0.59743	0.59767			6
2024.10.31	00:49:59.406	0.59744	0.59768			6
2024.10.31	00:49:59.726	0.59742	0.59766			6
2024.10.31	00:50:00.126	0.59744	0.59769			6
2024.10.31	00:50:00.484	0.59743	0.59767			6
2024.10.31	00:50:00.844	0.59744	0.59769			6
2024.10.31	00:50:07.151	0.59743	0.59768			6
2024.10.31	00:50:08.183	0.59744	0.59769			6
2024.10.31	00:50:08.660		0.59767			4
2024.10.31	00:50:08.966	0.59746	0.59770			6
2024.10.31	00:50:09.275	0.59745	0.59769			6
2024.10.31	00:50:09.674	0.59744	0.59768			6
2024.10.31	00:50:11.064	0.59745	0.59770			6
2024.10.31	00:50:11.658	0.59743	0.59769			6
2024.10.31	00:50:11.979	0.59744	0.59768			6
2024.10.31	00:50:12.369	0.59743				2
2024.10.31	00:50:12.712	0.59744	0.59769			6
2024.10.31	00:50:14.095	0.59743	0.59768			6
2024.10.31	00:50:14.548	0.59744				2
2024.10.31	00:50:14.881		0.59769			4
2024.10.31	00:50:15.385		0.59768			4
2024.10.31	00:50:15.970	0.59745	0.59769			6
2024.10.31	00:50:16.459	0.59746				2
2024.10.31	00:50:16.893		0.59770			4
2024.10.31	00:50:17.769	0.59745	0.59769			6
2024.10.31	00:50:24.306	0.59746	0.59770			6
2024.10.31	00:50:24.715	0.59744				2
2024.10.31	00:50:25.340		0.59769			4
2024.10.31	00:50:25.835	0.59745	0.59770			6
2024.10.31	00:50:28.039	0.59746	0.59771			6
2024.10.31	00:50:47.342		0.59769			4
2024.10.31	00:50:47.661	0.59745				2
2024.10.31	00:50:48.012		0.59770			4
2024.10.31	00:50:53.544	0.59746				2
2024.10.31	00:50:56.380	0.59745				2
2024.10.31	00:50:56.745	0.59744				2
2024.10.31	00:50:57.447	0.59745				2
2024.10.31	00:50:58.942	0.59746				2
2024.10.31	00:50:59.358	0.59745				2
2024.10.31	00:51:01.259	0.59745				2
2024.10.31	00:51:04.953	0.59742	0.59767			6
2024.10.31	00:51:05.335	0.59744	0.59769			6
2024.10.31	00:51:05.689	0.59742	0.59767			6
2024.10.31	00:51:08.671	0.59741				2
2024.10.31	00:51:09.056	0.59742				2
2024.10.31	00:51:09.742		0.59768			4
2024.10.31	00:51:10.051		0.59767			4
2024.10.31	00:51:16.735	0.59741	0.59768			6
2024.10.31	00:51:17.046	0.59742	0.59767			6
2024.10.31	00:51:17.352		0.59768			4
2024.10.31	00:51:17.722		0.59767			4
2024.10.31	00:51:18.036		0.59768			4
2024.10.31	00:51:25.944	0.59743				2
2024.10.31	00:51:26.399	0.59742	0.59767			6
2024.10.31	00:51:29.309	0.59741				2
2024.10.31	00:51:29.839	0.59743	0.59768			6
2024.10.31	00:51:30.159	0.59741	0.59767			6
2024.10.31	00:51:30.741	0.59742	0.59768			6
2024.10.31	00:51:36.411		0.59767			4
2024.10.31	00:51:36.762		0.59768			4
2024.10.31	00:51:37.947	0.59743				2
2024.10.31	00:51:40.454		0.59767			4
2024.10.31	00:51:40.755	0.59742	0.59768			6
2024.10.31	00:51:41.239	0.59743	0.59767			6
2024.10.31	00:51:41.807		0.59768			4
2024.10.31	00:51:42.155	0.59744	0.59769			6
2024.10.31	00:51:45.381	0.59743	0.59770			6
2024.10.31	00:51:47.345		0.59767			4
2024.10.31	00:51:47.702		0.59768			4
2024.10.31	00:51:48.140	0.59744	0.59770			6
2024.10.31	00:51:49.202	0.59745				2
2024.10.31	00:51:49.507	0.59744	0.59769			6
2024.10.31	00:51:51.981	0.59742	0.59767			6
2024.10.31	00:51:52.333		0.59769			4
2024.10.31	00:51:52.803	0.59743	0.59767			6
2024.10.31	00:51:53.107		0.59768			4
2024.10.31	00:51:53.442	0.59742				2
2024.10.31	00:51:53.799	0.59743	0.59767			6
2024.10.31	00:51:54.172	0.59742				2
2024.10.31	00:51:54.477		0.59768			4
2024.10.31	00:51:55.046	0.59743				2
2024.10.31	00:51:55.583		0.59766			4
2024.10.31	00:51:55.886		0.59769			4
2024.10.31	00:51:56.242	0.59744				2
2024.10.31	00:51:59.341	0.59743	0.59768			6
2024.10.31	00:51:59.684	0.59745	0.59769			6
2024.10.31	00:52:04.392	0.59744	0.59768			6
2024.10.31	00:52:04.754		0.59769			4
2024.10.31	00:52:10.739	0.59745	0.59771			6
2024.10.31	00:52:11.601	0.59743	0.59768			6
2024.10.31	00:52:11.984		0.59769			4
2024.10.31	00:52:12.295	0.59742	0.59767			6
2024.10.31	00:52:12.601	0.59743	0.59768			6
2024.10.31	00:52:15.996	0.59742				2
2024.10.31	00:52:16.321	0.59744	0.59769			6
2024.10.31	00:52:21.677	0.59741	0.59768			6
2024.10.31	00:52:25.891	0.59739	0.59766			6
2024.10.31	00:52:26.502	0.59740	0.59767			6
2024.10.31	00:52:27.138	0.59742	0.59766			6
2024.10.31	00:52:27.441	0.59741				2
2024.10.31	00:52:28.039	0.59742				2
2024.10.31	00:52:29.371	0.59743	0.59767			6
2024.10.31	00:52:29.712	0.59740	0.59766			6
2024.10.31	00:52:30.441	0.59742	0.59767			6
2024.10.31	00:52:30.963	0.59740	0.59766			6
2024.10.31	00:52:31.958	0.59739	0.59764			6
2024.10.31	00:52:32.360		0.59766			4
2024.10.31	00:52:32.691	0.59740				2
2024.10.31	00:52:33.011		0.59767			4
2024.10.31	00:52:33.449	0.59741	0.59765			6
2024.10.31	00:52:33.752	0.59739	0.59766			6
2024.10.31	00:52:34.234	0.59740				2
2024.10.31	00:52:34.603		0.59767			4
2024.10.31	00:52:40.151	0.59741				2
2024.10.31	00:52:40.913		0.59766			4
2024.10.31	00:52:43.641	0.59742	0.59767			6
2024.10.31	00:52:43.984	0.59739	0.59766			6
2024.10.31	00:52:44.381	0.59740	0.59765			6
2024.10.31	00:52:45.143		0.59766			4
2024.10.31	00:52:45.739	0.59741	0.59767			6
2024.10.31	00:52:46.476		0.59765			4
2024.10.31	00:52:46.858		0.59766			4
2024.10.31	00:52:47.161		0.59765			4
2024.10.31	00:52:47.839		0.59766			4
2024.10.31	00:52:48.161	0.59739	0.59765			6
2024.10.31	00:52:49.638	0.59740				2
2024.10.31	00:52:49.942		0.59766			4
2024.10.31	00:52:50.272	0.59741	0.59767			6
2024.10.31	00:52:52.407	0.59740				2
2024.10.31	00:52:54.879		0.59766			4
2024.10.31	00:52:56.336		0.59765			4
2024.10.31	00:52:57.944		0.59766			4
2024.10.31	00:52:58.261	0.59741	0.59767			6
2024.10.31	00:52:58.567	0.59740	0.59766			6
2024.10.31	00:52:59.884	0.59741	0.59767			6
2024.10.31	00:53:00.272	0.59741				2
2024.10.31	00:53:00.597	0.59740	0.59766			6
2024.10.31	00:53:01.222		0.59765			4
2024.10.31	00:53:01.949		0.59766			4
2024.10.31	00:53:03.184	0.59739	0.59765			6
2024.10.31	00:53:03.741	0.59740				2
2024.10.31	00:53:04.042	0.59741				2
2024.10.31	00:53:04.642		0.59766			4
2024.10.31	00:53:06.671	0.59740				2
2024.10.31	00:53:07.443	0.59741	0.59767			6
2024.10.31	00:53:16.690	0.59740	0.59766			6
2024.10.31	00:53:19.767	0.59739	0.59765			6
2024.10.31	00:53:24.382	0.59740				2
2024.10.31	00:53:27.139		0.59766			4
2024.10.31	00:53:27.469	0.59742				2
2024.10.31	00:53:27.822	0.59741	0.59767			6
2024.10.31	00:53:28.148	0.59740	0.59766			6
2024.10.31	00:53:28.562	0.59741				2
2024.10.31	00:53:30.950	0.59742				2
2024.10.31	00:53:31.981	0.59740	0.59765			6
2024.10.31	00:53:32.299		0.59766			4
2024.10.31	00:53:32.707	0.59741	0.59765			6
2024.10.31	00:53:33.440		0.59767			4
2024.10.31	00:53:33.828	0.59739	0.59762			6
2024.10.31	00:53:34.340	0.59737	0.59759			6
2024.10.31	00:53:34.646	0.59735				2
2024.10.31	00:53:34.948	0.59737	0.59760			6
2024.10.31	00:53:35.254	0.59736	0.59756			6
2024.10.31	00:53:35.556	0.59734	0.59757			6
2024.10.31	00:53:36.060	0.59733	0.59758			6
2024.10.31	00:53:36.413	0.59737	0.59762			6
2024.10.31	00:53:36.772	0.59736	0.59761			6
2024.10.31	00:53:37.106	0.59735	0.59758			6
2024.10.31	00:53:38.209	0.59734	0.59757			6
2024.10.31	00:53:38.603	0.59733				2
2024.10.31	00:53:40.311	0.59732				2
2024.10.31	00:53:40.623		0.59756			4
2024.10.31	00:53:42.582		0.59754			4
2024.10.31	00:53:44.660	0.59733	0.59756			6
2024.10.31	00:53:45.649		0.59755			4
2024.10.31	00:53:45.998		0.59756			4
2024.10.31	00:53:51.490		0.59757			4
2024.10.31	00:53:57.441	0.59732	0.59755			6
2024.10.31	00:54:01.238	0.59732				2
2024.10.31	00:54:02.034	0.59731	0.59754			6
2024.10.31	00:54:02.583		0.59753			4
2024.10.31	00:54:03.141	0.59730	0.59752			6
2024.10.31	00:54:03.515	0.59729	0.59751			6
2024.10.31	00:54:07.641		0.59750			4
2024.10.31	00:54:11.578		0.59751			4
2024.10.31	00:54:11.904	0.59728	0.59749			6
2024.10.31	00:54:14.435	0.59729	0.59752			6
2024.10.31	00:54:15.648	0.59730				2
2024.10.31	00:54:20.109	0.59737	0.59761			6
2024.10.31	00:54:20.424	0.59738				2
2024.10.31	00:54:23.410	0.59737				2
2024.10.31	00:54:27.735	0.59738				2
2024.10.31	00:54:55.341	0.59737				2
2024.10.31	00:54:55.839	0.59739	0.59762			6
2024.10.31	00:54:57.561	0.59738	0.59761			6
2024.10.31	00:55:00.994	0.59739	0.59762			6
2024.10.31	00:55:05.145	0.59738	0.59761			6
2024.10.31	00:55:10.555		0.59760			4
2024.10.31	00:55:11.727		0.59761			4
2024.10.31	00:55:16.318	0.59737	0.59760			6
2024.10.31	00:55:18.927	0.59736	0.59759			6
2024.10.31	00:55:20.102		0.59758			4
2024.10.31	00:55:22.059	0.59735				2
2024.10.31	00:55:31.942	0.59736				2
2024.10.31	00:55:38.552	0.59735	0.59757			6
2024.10.31	00:55:54.742	0.59737	0.59758			6
2024.10.31	00:55:55.645	0.59738	0.59759			6
2024.10.31	00:56:00.486	0.59738				2
2024.10.31	00:56:15.914	0.59737	0.59757			6
2024.10.31	00:56:16.638		0.59758			4
2024.10.31	00:56:16.943		0.59759			4
2024.10.31	00:56:20.457	0.59738	0.59760			6
2024.10.31	00:56:27.742		0.59759			4
2024.10.31	00:56:37.943	0.59737	0.59758			6
2024.10.31	00:56:40.462	0.59736	0.59757			6
2024.10.31	00:56:40.879		0.59758			4
2024.10.31	00:56:42.213	0.59737				2
2024.10.31	00:56:42.742	0.59736	0.59757			6
2024.10.31	00:56:46.344	0.59738	0.59758			6
2024.10.31	00:56:50.758	0.59737				2
2024.10.31	00:56:51.199	0.59736	0.59757			6
2024.10.31	00:56:51.527		0.59756			4
2024.10.31	00:57:00.439	0.59735				2
2024.10.31	00:57:01.706	0.59736				2
2024.10.31	00:57:03.441		0.59757			4
2024.10.31	00:57:10.462	0.59737	0.59756			6
2024.10.31	00:57:30.496	0.59735				2
2024.10.31	00:57:31.106		0.59755			4
2024.10.31	00:57:54.581	0.59736	0.59756			6
2024.10.31	00:57:55.480	0.59737	0.59757			6
2024.10.31	00:57:59.883	0.59738				2
2024.10.31	00:58:01.021	0.59738				2
2024.10.31	00:58:02.430		0.59758			4
2024.10.31	00:58:05.892	0.59735	0.59756			6
2024.10.31	00:58:07.387	0.59737	0.59758			6
2024.10.31	00:58:08.308	0.59739	0.59760			6
2024.10.31	00:58:12.783	0.59741	0.59761			6
2024.10.31	00:58:13.305	0.59742	0.59763			6
2024.10.31	00:58:14.947		0.59764			4
2024.10.31	00:58:16.358	0.59744	0.59763			6
2024.10.31	00:58:20.102	0.59742	0.59762			6
2024.10.31	00:58:21.802	0.59741	0.59761			6
2024.10.31	00:58:30.579	0.59743	0.59764			6
2024.10.31	00:58:30.942		0.59762			4
2024.10.31	00:58:49.885	0.59739	0.59758			6
2024.10.31	00:58:54.664	0.59738				2
2024.10.31	00:59:00.382	0.59739	0.59759			6
2024.10.31	00:59:18.642		0.59760			4
2024.10.31	00:59:50.993	0.59740	0.59761			6
2024.10.31	00:59:57.730	0.59739	0.59760			6
2024.10.31	00:59:58.891	0.59740				2
2024.10.31	01:00:00.314	0.59738	0.59759			6
2024.10.31	01:00:00.624		0.59755			4
2024.10.31	01:00:00.939		0.59758			4
2024.10.31	01:00:01.243		0.59753			4
2024.10.31	01:00:01.546		0.59757			4
2024.10.31	01:00:01.853		0.59756			4
2024.10.31	01:00:02.170	0.59751				2
2024.10.31	01:00:02.547		0.59757			4
2024.10.31	01:00:04.510		0.59758			4
2024.10.31	01:00:05.422		0.59757			4
2024.10.31	01:00:06.737		0.59756			4
2024.10.31	01:00:17.475	0.59738	0.59754			6
2024.10.31	01:00:17.839		0.59755			4
2024.10.31	01:00:19.129	0.59740	0.59757			6
2024.10.31	01:00:21.348		0.59756			4
2024.10.31	01:00:21.653		0.59757			4
2024.10.31	01:00:22.040		0.59754			4
2024.10.31	01:00:22.344	0.59737	0.59753			6
2024.10.31	01:00:24.367		0.59755			4
2024.10.31	01:00:25.938	0.59740	0.59758			6
2024.10.31	01:00:28.574	0.59741	0.59749			6
2024.10.31	01:00:28.922		0.59745			4
2024.10.31	01:00:31.315	0.59734	0.59744			6
2024.10.31	01:00:40.187	0.59736				2
2024.10.31	01:00:42.089		0.59743			4
2024.10.31	01:00:45.724	0.59727				2
2024.10.31	01:00:57.289		0.59742			4
2024.10.31	01:00:58.512	0.59728				2
2024.10.31	01:01:00.309	0.59728				2
2024.10.31	01:01:01.376		0.59739			4
2024.10.31	01:01:04.151	0.59723				2
2024.10.31	01:01:06.183		0.59738			4
2024.10.31	01:01:07.789	0.59720	0.59734			6
2024.10.31	01:01:08.090	0.59719				2
2024.10.31	01:01:08.395	0.59720				2
2024.10.31	01:01:10.242	0.59721				2
2024.10.31	01:01:11.617	0.59720				2
2024.10.31	01:01:12.360	0.59719				2
2024.10.31	01:01:16.330		0.59733			4
2024.10.31	01:01:18.355	0.59720				2
2024.10.31	01:01:23.364	0.59717	0.59729			6
2024.10.31	01:01:23.665		0.59728			4
2024.10.31	01:01:24.676	0.59718	0.59729			6
2024.10.31	01:01:30.882	0.59716				2
2024.10.31	01:01:34.355	0.59717				2
2024.10.31	01:01:59.314	0.59718				2
2024.10.31	01:02:00.383	0.59718				2
2024.10.31	01:02:22.682		0.59728			4
2024.10.31	01:02:27.763		0.59727			4
2024.10.31	01:02:36.414	0.59716				2
2024.10.31	01:02:45.782	0.59714	0.59725			6
2024.10.31	01:02:46.098		0.59726			4
2024.10.31	01:02:49.896	0.59715				2
2024.10.31	01:02:52.477		0.59727			4
2024.10.31	01:03:00.555	0.59715				2
2024.10.31	01:03:01.563		0.59725			4
2024.10.31	01:03:01.880		0.59724			4
2024.10.31	01:03:02.180	0.59714				2
2024.10.31	01:03:06.856	0.59715	0.59727			6
2024.10.31	01:03:08.860		0.59726			4
2024.10.31	01:03:12.402		0.59727			4
2024.10.31	01:03:15.012	0.59716				2
2024.10.31	01:03:18.992	0.59714	0.59724			6
2024.10.31	01:03:28.941		0.59725			4
2024.10.31	01:03:30.441		0.59724			4
2024.10.31	01:03:46.828	0.59713	0.59725			6
2024.10.31	01:03:47.191	0.59712				2
2024.10.31	01:03:48.881		0.59724			4
2024.10.31	01:03:50.362	0.59713				2
2024.10.31	01:03:54.127		0.59725			4
2024.10.31	01:03:55.944	0.59714				2
2024.10.31	01:03:57.462		0.59724			4
2024.10.31	01:04:03.139	0.59714				2
2024.10.31	01:04:05.089	0.59712	0.59722			6
2024.10.31	01:04:09.219	0.59708				2
2024.10.31	01:04:11.257	0.59710	0.59723			6
2024.10.31	01:04:17.276		0.59724			4
2024.10.31	01:04:22.371		0.59723			4
2024.10.31	01:04:31.288	0.59709	0.59722			6
2024.10.31	01:04:44.858		0.59723			4
2024.10.31	01:04:50.841	0.59710				2
2024.10.31	01:05:00.654	0.59717				2
2024.10.31	01:05:05.701		0.59724			4
2024.10.31	01:05:09.909		0.59725			4
2024.10.31	01:05:11.362		0.59724			4
2024.10.31	01:05:20.543		0.59723			4
2024.10.31	01:05:38.930		0.59722			4
2024.10.31	01:05:42.177	0.59715	0.59721			6
2024.10.31	01:05:44.403		0.59720			4
2024.10.31	01:05:45.942		0.59719			4
2024.10.31	01:06:13.374	0.59715	0.59718			6
2024.10.31	01:06:25.684		0.59719			4
2024.10.31	01:06:31.294		0.59718			4
2024.10.31	01:07:03.349	0.59715	0.59719			6
2024.10.31	01:07:05.630		0.59718			4
2024.10.31	01:07:31.253	0.59700	0.59710			6
2024.10.31	01:07:31.920	0.59704				2
2024.10.31	01:07:36.413		0.59715			4
2024.10.31	01:07:36.721		0.59714			4
2024.10.31	01:07:37.036	0.59706	0.59718			6
2024.10.31	01:07:37.340		0.59717			4
2024.10.31	01:07:37.680	0.59708				2
2024.10.31	01:07:38.911		0.59718			4
2024.10.31	01:07:40.630		0.59719			4
2024.10.31	01:07:41.266		0.59717			4
2024.10.31	01:07:44.979	0.59713				2
2024.10.31	01:07:49.375		0.59716			4
2024.10.31	01:07:54.695		0.59715			4
2024.10.31	01:08:01.355	0.59702	0.59712			6
2024.10.31	01:08:01.896	0.59703				2
2024.10.31	01:08:06.764	0.59707				2
2024.10.31	01:08:09.770		0.59713			4
2024.10.31	01:08:22.102		0.59715			4
2024.10.31	01:08:22.408		0.59716			4
2024.10.31	01:08:23.328		0.59715			4
2024.10.31	01:08:24.372	0.59708				2
2024.10.31	01:08:42.420		0.59716			4
2024.10.31	01:08:47.471		0.59715			4
2024.10.31	01:08:53.422	0.59699	0.59705			6
2024.10.31	01:08:53.728	0.59694	0.59703			6
2024.10.31	01:08:54.374		0.59702			4
2024.10.31	01:08:55.178		0.59701			4
2024.10.31	01:09:01.342	0.59694				2
2024.10.31	01:09:07.147		0.59700			4
2024.10.31	01:09:12.436		0.59701			4
2024.10.31	01:09:12.786		0.59702			4
2024.10.31	01:09:41.715	0.59693				2
2024.10.31	01:09:47.330	0.59692				2
2024.10.31	01:09:52.726		0.59701			4
2024.10.31	01:09:54.391	0.59691	0.59700			6
2024.10.31	01:09:59.056	0.59687	0.59698			6
2024.10.31	01:10:00.310	0.59687				2
2024.10.31	01:10:05.630	0.59688				2
2024.10.31	01:10:12.792		0.59697			4
2024.10.31	01:10:13.397	0.59687				2
2024.10.31	01:10:22.363		0.59698			4
2024.10.31	01:10:26.904	0.59688				2
2024.10.31	01:10:29.373	0.59687	0.59697			6
2024.10.31	01:10:30.603	0.59688	0.59698			6
2024.10.31	01:10:41.242		0.59699			4
2024.10.31	01:10:46.952	0.59687	0.59697			6
2024.10.31	01:10:47.287	0.59686	0.59696			6
2024.10.31	01:10:51.783	0.59683	0.59694			6
2024.10.31	01:10:57.426	0.59684				2
2024.10.31	01:11:01.235	0.59684				2
2024.10.31	01:11:01.928	0.59682	0.59693			6
2024.10.31	01:11:04.698	0.59683	0.59694			6
2024.10.31	01:11:13.431	0.59684				2
2024.10.31	01:11:19.066	0.59683				2
2024.10.31	01:11:23.678	0.59684				2
2024.10.31	01:11:24.131	0.59683				2
2024.10.31	01:11:29.555	0.59684				2
2024.10.31	01:12:00.168	0.59683				2
2024.10.31	01:12:01.480	0.59682				2
2024.10.31	01:12:02.045	0.59685	0.59696			6
2024.10.31	01:12:02.365	0.59684	0.59695			6
2024.10.31	01:12:07.082	0.59685				2
2024.10.31	01:12:12.464	0.59693	0.59697			6
2024.10.31	01:12:12.777	0.59692	0.59701			6
2024.10.31	01:12:16.695	0.59693	0.59702			6
2024.10.31	01:12:20.856		0.59703			4
2024.10.31	01:12:21.709	0.59695	0.59704			6
2024.10.31	01:12:24.924	0.59697	0.59707			6
2024.10.31	01:12:25.233	0.59694	0.59704			6
2024.10.31	01:12:25.572	0.59695				2
2024.10.31	01:12:26.240		0.59703			4
2024.10.31	01:12:27.142	0.59697	0.59706			6
2024.10.31	01:12:27.492	0.59696				2
2024.10.31	01:12:32.109	0.59697				2
2024.10.31	01:12:32.426	0.59695	0.59703			6
2024.10.31	01:12:37.600		0.59704			4
2024.10.31	01:12:43.173		0.59703			4
2024.10.31	01:12:47.299	0.59698	0.59709			6
2024.10.31	01:12:47.913		0.59707			4
2024.10.31	01:12:49.522	0.59696	0.59704			6
2024.10.31	01:12:54.918	0.59695				2
2024.10.31	01:13:00.429	0.59695	0.59703			6
2024.10.31	01:13:02.123		0.59702			4
2024.10.31	01:13:02.922	0.59702	0.59711			6
2024.10.31	01:13:03.227	0.59699	0.59704			6
2024.10.31	01:13:03.721	0.59698				2
2024.10.31	01:13:04.354	0.59699				2
2024.10.31	01:13:07.070	0.59701				2
2024.10.31	01:13:08.925	0.59702	0.59705			6
2024.10.31	01:13:17.225	0.59704	0.59708			6
2024.10.31	01:13:17.592		0.59710			4
2024.10.31	01:13:18.310	0.59705				2
2024.10.31	01:13:18.806	0.59704				2
2024.10.31	01:13:22.522	0.59705				2
2024.10.31	01:13:23.634		0.59711			4
2024.10.31	01:13:24.122		0.59710			4
2024.10.31	01:13:29.989		0.59711			4
2024.10.31	01:13:34.302	0.59706	0.59712			6
2024.10.31	01:13:35.069	0.59708	0.59715			6
2024.10.31	01:13:35.535		0.59714			4
2024.10.31	01:13:41.853	0.59707	0.59712			6
2024.10.31	01:13:46.255	0.59706	0.59711			6
2024.10.31	01:13:46.562	0.59702	0.59707			6
2024.10.31	01:13:46.985	0.59706	0.59712			6
2024.10.31	01:13:47.413	0.59705	0.59710			6
2024.10.31	01:13:51.420	0.59704				2
2024.10.31	01:13:59.446		0.59711			4
2024.10.31	01:14:03.824	0.59705				2
2024.10.31	01:14:11.302		0.59712			4
2024.10.31	01:14:11.612	0.59703	0.59709			6
2024.10.31	01:14:16.370	0.59701	0.59708			6
2024.10.31	01:14:20.657		0.59707			4
2024.10.31	01:14:21.286		0.59709			4
2024.10.31	01:14:21.590	0.59704				2
2024.10.31	01:14:22.958	0.59703				2
2024.10.31	01:14:29.442	0.59701	0.59708			6
2024.10.31	01:14:31.300	0.59699	0.59706			6
2024.10.31	01:14:36.021		0.59705			4
2024.10.31	01:14:38.674	0.59703	0.59709			6
2024.10.31	01:14:38.988	0.59705	0.59710			6
2024.10.31	01:14:41.288	0.59704				2
2024.10.31	01:14:41.699	0.59705	0.59711			6
2024.10.31	01:14:44.130	0.59707	0.59713			6
2024.10.31	01:14:50.006	0.59706				2
2024.10.31	01:14:51.307		0.59711			4
2024.10.31	01:14:54.357	0.59702	0.59710			6
2024.10.31	01:14:55.063		0.59709			4
2024.10.31	01:14:55.447	0.59705	0.59713			6
2024.10.31	01:14:55.774	0.59700	0.59708			6
2024.10.31	01:14:59.112		0.59707			4
2024.10.31	01:15:00.433	0.59703	0.59709			6
2024.10.31	01:15:00.735	0.59701	0.59708			6
2024.10.31	01:15:01.088	0.59699	0.59709			6
2024.10.31	01:15:01.404	0.59700	0.59707			6
2024.10.31	01:15:02.559	0.59701	0.59708			6
2024.10.31	01:15:02.864	0.59700				2
2024.10.31	01:15:03.770		0.59707			4
2024.10.31	01:15:05.755		0.59708			4
2024.10.31	01:15:06.155		0.59707			4
2024.10.31	01:15:09.199	0.59699				2
2024.10.31	01:15:10.264		0.59706			4
2024.10.31	01:15:11.261	0.59700	0.59708			6
2024.10.31	01:15:12.557	0.59701	0.59707			6
2024.10.31	01:15:13.664	0.59700				2
2024.10.31	01:15:14.258	0.59701				2
2024.10.31	01:15:14.561	0.59700				2
2024.10.31	01:15:16.725	0.59701				2
2024.10.31	01:15:18.003	0.59700				2
2024.10.31	01:15:18.942		0.59706			4
2024.10.31	01:15:21.194	0.59703	0.59708			6
2024.10.31	01:15:22.669	0.59704				2
2024.10.31	01:15:23.120	0.59701				2
2024.10.31	01:15:23.421		0.59707			4
2024.10.31	01:15:23.721	0.59700				2
2024.10.31	01:15:24.355	0.59702				2
2024.10.31	01:15:25.191	0.59701				2
2024.10.31	01:15:25.804	0.59700				2
2024.10.31	01:15:26.154	0.59701				2
2024.10.31	01:15:27.280	0.59702				2
2024.10.31	01:15:28.586	0.59703				2
2024.10.31	01:15:28.886	0.59701	0.59706			6
2024.10.31	01:15:29.198	0.59700				2
2024.10.31	01:15:29.499		0.59707			4
2024.10.31	01:15:30.128		0.59706			4
2024.10.31	01:15:30.789		0.59707			4
2024.10.31	01:15:31.096		0.59706			4
2024.10.31	01:15:31.402	0.59701				2
2024.10.31	01:15:32.581	0.59700				2
2024.10.31	01:15:32.911	0.59701				2
2024.10.31	01:15:33.595	0.59700				2
2024.10.31	01:15:35.486	0.59701				2
2024.10.31	01:15:37.896	0.59700				2
2024.10.31	01:15:39.006	0.59701				2
2024.10.31	01:15:40.118	0.59700				2
2024.10.31	01:15:41.262	0.59701	0.59707			6
2024.10.31	01:15:41.632	0.59702	0.59706			6
2024.10.31	01:15:42.264	0.59701				2
2024.10.31	01:15:44.222	0.59702	0.59707			6
2024.10.31	01:15:44.554	0.59703	0.59706			6
2024.10.31	01:15:44.893	0.59702				2
2024.10.31	01:15:45.427	0.59701				2
2024.10.31	01:15:46.043	0.59702				2
2024.10.31	01:15:47.336	0.59701				2
2024.10.31	01:15:47.701	0.59702				2
2024.10.31	01:15:48.009		0.59707			4
2024.10.31	01:15:48.613		0.59706			4
2024.10.31	01:15:49.123	0.59701				2
2024.10.31	01:15:49.431	0.59702	0.59707			6
2024.10.31	01:15:49.735	0.59703				2
2024.10.31	01:15:51.022	0.59702	0.59706			6
2024.10.31	01:15:52.431		0.59705			4
2024.10.31	01:15:55.660		0.59706			4
2024.10.31	01:15:56.814	0.59701				2
2024.10.31	01:15:58.009	0.59702				2
2024.10.31	01:15:59.163		0.59705			4
2024.10.31	01:16:00.301	0.59701	0.59706			6
2024.10.31	01:16:01.378	0.59702	0.59705			6
2024.10.31	01:16:02.476	0.59701				2
2024.10.31	01:16:05.939	0.59703	0.59706			6
2024.10.31	01:16:06.273	0.59702				2
2024.10.31	01:16:11.799	0.59703				2
2024.10.31	01:16:12.110	0.59701				2
2024.10.31	01:16:13.045	0.59702				2
2024.10.31	01:16:15.500	0.59701	0.59705			6
2024.10.31	01:16:15.961	0.59702				2
2024.10.31	01:16:16.339	0.59703	0.59706			6
2024.10.31	01:16:16.644	0.59702				2
2024.10.31	01:16:20.808	0.59703	0.59707			6
2024.10.31	01:16:21.488		0.59706			4
2024.10.31	01:16:22.399		0.59707			4
2024.10.31	01:16:23.205	0.59702				2
2024.10.31	01:16:23.618	0.59703				2
2024.10.31	01:16:24.565	0.59706	0.59711			6
2024.10.31	01:16:24.884	0.59705	0.59710			6
2024.10.31	01:16:25.825	0.59706				2
2024.10.31	01:16:26.771	0.59705				2
2024.10.31	01:16:27.836	0.59706				2
2024.10.31	01:16:31.360	0.59705				2
2024.10.31	01:16:35.732	0.59706	0.59711			6
2024.10.31	01:16:43.068	0.59707				2
2024.10.31	01:16:44.084	0.59711	0.59714			6
2024.10.31	01:16:44.704	0.59708	0.59711			6
2024.10.31	01:16:45.050	0.59707				2
2024.10.31	01:17:00.371	0.59707	0.59710			6
2024.10.31	01:17:00.693	0.59704				2
2024.10.31	01:17:01.509	0.59707				2
2024.10.31	01:17:03.463	0.59704				2
2024.10.31	01:17:04.441	0.59707				2
2024.10.31	01:17:05.739	0.59704				2
2024.10.31	01:17:06.558	0.59705				2
2024.10.31	01:17:06.888	0.59704				2
2024.10.31	01:17:07.525	0.59707				2
2024.10.31	01:17:11.806	0.59705				2
2024.10.31	01:17:12.788	0.59704				2
2024.10.31	01:17:13.820	0.59707				2
2024.10.31	01:17:14.957	0.59704				2
2024.10.31	01:17:15.893	0.59706				2
2024.10.31	01:17:17.902	0.59704				2
2024.10.31	01:17:20.897	0.59705				2
2024.10.31	01:17:21.879	0.59706				2
2024.10.31	01:17:22.209	0.59705				2
2024.10.31	01:17:23.266	0.59706				2
2024.10.31	01:17:24.316	0.59705				2
2024.10.31	01:17:25.231	0.59706				2
2024.10.31	01:17:26.929	0.59704				2
2024.10.31	01:17:27.256	0.59706				2
2024.10.31	01:17:32.348	0.59707				2
2024.10.31	01:17:33.348	0.59706				2
2024.10.31	01:17:34.407	0.59705				2
2024.10.31	01:17:35.386	0.59707				2
2024.10.31	01:17:38.601	0.59706				2
2024.10.31	01:17:39.442	0.59707				2
2024.10.31	01:17:41.521	0.59706				2
2024.10.31	01:17:44.524	0.59705				2
2024.10.31	01:17:44.869	0.59704				2
2024.10.31	01:17:45.831	0.59706				2
2024.10.31	01:17:46.936	0.59707				2
2024.10.31	01:17:48.017	0.59706				2
2024.10.31	01:17:49.449	0.59707				2
2024.10.31	01:17:50.624	0.59706				2
2024.10.31	01:17:53.310	0.59705				2
2024.10.31	01:17:53.733	0.59706				2
2024.10.31	01:17:58.185	0.59707				2
2024.10.31	01:18:00.203	0.59706				2
2024.10.31	01:18:01.214		0.59710			4
2024.10.31	01:18:02.533	0.59704				2
2024.10.31	01:18:03.250	0.59706				2
2024.10.31	01:18:06.065	0.59707				2
2024.10.31	01:18:06.392	0.59706				2
2024.10.31	01:18:06.974	0.59704				2
2024.10.31	01:18:08.031	0.59706				2
2024.10.31	01:18:10.119	0.59707				2
2024.10.31	01:18:11.143	0.59706				2
2024.10.31	01:18:12.164	0.59704				2
2024.10.31	01:18:12.947	0.59706				2
2024.10.31	01:18:14.196	0.59702	0.59708			6
2024.10.31	01:18:14.509	0.59703				2
2024.10.31	01:18:16.284		0.59709			4
2024.10.31	01:18:17.489	0.59702				2
2024.10.31	01:18:17.807	0.59703	0.59708			6
2024.10.31	01:18:18.926	0.59704				2
2024.10.31	01:18:19.250	0.59703				2
2024.10.31	01:18:21.475		0.59706			4
2024.10.31	01:18:21.799	0.59702				2
2024.10.31	01:18:25.824		0.59705			4
2024.10.31	01:18:26.149		0.59706			4
2024.10.31	01:18:26.856		0.59705			4
2024.10.31	01:18:27.997		0.59707			4
2024.10.31	01:18:28.300	0.59704				2
2024.10.31	01:18:29.350	0.59703	0.59708			6
2024.10.31	01:18:30.636	0.59702				2
2024.10.31	01:18:30.959		0.59707			4
2024.10.31	01:18:31.274	0.59703	0.59708			6
2024.10.31	01:18:32.347	0.59702	0.59707			6
2024.10.31	01:18:33.393	0.59703	0.59708			6
2024.10.31	01:18:33.781	0.59702	0.59707			6
2024.10.31	01:18:34.432	0.59703				2
2024.10.31	01:18:35.608	0.59701				2
2024.10.31	01:18:35.917	0.59702				2
2024.10.31	01:18:36.562	0.59701	0.59706			6
2024.10.31	01:18:36.865	0.59702				2
2024.10.31	01:18:37.880		0.59705			4
2024.10.31	01:18:38.202		0.59706			4
2024.10.31	01:18:41.599	0.59701				2
2024.10.31	01:18:42.550	0.59702				2
2024.10.31	01:18:45.015	0.59701	0.59709			6
2024.10.31	01:18:45.323		0.59708			4
2024.10.31	01:18:46.018		0.59705			4
2024.10.31	01:18:46.329	0.59702	0.59706			6
2024.10.31	01:18:47.256	0.59705	0.59710			6
2024.10.31	01:18:47.584	0.59703	0.59709			6
2024.10.31	01:18:48.354	0.59702				2
2024.10.31	01:18:48.684	0.59703				2
2024.10.31	01:18:49.795	0.59702				2
2024.10.31	01:18:50.357	0.59703				2
2024.10.31	01:18:52.857	0.59702				2
2024.10.31	01:18:53.164	0.59703	0.59708			6
2024.10.31	01:18:53.465		0.59709			4
2024.10.31	01:18:54.802		0.59708			4
2024.10.31	01:18:55.830	0.59702				2
2024.10.31	01:18:56.577	0.59703	0.59709			6
2024.10.31	01:18:57.384	0.59704	0.59708			6
2024.10.31	01:18:57.700	0.59703				2
2024.10.31	01:18:58.007	0.59702	0.59707			6
2024.10.31	01:18:58.310	0.59703				2
2024.10.31	01:19:00.483	0.59703				2
2024.10.31	01:19:14.046		0.59708			4
2024.10.31	01:19:18.415	0.59706				2
2024.10.31	01:19:18.755	0.59703				2
2024.10.31	01:19:19.065	0.59702				2
2024.10.31	01:19:19.396	0.59703				2
2024.10.31	01:19:19.745		0.59707			4
2024.10.31	01:19:20.644		0.59708			4
2024.10.31	01:19:22.953	0.59702				2
2024.10.31	01:19:23.620	0.59703	0.59707			6
2024.10.31	01:19:23.943	0.59702				2
2024.10.31	01:19:24.765	0.59703				2
2024.10.31	01:19:26.755	0.59702				2
2024.10.31	01:19:27.061	0.59703				2
2024.10.31	01:19:30.203	0.59704				2
2024.10.31	01:19:30.595	0.59703				2
2024.10.31	01:19:32.284	0.59704				2
2024.10.31	01:19:32.595	0.59703				2
2024.10.31	01:19:34.616	0.59704				2
2024.10.31	01:19:35.083	0.59702				2
2024.10.31	01:19:35.985	0.59703				2
2024.10.31	01:19:36.628	0.59704				2
2024.10.31	01:19:37.067	0.59703				2
2024.10.31	01:19:38.882	0.59702				2
2024.10.31	01:19:39.778	0.59703				2
2024.10.31	01:19:42.590	0.59704				2
2024.10.31	01:19:45.682	0.59703				2
2024.10.31	01:19:46.687	0.59704				2
2024.10.31	01:19:48.196	0.59703				2
2024.10.31	01:19:48.504	0.59704				2
2024.10.31	01:19:50.024	0.59702				2
2024.10.31	01:19:50.351	0.59703				2
2024.10.31	01:19:50.670	0.59702				2
2024.10.31	01:19:51.496	0.59703				2
2024.10.31	01:19:53.283	0.59702				2
2024.10.31	01:19:54.045	0.59703				2
2024.10.31	01:19:54.726	0.59702				2
2024.10.31	01:19:55.571	0.59703				2
2024.10.31	01:19:55.887	0.59702				2
2024.10.31	01:19:56.743		0.59706			4
2024.10.31	01:19:57.644		0.59707			4
2024.10.31	01:19:58.394	0.59703				2
2024.10.31	01:19:58.705	0.59702				2
2024.10.31	01:19:59.429	0.59703				2
2024.10.31	01:19:59.746	0.59702				2
2024.10.31	01:20:00.064	0.59702	0.59706			6
2024.10.31	01:20:00.370	0.59703				2
2024.10.31	01:20:00.673	0.59702				2
2024.10.31	01:20:01.145		0.59707			4
2024.10.31	01:20:02.635	0.59703	0.59706			6
2024.10.31	01:20:02.956	0.59702				2
2024.10.31	01:20:03.889	0.59703				2
2024.10.31	01:20:05.075	0.59702	0.59707			6
2024.10.31	01:20:05.379		0.59706			4
2024.10.31	01:20:05.695	0.59703				2
2024.10.31	01:20:06.035	0.59702				2
2024.10.31	01:20:06.737	0.59703	0.59707			6
2024.10.31	01:20:07.062	0.59702	0.59705			6
2024.10.31	01:20:07.403		0.59706			4
2024.10.31	01:20:08.154	0.59701	0.59705			6
2024.10.31	01:20:08.458	0.59702	0.59706			6
2024.10.31	01:20:10.370		0.59705			4
2024.10.31	01:20:11.462		0.59706			4
2024.10.31	01:20:11.832	0.59703	0.59707			6
2024.10.31	01:20:15.047	0.59702				2
2024.10.31	01:20:16.041	0.59703				2
2024.10.31	01:20:16.450	0.59702				2
2024.10.31	01:20:17.049	0.59703	0.59708			6
2024.10.31	01:20:17.353		0.59707			4
2024.10.31	01:20:20.176	0.59705				2
2024.10.31	01:20:22.510	0.59706				2
2024.10.31	01:20:22.834		0.59711			4
2024.10.31	01:20:29.951	0.59710	0.59715			6
2024.10.31	01:20:30.271	0.59711	0.59716			6
2024.10.31	01:20:32.711		0.59714			4
2024.10.31	01:20:35.281		0.59713			4
2024.10.31	01:20:40.441		0.59714			4
2024.10.31	01:20:40.850		0.59713			4
2024.10.31	01:20:45.243		0.59714			4
2024.10.31	01:20:45.589		0.59713			4
2024.10.31	01:20:47.717		0.59714			4
2024.10.31	01:20:48.301		0.59713			4
2024.10.31	01:20:49.523		0.59714			4
2024.10.31	01:20:50.035		0.59713			4
2024.10.31	01:20:50.836	0.59714	0.59716			6
2024.10.31	01:20:51.144	0.59709	0.59712			6
2024.10.31	01:20:51.468		0.59711			4
2024.10.31	01:20:52.450	0.59706	0.59709			6
2024.10.31	01:20:53.544	0.59707				2
2024.10.31	01:21:04.604	0.59702	0.59704			6
2024.10.31	01:21:05.684	0.59703	0.59707			6
2024.10.31	01:21:05.996	0.59704				2
2024.10.31	01:21:06.316		0.59708			4
2024.10.31	01:21:07.786	0.59705				2
2024.10.31	01:21:11.041		0.59707			4
2024.10.31	01:21:12.578	0.59712	0.59714			6
2024.10.31	01:21:16.143	0.59710	0.59712			6
2024.10.31	01:21:21.103	0.59709				2
2024.10.31	01:21:23.100	0.59710				2
2024.10.31	01:21:31.260	0.59709				2
2024.10.31	01:21:33.722	0.59710	0.59713			6
2024.10.31	01:21:34.823		0.59712			4
2024.10.31	01:21:35.834		0.59713			4
2024.10.31	01:21:36.266		0.59712			4
2024.10.31	01:21:37.964	0.59709				2
2024.10.31	01:21:39.446		0.59713			4
2024.10.31	01:21:41.083		0.59712			4
2024.10.31	01:22:00.416	0.59708				2
2024.10.31	01:22:01.596	0.59705	0.59707			6
2024.10.31	01:22:03.205	0.59706				2
2024.10.31	01:22:03.831		0.59708			4
2024.10.31	01:22:04.134		0.59711			4
2024.10.31	01:22:04.453	0.59705	0.59710			6
2024.10.31	01:22:05.362	0.59706	0.59711			6
2024.10.31	01:22:05.718		0.59710			4
2024.10.31	01:22:08.228		0.59709			4
2024.10.31	01:22:12.101		0.59710			4
2024.10.31	01:22:12.412		0.59709			4
2024.10.31	01:22:23.634		0.59708			4
2024.10.31	01:22:27.450		0.59710			4
2024.10.31	01:22:27.755	0.59707				2
2024.10.31	01:22:42.321		0.59711			4
2024.10.31	01:22:43.385		0.59710			4
2024.10.31	01:23:00.805	0.59707				2
2024.10.31	01:23:09.602		0.59711			4
2024.10.31	01:23:22.523	0.59710	0.59714			6
2024.10.31	01:23:29.116	0.59711	0.59713			6
2024.10.31	01:23:30.234		0.59714			4
2024.10.31	01:23:32.630		0.59713			4
2024.10.31	01:23:33.539		0.59714			4
2024.10.31	01:23:33.871		0.59713			4
2024.10.31	01:23:34.879		0.59714			4
2024.10.31	01:23:43.897		0.59713			4
2024.10.31	01:23:45.021		0.59714			4
2024.10.31	01:23:46.616	0.59717	0.59722			6
2024.10.31	01:23:47.023		0.59721			4
2024.10.31	01:23:52.180	0.59715	0.59719			6
2024.10.31	01:23:54.750	0.59714	0.59718			6
2024.10.31	01:24:00.005	0.59714				2
2024.10.31	01:24:00.961	0.59715	0.59719			6
2024.10.31	01:24:02.100	0.59716	0.59720			6
2024.10.31	01:24:14.177		0.59719			4
2024.10.31	01:24:18.099	0.59713	0.59717			6
2024.10.31	01:24:18.438		0.59718			4
2024.10.31	01:24:21.870		0.59719			4
2024.10.31	01:24:23.656		0.59718			4
2024.10.31	01:24:28.660		0.59719			4
2024.10.31	01:24:31.187		0.59718			4
2024.10.31	01:24:34.262	0.59715	0.59720			6
2024.10.31	01:24:44.554	0.59713	0.59718			6
2024.10.31	01:24:49.868	0.59714	0.59719			6
2024.10.31	01:24:50.174	0.59713	0.59718			6
2024.10.31	01:24:52.209	0.59714	0.59719			6
2024.10.31	01:24:52.522	0.59713	0.59718			6
2024.10.31	01:24:56.878	0.59714				2
2024.10.31	01:24:57.259	0.59713	0.59717			6
2024.10.31	01:24:57.588	0.59714	0.59718			6
2024.10.31	01:24:58.377	0.59713				2
2024.10.31	01:24:59.417	0.59714				2
2024.10.31	01:25:00.087	0.59714				2
2024.10.31	01:25:01.652	0.59713				2
2024.10.31	01:25:03.772	0.59714				2
2024.10.31	01:25:08.430		0.59719			4
2024.10.31	01:25:09.312	0.59711	0.59715			6
2024.10.31	01:25:10.859	0.59712	0.59717			6
2024.10.31	01:25:11.731		0.59716			4
2024.10.31	01:25:12.182	0.59711	0.59715			6
2024.10.31	01:25:19.936		0.59716			4
2024.10.31	01:25:20.659	0.59713	0.59715			6
2024.10.31	01:25:29.448	0.59712	0.59713			6
2024.10.31	01:25:31.448		0.59714			4
2024.10.31	01:25:31.752		0.59713			4
2024.10.31	01:25:32.774		0.59714			4
2024.10.31	01:25:35.829		0.59713			4
2024.10.31	01:25:37.274		0.59714			4
2024.10.31	01:25:42.839		0.59713			4
2024.10.31	01:25:44.042		0.59714			4
2024.10.31	01:25:48.442		0.59715			4
2024.10.31	01:25:49.382	0.59713				2
2024.10.31	01:26:00.394	0.59713				2
2024.10.31	01:26:01.405		0.59716			4
2024.10.31	01:26:10.419		0.59715			4
2024.10.31	01:26:11.242		0.59716			4
2024.10.31	01:26:14.276		0.59715			4
2024.10.31	01:26:29.330		0.59716			4
2024.10.31	01:27:00.626	0.59713				2
2024.10.31	01:27:06.621		0.59715			4
2024.10.31	01:27:12.362		0.59716			4
2024.10.31	01:27:35.194	0.59712				2
2024.10.31	01:27:49.639		0.59717			4
2024.10.31	01:27:58.365	0.59715	0.59719			6
2024.10.31	01:27:58.899	0.59713	0.59716			6
2024.10.31	01:28:00.009	0.59713				2
2024.10.31	01:28:01.502	0.59715	0.59718			6
2024.10.31	01:28:02.373	0.59713	0.59717			6
2024.10.31	01:28:02.685		0.59716			4
2024.10.31	01:28:05.816	0.59714	0.59718			6
2024.10.31	01:28:09.415	0.59715	0.59719			6
2024.10.31	01:28:12.240	0.59717	0.59721			6
2024.10.31	01:28:15.540	0.59718				2
2024.10.31	01:28:17.309	0.59717	0.59720			6
2024.10.31	01:28:18.844	0.59718	0.59721			6
2024.10.31	01:28:19.884		0.59719			4
2024.10.31	01:28:20.196	0.59716				2
2024.10.31	01:28:21.192		0.59718			4
2024.10.31	01:28:21.512		0.59719			4
2024.10.31	01:28:34.060	0.59715				2
2024.10.31	01:28:34.670		0.59718			4
2024.10.31	01:28:35.521		0.59719			4
2024.10.31	01:28:44.368		0.59718			4
2024.10.31	01:28:45.500		0.59719			4
2024.10.31	01:28:48.877		0.59717			4
2024.10.31	01:28:49.296		0.59719			4
2024.10.31	01:28:58.657		0.59718			4
2024.10.31	01:29:00.062	0.59715	0.59719			6
2024.10.31	01:29:02.399		0.59718			4
2024.10.31	01:29:03.289		0.59719			4
2024.10.31	01:29:08.032	0.59714	0.59718			6
2024.10.31	01:29:08.357		0.59716			4
2024.10.31	01:29:09.159		0.59717			4
2024.10.31	01:29:11.235	0.59717	0.59718			6
2024.10.31	01:29:11.550		0.59719			4
2024.10.31	01:29:25.408	0.59718	0.59720			6
2024.10.31	01:29:45.122	0.59719	0.59721			6
2024.10.31	01:29:45.789		0.59720			4
2024.10.31	01:29:56.502	0.59718				2
2024.10.31	01:30:00.413	0.59718				2
2024.10.31	01:30:02.199	0.59717	0.59723			6
2024.10.31	01:30:04.216	0.59718	0.59720			6
2024.10.31	01:30:04.502	0.59719	0.59722			6
2024.10.31	01:30:05.245		0.59721			4
2024.10.31	01:30:05.646		0.59722			4
2024.10.31	01:30:08.894		0.59721			4
2024.10.31	01:30:09.329		0.59722			4
2024.10.31	01:30:11.367		0.59721			4
2024.10.31	01:30:22.389		0.59720			4
2024.10.31	01:30:30.472		0.59721			4
2024.10.31	01:30:36.359		0.59722			4
2024.10.31	01:30:38.895		0.59724			4
2024.10.31	01:30:41.797		0.59723			4
2024.10.31	01:30:43.431		0.59724			4
2024.10.31	01:30:44.048		0.59723			4
2024.10.31	01:30:44.719	0.59722	0.59727			6
2024.10.31	01:30:51.542	0.59721	0.59725			6
2024.10.31	01:30:52.487	0.59722	0.59726			6
2024.10.31	01:30:55.910		0.59728			4
2024.10.31	01:30:58.801		0.59727			4
2024.10.31	01:31:00.401	0.59722	0.59728			6
2024.10.31	01:31:08.183		0.59727			4
2024.10.31	01:31:08.556		0.59728			4
2024.10.31	01:31:21.042		0.59727			4
2024.10.31	01:31:21.792		0.59728			4
2024.10.31	01:31:37.382		0.59727			4
2024.10.31	01:31:39.523		0.59726			4
2024.10.31	01:31:39.830	0.59721				2
2024.10.31	01:31:56.843		0.59724			4
2024.10.31	01:31:58.002		0.59725			4
2024.10.31	01:31:58.618		0.59724			4
2024.10.31	01:31:59.880		0.59725			4
2024.10.31	01:32:00.208	0.59721				2
2024.10.31	01:32:01.252		0.59724			4
2024.10.31	01:32:16.039	0.59720	0.59723			6
2024.10.31	01:32:16.736		0.59724			4
2024.10.31	01:32:17.838		0.59723			4
2024.10.31	01:32:18.407	0.59722	0.59726			6
2024.10.31	01:32:30.758	0.59724	0.59728			6
2024.10.31	01:32:36.642		0.59726			4
2024.10.31	01:32:37.414		0.59727			4
2024.10.31	01:32:47.809		0.59728			4
2024.10.31	01:32:49.593		0.59730			4
2024.10.31	01:32:50.291		0.59729			4
2024.10.31	01:32:57.051		0.59728			4
2024.10.31	01:33:00.443	0.59724				2
2024.10.31	01:33:10.122	0.59726	0.59730			6
2024.10.31	01:33:16.841	0.59727				2
2024.10.31	01:33:35.925		0.59731			4
2024.10.31	01:33:42.610	0.59728				2
2024.10.31	01:33:42.917	0.59727	0.59730			6
2024.10.31	01:34:00.806	0.59727	0.59732			6
2024.10.31	01:34:01.369	0.59726				2
2024.10.31	01:34:22.214		0.59730			4
2024.10.31	01:34:24.275	0.59725				2
2024.10.31	01:34:30.965		0.59729			4
2024.10.31	01:34:42.877	0.59722	0.59726			6
2024.10.31	01:34:44.087		0.59727			4
2024.10.31	01:34:44.430	0.59723				2
2024.10.31	01:34:52.549	0.59719	0.59724			6
2024.10.31	01:34:53.407		0.59723			4
2024.10.31	01:35:00.442	0.59719				2
2024.10.31	01:35:11.703	0.59720				2
2024.10.31	01:35:13.298	0.59719				2
2024.10.31	01:35:15.126	0.59720	0.59724			6
2024.10.31	01:35:30.679		0.59723			4
2024.10.31	01:35:31.692		0.59724			4
2024.10.31	01:35:36.124		0.59723			4
2024.10.31	01:35:56.009	0.59717	0.59720			6
2024.10.31	01:35:56.309		0.59718			4
2024.10.31	01:36:00.262	0.59717				2
2024.10.31	01:36:08.283	0.59716				2
2024.10.31	01:36:09.329	0.59721	0.59723			6
2024.10.31	01:36:11.916	0.59720				2
2024.10.31	01:36:29.669	0.59719				2
2024.10.31	01:36:34.444		0.59722			4
2024.10.31	01:36:55.014	0.59717	0.59721			6
2024.10.31	01:36:56.037	0.59715	0.59719			6
2024.10.31	01:36:57.828		0.59718			4
2024.10.31	01:36:59.026	0.59714	0.59717			6
2024.10.31	01:36:59.328	0.59713	0.59716			6
2024.10.31	01:37:00.282	0.59712	0.59715			6
2024.10.31	01:37:00.606	0.59711				2
2024.10.31	01:37:01.525	0.59712				2
2024.10.31	01:37:02.158	0.59711	0.59716			6
2024.10.31	01:37:16.198	0.59717	0.59721			6
2024.10.31	01:37:24.922	0.59712	0.59717			6
2024.10.31	01:37:25.233		0.59716			4
2024.10.31	01:37:26.009		0.59717			4
2024.10.31	01:37:34.809	0.59707	0.59712			6
2024.10.31	01:37:35.118	0.59706	0.59711			6
2024.10.31	01:37:37.276	0.59707				2
2024.10.31	01:37:39.640	0.59706				2
2024.10.31	01:37:48.889	0.59710	0.59714			6
2024.10.31	01:37:49.599	0.59712	0.59716			6
2024.10.31	01:37:52.361	0.59711	0.59714			6
2024.10.31	01:37:55.635	0.59714	0.59719			6
2024.10.31	01:38:00.369	0.59714				2
2024.10.31	01:38:09.883	0.59715				2
2024.10.31	01:38:23.914	0.59717	0.59722			6
2024.10.31	01:38:33.738		0.59720			4
2024.10.31	01:38:40.204	0.59715	0.59719			6
2024.10.31	01:38:42.283	0.59716	0.59720			6
2024.10.31	01:38:47.527		0.59721			4
2024.10.31	01:38:49.600		0.59720			4
2024.10.31	01:38:51.785	0.59715	0.59719			6
2024.10.31	01:39:00.076	0.59715				2
2024.10.31	01:39:07.214		0.59718			4
2024.10.31	01:39:08.242	0.59714				2
2024.10.31	01:39:20.813		0.59719			4
2024.10.31	01:39:23.011		0.59718			4
2024.10.31	01:39:40.939		0.59717			4
2024.10.31	01:39:41.316	0.59712				2
2024.10.31	01:39:44.766	0.59713				2
2024.10.31	01:39:49.576		0.59715			4
2024.10.31	01:39:50.851		0.59716			4
2024.10.31	01:39:51.192	0.59712	0.59715			6
2024.10.31	01:39:59.717	0.59713	0.59717			6
2024.10.31	01:40:00.019	0.59713				2
2024.10.31	01:40:02.850	0.59715	0.59718			6
2024.10.31	01:40:08.423		0.59719			4
2024.10.31	01:40:13.056		0.59717			4
2024.10.31	01:40:14.746	0.59714				2
2024.10.31	01:40:18.642		0.59718			4
2024.10.31	01:40:19.661		0.59717			4
2024.10.31	01:40:20.900		0.59718			4
2024.10.31	01:40:21.437	0.59713	0.59717			6
2024.10.31	01:40:47.139	0.59712	0.59714			6
2024.10.31	01:41:00.113	0.59712				2
2024.10.31	01:41:00.805	0.59714	0.59716			6
2024.10.31	01:41:02.291		0.59717			4
2024.10.31	01:41:08.005	0.59715				2
2024.10.31	01:41:09.138	0.59714				2
2024.10.31	01:41:11.436		0.59716			4
2024.10.31	01:41:12.707	0.59715	0.59718			6
2024.10.31	01:41:14.998	0.59716	0.59720			6
2024.10.31	01:41:18.701		0.59721			4
2024.10.31	01:41:19.495		0.59720			4
2024.10.31	01:41:20.377		0.59719			4
2024.10.31	01:41:20.785	0.59718	0.59721			6
2024.10.31	01:41:23.324	0.59717				2
2024.10.31	01:41:25.784	0.59713	0.59718			6
2024.10.31	01:41:27.442	0.59714				2
2024.10.31	01:41:31.937	0.59715				2
2024.10.31	01:41:45.439	0.59716	0.59719			6
2024.10.31	01:41:53.595	0.59715	0.59717			6
2024.10.31	01:41:55.797		0.59718			4
2024.10.31	01:41:56.467	0.59717	0.59720			6
2024.10.31	01:42:00.469	0.59717				2
2024.10.31	01:42:04.438	0.59718				2
2024.10.31	01:42:04.819		0.59721			4
2024.10.31	01:42:07.655		0.59720			4
2024.10.31	01:42:10.910	0.59714	0.59718			6
2024.10.31	01:42:11.301	0.59715	0.59717			6
2024.10.31	01:42:14.365	0.59716	0.59719			6
2024.10.31	01:42:15.334	0.59717				2
2024.10.31	01:42:22.964	0.59716	0.59720			6
2024.10.31	01:42:30.600		0.59721			4
2024.10.31	01:42:30.953		0.59720			4
2024.10.31	01:42:33.456		0.59721			4
2024.10.31	01:42:34.149		0.59722			4
2024.10.31	01:42:47.997	0.59717	0.59723			6
2024.10.31	01:43:00.506	0.59717				2
2024.10.31	01:43:11.934		0.59722			4
2024.10.31	01:43:14.493	0.59716	0.59721			6
2024.10.31	01:43:39.561	0.59717				2
2024.10.31	01:43:50.676		0.59722			4
2024.10.31	01:43:56.362	0.59718				2
2024.10.31	01:44:00.455	0.59718	0.59723			6
2024.10.31	01:44:02.304		0.59721			4
2024.10.31	01:44:12.717	0.59717	0.59720			6
2024.10.31	01:44:13.375	0.59714	0.59718			6
2024.10.31	01:44:36.246	0.59716	0.59719			6
2024.10.31	01:44:36.962		0.59718			4
2024.10.31	01:44:37.944		0.59719			4
2024.10.31	01:44:38.312		0.59718			4
2024.10.31	01:44:38.672	0.59715				2
2024.10.31	01:44:50.391	0.59714	0.59717			6
2024.10.31	01:44:51.015	0.59715	0.59718			6
2024.10.31	01:44:54.439	0.59713	0.59717			6
2024.10.31	01:44:55.866		0.59716			4
2024.10.31	01:44:57.280	0.59712	0.59715			6
2024.10.31	01:45:00.404	0.59712				2
2024.10.31	01:45:02.470	0.59711				2
2024.10.31	01:45:02.782	0.59712				2
2024.10.31	01:45:03.542	0.59711				2
2024.10.31	01:45:12.628	0.59709	0.59713			6
2024.10.31	01:45:15.601	0.59710				2
2024.10.31	01:45:44.991		0.59712			4
2024.10.31	01:45:45.422		0.59713			4
2024.10.31	01:46:00.366	0.59710				2
2024.10.31	01:46:04.099	0.59711	0.59714			6
2024.10.31	01:46:24.296		0.59712			4
2024.10.31	01:46:27.445		0.59713			4
2024.10.31	01:46:27.768	0.59710	0.59712			6
2024.10.31	01:46:29.021	0.59709	0.59711			6
2024.10.31	01:46:29.663		0.59713			4
2024.10.31	01:46:36.262		0.59711			4
2024.10.31	01:46:37.362	0.59707	0.59710			6
2024.10.31	01:46:42.180		0.59711			4
2024.10.31	01:46:42.978	0.59709	0.59713			6
2024.10.31	01:46:43.660	0.59710				2
2024.10.31	01:46:57.737	0.59708	0.59710			6
2024.10.31	01:47:00.166	0.59708				2
2024.10.31	01:47:00.546		0.59711			4
2024.10.31	01:47:01.368		0.59710			4
2024.10.31	01:47:06.446		0.59712			4
2024.10.31	01:47:13.389		0.59711			4
2024.10.31	01:47:18.419	0.59710	0.59713			6
2024.10.31	01:47:34.051	0.59709	0.59711			6
2024.10.31	01:47:41.232	0.59710	0.59713			6
2024.10.31	01:47:52.544		0.59714			4
2024.10.31	01:47:53.477		0.59713			4
2024.10.31	01:48:00.456	0.59710				2
2024.10.31	01:48:02.719	0.59709	0.59711			6
2024.10.31	01:48:11.978	0.59708	0.59710			6
2024.10.31	01:48:14.682	0.59707				2
2024.10.31	01:49:00.204	0.59710	0.59714			6
2024.10.31	01:49:00.507	0.59712				2
2024.10.31	01:49:00.833	0.59711				2
2024.10.31	01:49:02.078		0.59713			4
2024.10.31	01:49:02.403	0.59710				2
2024.10.31	01:49:06.277		0.59712			4
2024.10.31	01:49:07.343		0.59713			4
2024.10.31	01:49:23.980	0.59709	0.59712			6
2024.10.31	01:49:24.291		0.59713			4
2024.10.31	01:49:36.816		0.59714			4
2024.10.31	01:49:41.125	0.59710				2
2024.10.31	01:49:41.428	0.59709				2
2024.10.31	01:49:42.195		0.59712			4
2024.10.31	01:49:42.528		0.59713			4
2024.10.31	01:49:59.293		0.59714			4
2024.10.31	01:50:00.325	0.59710	0.59713			6
2024.10.31	01:50:05.745		0.59714			4
2024.10.31	01:50:17.499		0.59713			4
2024.10.31	01:50:19.330	0.59709				2
2024.10.31	01:50:23.343		0.59712			4
2024.10.31	01:50:25.191		0.59713			4
2024.10.31	01:50:36.142	0.59710				2
2024.10.31	01:50:36.456	0.59709				2
2024.10.31	01:50:44.079	0.59710				2
2024.10.31	01:50:44.380	0.59709				2
2024.10.31	01:50:50.267		0.59714			4
2024.10.31	01:50:52.134		0.59713			4
2024.10.31	01:50:56.560	0.59710				2
2024.10.31	01:50:59.080	0.59709				2
2024.10.31	01:51:00.102	0.59709				2
2024.10.31	01:51:21.235	0.59710				2
2024.10.31	01:51:21.631	0.59709				2
2024.10.31	01:51:25.951		0.59714			4
2024.10.31	01:51:32.558	0.59710	0.59713			6
2024.10.31	01:51:32.896	0.59709				2
2024.10.31	01:51:43.493		0.59714			4
2024.10.31	01:51:47.324	0.59710				2
2024.10.31	01:51:49.812	0.59709				2
2024.10.31	01:51:51.355	0.59710				2
2024.10.31	01:52:00.380	0.59711				2
2024.10.31	01:52:01.982		0.59713			4
2024.10.31	01:52:10.726	0.59710				2
2024.10.31	01:52:11.102		0.59714			4
2024.10.31	01:52:12.060		0.59713			4
2024.10.31	01:52:19.302	0.59709	0.59712			6
2024.10.31	01:52:19.602	0.59710	0.59713			6
2024.10.31	01:52:36.696	0.59707	0.59709			6
2024.10.31	01:52:42.529	0.59706				2
2024.10.31	01:52:59.460	0.59707				2
2024.10.31	01:53:00.140	0.59707				2
2024.10.31	01:53:02.140		0.59710			4
2024.10.31	01:53:09.263	0.59706	0.59709			6
2024.10.31	01:53:19.324	0.59707	0.59711			6
2024.10.31	01:53:19.637		0.59709			4
2024.10.31	01:53:22.148		0.59710			4
2024.10.31	01:53:26.070		0.59711			4
2024.10.31	01:53:27.094		0.59710			4
2024.10.31	01:53:28.064	0.59708	0.59711			6
2024.10.31	01:53:29.082		0.59712			4
2024.10.31	01:53:35.520	0.59709	0.59713			6
2024.10.31	01:53:49.719	0.59712	0.59715			6
2024.10.31	01:53:50.484	0.59711				2
2024.10.31	01:53:53.529		0.59714			4
2024.10.31	01:54:00.365	0.59714	0.59716			6
2024.10.31	01:54:12.360		0.59717			4
2024.10.31	01:54:22.477		0.59716			4
2024.10.31	01:54:24.222	0.59712	0.59715			6
2024.10.31	01:54:26.239	0.59713	0.59716			6
2024.10.31	01:54:30.373	0.59712	0.59715			6
2024.10.31	01:54:32.944	0.59714	0.59716			6
2024.10.31	01:54:33.246		0.59717			4
2024.10.31	01:54:34.458		0.59716			4
2024.10.31	01:54:45.735		0.59717			4
2024.10.31	01:54:46.879		0.59716			4
2024.10.31	01:55:00.383	0.59714				2
2024.10.31	01:55:01.787	0.59715				2
2024.10.31	01:55:02.088	0.59714				2
2024.10.31	01:55:02.958		0.59717			4
2024.10.31	01:55:04.317		0.59716			4
2024.10.31	01:55:05.629	0.59716	0.59717			6
2024.10.31	01:55:05.992	0.59714	0.59716			6
2024.10.31	01:55:07.850		0.59717			4
2024.10.31	01:55:21.683	0.59715				2
2024.10.31	01:55:36.757		0.59718			4
2024.10.31	01:55:41.523		0.59717			4
2024.10.31	01:55:54.518	0.59716	0.59718			6
2024.10.31	01:55:54.825		0.59719			4
2024.10.31	01:56:00.270	0.59716				2
2024.10.31	01:56:22.055	0.59720	0.59723			6
2024.10.31	01:56:22.365	0.59718	0.59721			6
2024.10.31	01:56:26.269	0.59719	0.59722			6
2024.10.31	01:56:29.723	0.59722	0.59725			6
2024.10.31	01:56:32.955		0.59724			4
2024.10.31	01:56:35.668	0.59720	0.59721			6
2024.10.31	01:56:36.709		0.59722			4
2024.10.31	01:56:41.257		0.59723			4
2024.10.31	01:56:44.998		0.59722			4
2024.10.31	01:56:48.345	0.59719				2
2024.10.31	01:56:50.279	0.59720				2
2024.10.31	01:56:50.885	0.59719				2
2024.10.31	01:56:53.782		0.59720			4
2024.10.31	01:56:54.091		0.59722			4
2024.10.31	01:56:54.460	0.59717	0.59720			6
2024.10.31	01:57:00.416	0.59717				2
2024.10.31	01:57:07.581		0.59719			4
2024.10.31	01:57:09.964		0.59720			4
2024.10.31	01:57:10.378		0.59719			4
2024.10.31	01:57:13.947		0.59720			4
2024.10.31	01:57:20.051		0.59719			4
2024.10.31	01:57:26.727	0.59716				2
2024.10.31	01:57:28.130	0.59714	0.59717			6
2024.10.31	01:57:29.123	0.59715	0.59718			6
2024.10.31	01:57:36.345	0.59714	0.59717			6
2024.10.31	01:57:41.439	0.59715	0.59718			6
2024.10.31	01:57:54.163		0.59717			4
2024.10.31	01:58:10.796	0.59714				2
2024.10.31	01:58:12.787		0.59716			4
2024.10.31	01:58:28.258	0.59713				2
2024.10.31	01:58:29.035		0.59717			4
2024.10.31	01:58:41.997		0.59716			4
2024.10.31	01:58:47.931	0.59712	0.59715			6
2024.10.31	01:58:49.884	0.59713	0.59716			6
2024.10.31	01:58:51.664		0.59717			4
2024.10.31	01:58:55.046	0.59714				2
2024.10.31	01:58:58.425	0.59711	0.59715			6
2024.10.31	01:59:00.388	0.59711				2
2024.10.31	01:59:02.111	0.59712				2
2024.10.31	01:59:05.016	0.59711				2
2024.10.31	01:59:07.000	0.59712	0.59716			6
2024.10.31	01:59:07.441		0.59715			4
2024.10.31	01:59:14.835		0.59716			4
2024.10.31	01:59:15.875	0.59713				2
2024.10.31	01:59:22.404	0.59711	0.59714			6
2024.10.31	01:59:25.787	0.59712	0.59715			6
2024.10.31	01:59:30.163	0.59713	0.59717			6
2024.10.31	01:59:31.448		0.59716			4
2024.10.31	01:59:31.755		0.59717			4
2024.10.31	01:59:35.138		0.59716			4
2024.10.31	01:59:38.470	0.59712	0.59715			6
2024.10.31	01:59:40.122	0.59713	0.59716			6
2024.10.31	01:59:49.484	0.59714	0.59717			6
2024.10.31	01:59:51.416	0.59716	0.59718			6
2024.10.31	01:59:53.023	0.59715	0.59717			6
2024.10.31	01:59:57.687	0.59714	0.59716			6
2024.10.31	01:59:58.957		0.59717			4
2024.10.31	01:59:59.708		0.59716			4
2024.10.31	02:00:00.070	0.59714	0.59717			6
2024.10.31	02:00:01.202		0.59716			4
2024.10.31	02:00:05.298	0.59713				2
2024.10.31	02:00:06.363	0.59712	0.59714			6
2024.10.31	02:00:08.380		0.59715			4
2024.10.31	02:00:08.684	0.59711	0.59714			6
2024.10.31	02:00:13.388		0.59713			4
2024.10.31	02:00:15.224		0.59714			4
2024.10.31	02:00:28.084		0.59715			4
2024.10.31	02:00:34.005	0.59712				2
2024.10.31	02:00:40.757		0.59716			4
2024.10.31	02:00:41.086	0.59713				2
2024.10.31	02:00:43.262		0.59715			4
2024.10.31	02:00:44.429	0.59712				2
2024.10.31	02:00:46.026	0.59715	0.59718			6
2024.10.31	02:00:46.688		0.59717			4
2024.10.31	02:00:48.746	0.59716	0.59719			6
2024.10.31	02:00:49.191		0.59720			4
2024.10.31	02:00:50.494	0.59715				2
2024.10.31	02:00:53.130		0.59719			4
2024.10.31	02:00:53.446	0.59716	0.59720			6
2024.10.31	02:00:53.808	0.59715				2
2024.10.31	02:00:59.798	0.59716				2
2024.10.31	02:01:00.400	0.59716				2
2024.10.31	02:01:02.347	0.59715	0.59719			6
2024.10.31	02:01:04.482		0.59720			4
2024.10.31	02:01:15.720	0.59718	0.59721			6
2024.10.31	02:01:17.368	0.59717	0.59720			6
2024.10.31	02:01:18.248	0.59719	0.59722			6
2024.10.31	02:01:21.537	0.59720	0.59723			6
2024.10.31	02:01:30.852	0.59718	0.59720			6
2024.10.31	02:01:31.960	0.59716				2
2024.10.31	02:01:32.913	0.59717				2
2024.10.31	02:01:34.074	0.59716				2
2024.10.31	02:01:34.390	0.59717				2
2024.10.31	02:01:35.190	0.59718	0.59721			6
2024.10.31	02:01:37.555	0.59719				2
2024.10.31	02:01:38.189	0.59718				2
2024.10.31	02:01:39.095	0.59717	0.59720			6
2024.10.31	02:01:43.249	0.59719	0.59721			6
2024.10.31	02:01:46.717	0.59718				2
2024.10.31	02:01:47.053	0.59719				2
2024.10.31	02:01:48.080	0.59718				2
2024.10.31	02:01:49.079	0.59719				2
2024.10.31	02:01:49.401	0.59718				2
2024.10.31	02:02:00.197	0.59718				2
2024.10.31	02:02:00.534	0.59719	0.59722			6
2024.10.31	02:02:13.710	0.59720	0.59723			6
2024.10.31	02:02:15.213	0.59719	0.59722			6
2024.10.31	02:02:22.233	0.59716	0.59720			6
2024.10.31	02:02:30.029		0.59719			4
2024.10.31	02:02:30.839	0.59718	0.59720			6
2024.10.31	02:02:31.223		0.59719			4
2024.10.31	02:02:32.251	0.59716				2
2024.10.31	02:02:35.461	0.59713	0.59717			6
2024.10.31	02:02:36.236	0.59712	0.59715			6
2024.10.31	02:02:36.582		0.59716			4
2024.10.31	02:02:37.867		0.59714			4
2024.10.31	02:02:38.460		0.59715			4
2024.10.31	02:02:43.428		0.59716			4
2024.10.31	02:02:47.741		0.59715			4
2024.10.31	02:02:51.191		0.59714			4
2024.10.31	02:02:53.243		0.59715			4
2024.10.31	02:02:55.069	0.59713				2
2024.10.31	02:02:58.441		0.59714			4
2024.10.31	02:03:00.330	0.59713				2
2024.10.31	02:03:00.661	0.59714	0.59717			6
2024.10.31	02:03:03.141	0.59716	0.59718			6
2024.10.31	02:03:07.649		0.59717			4
2024.10.31	02:03:08.071	0.59718	0.59719			6
2024.10.31	02:03:12.726	0.59720	0.59722			6
2024.10.31	02:03:19.383	0.59721				2
2024.10.31	02:03:19.720		0.59723			4
2024.10.31	02:03:27.880	0.59722	0.59724			6
2024.10.31	02:03:33.181	0.59721				2
2024.10.31	02:03:33.870	0.59722				2
2024.10.31	02:03:35.196		0.59725			4
2024.10.31	02:03:44.757		0.59724			4
2024.10.31	02:03:45.844	0.59721				2
2024.10.31	02:03:47.307	0.59720	0.59723			6
2024.10.31	02:03:50.941	0.59719	0.59722			6
2024.10.31	02:03:53.345		0.59723			4
2024.10.31	02:03:58.551	0.59720				2
2024.10.31	02:03:58.970	0.59719				2
2024.10.31	02:04:00.714	0.59722	0.59724			6
2024.10.31	02:04:01.998		0.59725			4
2024.10.31	02:04:06.777	0.59719	0.59723			6
2024.10.31	02:04:08.049	0.59721	0.59724			6
2024.10.31	02:04:09.264	0.59722	0.59725			6
2024.10.31	02:04:11.906	0.59723				2
2024.10.31	02:04:13.230	0.59724				2
2024.10.31	02:04:13.542	0.59727	0.59729			6
2024.10.31	02:04:17.625	0.59729	0.59732			6
2024.10.31	02:04:25.547	0.59730	0.59733			6
2024.10.31	02:04:35.904	0.59731				2
2024.10.31	02:05:00.591	0.59731				2
2024.10.31	02:05:05.425		0.59732			4
2024.10.31	02:05:23.314		0.59734			4
2024.10.31	02:05:25.350		0.59732			4
2024.10.31	02:05:25.668	0.59732	0.59733			6
2024.10.31	02:05:35.591	0.59730	0.59731			6
2024.10.31	02:05:36.347	0.59728	0.59729			6
2024.10.31	02:05:36.708	0.59731	0.59732			6
2024.10.31	02:05:43.049	0.59732	0.59733			6
2024.10.31	02:05:44.416	0.59733	0.59734			6
2024.10.31	02:05:46.650	0.59734	0.59736			6
2024.10.31	02:05:48.891	0.59733				2
2024.10.31	02:05:52.629		0.59735			4
2024.10.31	02:05:53.671		0.59736			4
2024.10.31	02:05:57.300	0.59734				2
2024.10.31	02:05:57.668		0.59737			4
2024.10.31	02:05:57.972		0.59736			4
2024.10.31	02:06:00.559	0.59734				2
2024.10.31	02:06:13.005	0.59733	0.59735			6
2024.10.31	02:06:13.699	0.59734				2
2024.10.31	02:06:14.064	0.59733				2
2024.10.31	02:06:14.372		0.59736			4
2024.10.31	02:06:16.630		0.59735			4
2024.10.31	02:06:26.048	0.59732	0.59733			6
2024.10.31	02:06:27.465	0.59733	0.59736			6
2024.10.31	02:06:37.622	0.59734				2
2024.10.31	02:06:42.912		0.59735			4
2024.10.31	02:06:43.256		0.59736			4
2024.10.31	02:06:46.588	0.59732	0.59734			6
2024.10.31	02:06:47.236	0.59731				2
2024.10.31	02:06:56.302	0.59733				2
2024.10.31	02:06:56.673	0.59732				2
2024.10.31	02:06:57.011	0.59733				2
2024.10.31	02:06:57.322	0.59731				2
2024.10.31	02:07:00.610	0.59731				2
2024.10.31	02:07:01.047	0.59730				2
2024.10.31	02:07:02.957	0.59731				2
2024.10.31	02:07:07.100	0.59730	0.59733			6
2024.10.31	02:07:07.559		0.59734			4
2024.10.31	02:07:08.615	0.59732				2
2024.10.31	02:07:13.845		0.59735			4
2024.10.31	02:07:21.773		0.59734			4
2024.10.31	02:07:28.981		0.59733			4
2024.10.31	02:07:30.422		0.59734			4
2024.10.31	02:07:36.506	0.59731				2
2024.10.31	02:07:39.482	0.59732	0.59735			6
2024.10.31	02:07:41.694		0.59734			4
2024.10.31	02:07:44.835		0.59735			4
2024.10.31	02:07:46.546		0.59736			4
2024.10.31	02:07:48.631		0.59735			4
2024.10.31	02:07:54.033		0.59734			4
2024.10.31	02:08:00.300	0.59732				2
2024.10.31	02:08:14.951	0.59731	0.59733			6
2024.10.31	02:08:15.931	0.59730	0.59734			6
2024.10.31	02:08:22.749	0.59732				2
2024.10.31	02:08:23.519	0.59730				2
2024.10.31	02:08:28.594		0.59733			4
2024.10.31	02:08:38.460	0.59732	0.59736			6
2024.10.31	02:08:38.783	0.59731	0.59735			6
2024.10.31	02:09:00.645	0.59731				2
2024.10.31	02:09:00.955	0.59734	0.59737			6
2024.10.31	02:09:03.258		0.59736			4
2024.10.31	02:09:09.342	0.59733				2
2024.10.31	02:09:12.099	0.59732	0.59735			6
2024.10.31	02:09:15.943	0.59733	0.59736			6
2024.10.31	02:09:16.370	0.59732				2
2024.10.31	02:09:17.139	0.59733				2
2024.10.31	02:09:17.778	0.59732	0.59735			6
2024.10.31	02:09:18.087		0.59734			4
2024.10.31	02:09:19.144		0.59735			4
2024.10.31	02:09:24.041		0.59734			4
2024.10.31	02:09:28.832	0.59731	0.59733			6
2024.10.31	02:09:33.770		0.59734			4
2024.10.31	02:09:40.055	0.59729	0.59733			6
2024.10.31	02:09:40.823		0.59732			4
2024.10.31	02:09:41.771		0.59733			4
2024.10.31	02:09:42.510	0.59728	0.59732			6
2024.10.31	02:09:46.471	0.59726	0.59731			6
2024.10.31	02:09:49.091	0.59727				2
2024.10.31	02:09:50.361	0.59726	0.59730			6
2024.10.31	02:09:51.830		0.59731			4
2024.10.31	02:10:00.470	0.59726				2
2024.10.31	02:10:39.012		0.59730			4
2024.10.31	02:10:43.282	0.59725	0.59729			6
2024.10.31	02:10:56.433		0.59728			4
2024.10.31	02:11:05.865	0.59725				2
2024.10.31	02:11:10.595		0.59727			4
2024.10.31	02:11:10.898		0.59728			4
2024.10.31	02:11:31.581		0.59729			4
2024.10.31	02:11:39.685	0.59727	0.59731			6
2024.10.31	02:11:41.127		0.59730			4
2024.10.31	02:11:51.239		0.59731			4
2024.10.31	02:11:57.314		0.59730			4
2024.10.31	02:12:02.848	0.59728	0.59731			6
2024.10.31	02:12:03.263	0.59726	0.59730			6
2024.10.31	02:12:08.279	0.59727				2
2024.10.31	02:12:09.765		0.59731			4
2024.10.31	02:12:14.368	0.59725	0.59728			6
2024.10.31	02:12:17.701	0.59726	0.59730			6
2024.10.31	02:12:21.120	0.59725	0.59729			6
2024.10.31	02:12:39.135		0.59730			4
2024.10.31	02:12:44.015	0.59722	0.59726			6
2024.10.31	02:12:50.167		0.59725			4
2024.10.31	02:12:50.558		0.59726			4
2024.10.31	02:12:50.863	0.59721				2
2024.10.31	02:13:00.467	0.59721				2
2024.10.31	02:13:01.006		0.59725			4
2024.10.31	02:13:22.279		0.59726			4
2024.10.31	02:14:00.378	0.59721				2
2024.10.31	02:14:15.152	0.59722				2
2024.10.31	02:14:30.942	0.59726	0.59730			6
2024.10.31	02:14:49.784		0.59729			4
2024.10.31	02:14:50.091		0.59730			4
2024.10.31	02:15:00.457	0.59726				2
2024.10.31	02:15:01.234	0.59727				2
2024.10.31	02:15:05.917	0.59724	0.59728			6
2024.10.31	02:15:22.843	0.59725	0.59729			6
2024.10.31	02:15:33.010	0.59726	0.59730			6
2024.10.31	02:15:42.611		0.59731			4
2024.10.31	02:15:44.472		0.59730			4
2024.10.31	02:15:44.821		0.59731			4
2024.10.31	02:15:47.485		0.59730			4
2024.10.31	02:15:52.143		0.59731			4
2024.10.31	02:15:57.993		0.59730			4
2024.10.31	02:16:00.075	0.59726				2
2024.10.31	02:16:01.877	0.59727	0.59731			6
2024.10.31	02:16:02.723	0.59726				2
2024.10.31	02:16:05.431	0.59727				2
2024.10.31	02:16:05.747	0.59725	0.59729			6
2024.10.31	02:16:17.861	0.59726				2
2024.10.31	02:16:25.767		0.59730			4
2024.10.31	02:16:46.648	0.59724	0.59728			6
2024.10.31	02:16:47.749		0.59727			4
2024.10.31	02:16:59.481	0.59723	0.59725			6
2024.10.31	02:17:00.693	0.59723				2
2024.10.31	02:17:04.762	0.59722				2
2024.10.31	02:17:25.292		0.59726			4
2024.10.31	02:17:30.766		0.59725			4
2024.10.31	02:17:51.930		0.59726			4
2024.10.31	02:18:00.626	0.59722				2
2024.10.31	02:18:02.109		0.59725			4
2024.10.31	02:18:02.919		0.59724			4
2024.10.31	02:18:16.910		0.59726			4
2024.10.31	02:18:18.050	0.59723				2
2024.10.31	02:18:19.038	0.59726	0.59729			6
2024.10.31	02:18:36.423		0.59728			4
2024.10.31	02:18:38.262	0.59724	0.59727			6
2024.10.31	02:18:38.582	0.59723				2
2024.10.31	02:18:39.674	0.59724				2
2024.10.31	02:18:43.282	0.59723				2
2024.10.31	02:18:45.130	0.59724				2
2024.10.31	02:18:45.521	0.59722	0.59726			6
2024.10.31	02:19:00.559	0.59722				2
2024.10.31	02:19:05.477	0.59723				2
2024.10.31	02:19:07.548	0.59722				2
2024.10.31	02:19:15.902	0.59723				2
2024.10.31	02:19:20.206	0.59722				2
2024.10.31	02:19:29.250	0.59725	0.59728			6
2024.10.31	02:19:40.502	0.59724	0.59727			6
2024.10.31	02:19:43.428		0.59728			4
2024.10.31	02:19:58.262		0.59727			4
2024.10.31	02:20:00.435	0.59724				2
2024.10.31	02:20:01.374	0.59723	0.59726			6
2024.10.31	02:20:01.685	0.59722	0.59725			6
2024.10.31	02:20:10.808		0.59727			4
2024.10.31	02:20:12.382	0.59723				2
2024.10.31	02:20:19.553		0.59726			4
2024.10.31	02:20:20.692	0.59722	0.59725			6
2024.10.31	02:20:23.897		0.59726			4
2024.10.31	02:20:24.248		0.59725			4
2024.10.31	02:20:28.254	0.59721	0.59724			6
2024.10.31	02:20:31.502	0.59720				2
2024.10.31	02:20:35.622	0.59716	0.59719			6
2024.10.31	02:20:36.349	0.59715	0.59718			6
2024.10.31	02:20:39.486		0.59719			4
2024.10.31	02:20:54.596	0.59717	0.59721			6
2024.10.31	02:20:59.850	0.59718	0.59722			6
2024.10.31	02:21:00.932	0.59718				2
2024.10.31	02:21:27.795		0.59721			4
2024.10.31	02:21:33.959	0.59717				2
2024.10.31	02:21:35.454		0.59720			4
2024.10.31	02:21:35.846		0.59721			4
2024.10.31	02:21:43.649		0.59719			4
2024.10.31	02:21:43.976	0.59716				2
2024.10.31	02:22:09.303	0.59716				2
2024.10.31	02:22:09.751		0.59718			4
2024.10.31	02:22:10.057		0.59719			4
2024.10.31	02:22:11.122	0.59715	0.59720			6
2024.10.31	02:22:11.430		0.59719			4
2024.10.31	02:22:12.941	0.59714				2
2024.10.31	02:22:13.835		0.59718			4
2024.10.31	02:22:14.141		0.59719			4
2024.10.31	02:22:15.165		0.59718			4
2024.10.31	02:22:16.270		0.59719			4
2024.10.31	02:22:25.132		0.59718			4
2024.10.31	02:22:26.767		0.59719			4
2024.10.31	02:22:32.853		0.59718			4
2024.10.31	02:22:40.970		0.59719			4
2024.10.31	02:22:44.349	0.59713	0.59716			6
2024.10.31	02:22:44.656	0.59712				2
2024.10.31	02:22:45.120		0.59717			4
2024.10.31	02:22:45.916		0.59715			4
2024.10.31	02:22:47.898		0.59716			4
2024.10.31	02:22:52.826	0.59714	0.59718			6
2024.10.31	02:22:55.676	0.59713	0.59717			6
2024.10.31	02:23:00.046	0.59713				2
2024.10.31	02:23:06.456		0.59716			4
2024.10.31	02:23:12.939		0.59717			4
2024.10.31	02:23:13.326		0.59716			4
2024.10.31	02:23:21.426	0.59715	0.59718			6
2024.10.31	02:23:23.473	0.59714				2
2024.10.31	02:23:25.337	0.59715				2
2024.10.31	02:23:25.729	0.59714				2
2024.10.31	02:23:34.235	0.59713	0.59716			6
2024.10.31	02:23:35.132		0.59715			4
2024.10.31	02:23:36.273		0.59717			4
2024.10.31	02:23:39.568	0.59714				2
2024.10.31	02:23:40.841		0.59718			4
2024.10.31	02:23:53.230	0.59715				2
2024.10.31	02:23:56.974	0.59717	0.59720			6
2024.10.31	02:24:00.268	0.59717				2
2024.10.31	02:24:03.391	0.59716	0.59718			6
2024.10.31	02:24:41.637	0.59715	0.59717			6
2024.10.31	02:24:43.948		0.59718			4
2024.10.31	02:24:46.702	0.59714	0.59716			6
2024.10.31	02:24:58.210	0.59713	0.59715			6
2024.10.31	02:25:00.593	0.59713				2
2024.10.31	02:25:31.353	0.59715	0.59718			6
2024.10.31	02:25:48.283		0.59719			4
2024.10.31	02:25:50.161		0.59718			4
2024.10.31	02:25:54.789		0.59719			4
2024.10.31	02:25:55.186		0.59718			4
2024.10.31	02:25:56.179		0.59719			4
2024.10.31	02:25:58.440	0.59716	0.59720			6
2024.10.31	02:25:58.744	0.59717				2
2024.10.31	02:25:59.822	0.59716				2
2024.10.31	02:26:00.133	0.59716				2
2024.10.31	02:26:07.119		0.59719			4
2024.10.31	02:26:08.129		0.59720			4
2024.10.31	02:26:21.343	0.59717	0.59722			6
2024.10.31	02:26:31.212	0.59718				2
2024.10.31	02:26:31.787		0.59721			4
2024.10.31	02:26:36.993		0.59722			4
2024.10.31	02:26:42.075		0.59721			4
2024.10.31	02:26:42.378	0.59717				2
2024.10.31	02:26:44.222		0.59722			4
2024.10.31	02:26:50.902	0.59718	0.59721			6
2024.10.31	02:26:51.207	0.59721	0.59724			6
2024.10.31	02:26:51.570		0.59723			4
2024.10.31	02:26:58.023	0.59719				2
2024.10.31	02:26:58.889	0.59717	0.59721			6
2024.10.31	02:27:00.039	0.59717				2
2024.10.31	02:27:11.201	0.59721	0.59724			6
2024.10.31	02:27:11.508	0.59722	0.59727			6
2024.10.31	02:27:17.731	0.59721	0.59724			6
2024.10.31	02:27:21.206	0.59724	0.59727			6
2024.10.31	02:27:29.164		0.59728			4
2024.10.31	02:27:35.524	0.59723	0.59726			6
2024.10.31	02:27:38.946	0.59722	0.59727			6
2024.10.31	02:27:51.337	0.59721	0.59724			6
2024.10.31	02:28:04.349	0.59721				2
2024.10.31	02:28:10.886		0.59725			4
2024.10.31	02:28:24.918		0.59726			4
2024.10.31	02:28:29.040	0.59724	0.59728			6
2024.10.31	02:28:29.352	0.59725	0.59729			6
2024.10.31	02:28:30.519		0.59728			4
2024.10.31	02:28:32.370	0.59724				2
2024.10.31	02:28:34.454	0.59725	0.59729			6
2024.10.31	02:28:34.775		0.59730			4
2024.10.31	02:28:43.948		0.59729			4
2024.10.31	02:28:44.997	0.59724	0.59728			6
2024.10.31	02:28:47.270	0.59723	0.59726			6
2024.10.31	02:28:48.230		0.59728			4
2024.10.31	02:28:49.079	0.59722	0.59727			6
2024.10.31	02:28:51.671	0.59732	0.59736			6
2024.10.31	02:28:51.986	0.59733	0.59737			6
2024.10.31	02:28:52.307		0.59735			4
2024.10.31	02:28:57.420	0.59730	0.59734			6
2024.10.31	02:28:57.737	0.59731				2
2024.10.31	02:29:00.354	0.59731				2
2024.10.31	02:29:02.668	0.59733	0.59736			6
2024.10.31	02:29:04.078	0.59734	0.59737			6
2024.10.31	02:29:09.348	0.59737	0.59739			6
2024.10.31	02:29:10.452		0.59740			4
2024.10.31	02:29:12.350	0.59738				2
2024.10.31	02:29:12.669	0.59740	0.59742			6
2024.10.31	02:29:14.407	0.59739				2
2024.10.31	02:29:14.781	0.59740				2
2024.10.31	02:29:18.033	0.59741				2
2024.10.31	02:29:23.691	0.59743	0.59744			6
2024.10.31	02:29:24.361	0.59742				2
2024.10.31	02:29:24.991		0.59745			4
2024.10.31	02:29:25.408	0.59741				2
2024.10.31	02:29:25.933	0.59742				2
2024.10.31	02:29:29.611		0.59746			4
2024.10.31	02:29:30.139	0.59743				2
2024.10.31	02:29:30.458	0.59742				2
2024.10.31	02:29:32.094		0.59745			4
2024.10.31	02:29:32.578	0.59740	0.59744			6
2024.10.31	02:29:35.314		0.59743			4
2024.10.31	02:29:37.524	0.59741	0.59744			6
2024.10.31	02:29:37.834	0.59742	0.59746			6
2024.10.31	02:29:38.150	0.59743				2
2024.10.31	02:29:48.321		0.59745			4
2024.10.31	02:29:49.433	0.59740	0.59743			6
2024.10.31	02:29:50.631		0.59744			4
2024.10.31	02:29:53.616		0.59743			4
2024.10.31	02:29:54.958		0.59744			4
2024.10.31	02:29:56.647	0.59742	0.59745			6
2024.10.31	02:29:58.268	0.59741	0.59743			6
2024.10.31	02:30:00.137	0.59741				2
2024.10.31	02:30:07.088	0.59740				2
2024.10.31	02:30:15.617		0.59744			4
2024.10.31	02:30:18.696		0.59743			4
2024.10.31	02:30:19.697		0.59744			4
2024.10.31	02:30:20.072		0.59743			4
2024.10.31	02:30:22.401		0.59744			4
2024.10.31	02:30:25.721	0.59739	0.59742			6
2024.10.31	02:30:43.981	0.59741	0.59743			6
2024.10.31	02:30:44.292		0.59744			4
2024.10.31	02:30:56.553	0.59742				2
2024.10.31	02:30:56.904	0.59741				2
2024.10.31	02:30:59.899	0.59738	0.59740			6
2024.10.31	02:31:00.847	0.59736	0.59738			6
2024.10.31	02:31:01.611	0.59738	0.59739			6
2024.10.31	02:31:01.977	0.59736				2
2024.10.31	02:31:04.316		0.59738			4
2024.10.31	02:31:05.204		0.59739			4
2024.10.31	02:31:05.574		0.59738			4
2024.10.31	02:31:09.956		0.59739			4
2024.10.31	02:31:10.472	0.59735				2
2024.10.31	02:31:13.342	0.59736				2
2024.10.31	02:31:15.357	0.59735				2
2024.10.31	02:31:20.104	0.59736				2
2024.10.31	02:31:21.823	0.59735				2
2024.10.31	02:31:22.468		0.59738			4
2024.10.31	02:31:25.722		0.59739			4
2024.10.31	02:31:27.991	0.59736				2
2024.10.31	02:31:55.940	0.59737	0.59740			6
2024.10.31	02:31:56.284	0.59736	0.59739			6
2024.10.31	02:31:57.308	0.59737				2
2024.10.31	02:32:00.684	0.59736				2
2024.10.31	02:32:04.084	0.59737				2
2024.10.31	02:32:05.191	0.59738	0.59740			6
2024.10.31	02:32:05.884	0.59736	0.59738			6
2024.10.31	02:32:06.186	0.59735				2
2024.10.31	02:32:06.535	0.59736				2
2024.10.31	02:32:15.459	0.59731	0.59734			6
2024.10.31	02:32:17.837	0.59733	0.59736			6
2024.10.31	02:32:32.099	0.59731	0.59734			6
2024.10.31	02:32:43.560		0.59733			4
2024.10.31	02:32:45.267		0.59734			4
2024.10.31	02:33:00.355	0.59731				2
2024.10.31	02:33:01.447	0.59733	0.59735			6
2024.10.31	02:33:04.313	0.59731	0.59734			6
2024.10.31	02:33:14.426	0.59736	0.59737			6
2024.10.31	02:33:14.727	0.59735	0.59738			6
2024.10.31	02:33:15.932	0.59734				2
2024.10.31	02:33:16.875	0.59735				2
2024.10.31	02:33:17.489	0.59733	0.59736			6
2024.10.31	02:33:48.864	0.59731	0.59734			6
2024.10.31	02:33:59.273	0.59733	0.59736			6
2024.10.31	02:34:00.431	0.59733				2
2024.10.31	02:34:04.232	0.59734				2
2024.10.31	02:34:13.324	0.59736	0.59737			6
2024.10.31	02:34:13.632	0.59734	0.59736			6
2024.10.31	02:34:18.073	0.59732	0.59735			6
2024.10.31	02:34:18.375	0.59730	0.59733			6
2024.10.31	02:34:19.732		0.59732			4
2024.10.31	02:34:21.268		0.59733			4
2024.10.31	02:34:22.406		0.59732			4
2024.10.31	02:34:23.915	0.59731	0.59733			6
2024.10.31	02:34:29.615	0.59730	0.59731			6
2024.10.31	02:34:29.928	0.59728				2
2024.10.31	02:34:32.274	0.59733	0.59734			6
2024.10.31	02:34:32.585	0.59732	0.59735			6
2024.10.31	02:34:45.606	0.59733				2
2024.10.31	02:34:56.284	0.59732	0.59734			6
2024.10.31	02:34:58.197	0.59730	0.59732			6
2024.10.31	02:35:00.834	0.59730				2
2024.10.31	02:35:01.938	0.59731	0.59733			6
2024.10.31	02:35:07.741	0.59730				2
2024.10.31	02:35:10.494	0.59731				2
2024.10.31	02:35:32.657	0.59733	0.59736			6
2024.10.31	02:35:36.536		0.59735			4
2024.10.31	02:35:37.550		0.59736			4
2024.10.31	02:35:49.247	0.59734				2
2024.10.31	02:36:01.247	0.59733				2
2024.10.31	02:36:04.369		0.59735			4
2024.10.31	02:36:13.888	0.59731	0.59736			6
2024.10.31	02:36:24.853	0.59730	0.59735			6
2024.10.31	02:36:41.507	0.59728	0.59733			6
2024.10.31	02:36:48.149	0.59727	0.59732			6
2024.10.31	02:36:55.499	0.59726	0.59730			6
2024.10.31	02:37:00.334	0.59726				2
2024.10.31	02:37:02.522	0.59727	0.59731			6
2024.10.31	02:37:02.845	0.59726	0.59730			6
2024.10.31	02:37:04.815	0.59722	0.59725			6
2024.10.31	02:37:05.126	0.59721				2
2024.10.31	02:37:05.512	0.59722				2
2024.10.31	02:37:17.766	0.59724				2
2024.10.31	02:37:18.080	0.59722				2
2024.10.31	02:37:20.537	0.59718	0.59722			6
2024.10.31	02:37:21.950	0.59719				2
2024.10.31	02:37:23.946	0.59717	0.59720			6
2024.10.31	02:37:25.581	0.59716	0.59719			6
2024.10.31	02:37:31.817	0.59718	0.59721			6
2024.10.31	02:37:34.628	0.59720	0.59723			6
2024.10.31	02:37:47.561	0.59719	0.59722			6
2024.10.31	02:38:01.182	0.59719				2
2024.10.31	02:38:03.959	0.59718	0.59719			6
2024.10.31	02:38:04.262	0.59719	0.59722			6
2024.10.31	02:38:07.105		0.59720			4
2024.10.31	02:38:07.415	0.59717				2
2024.10.31	02:38:10.667		0.59719			4
2024.10.31	02:38:12.850		0.59718			4
2024.10.31	02:38:13.430	0.59714	0.59715			6
2024.10.31	02:38:13.737	0.59712	0.59713			6
2024.10.31	02:38:14.984		0.59714			4
2024.10.31	02:38:17.072		0.59715			4
2024.10.31	02:38:21.250	0.59713	0.59716			6
2024.10.31	02:38:21.551		0.59715			4
2024.10.31	02:38:24.701	0.59712				2
2024.10.31	02:38:28.628	0.59713				2
2024.10.31	02:38:34.588		0.59716			4
2024.10.31	02:38:50.470		0.59715			4
2024.10.31	02:38:52.784	0.59712				2
2024.10.31	02:38:53.425	0.59713				2
2024.10.31	02:38:53.855	0.59712				2
2024.10.31	02:38:54.356	0.59713				2
2024.10.31	02:38:55.714	0.59715	0.59718			6
2024.10.31	02:38:56.535		0.59717			4
2024.10.31	02:38:57.130	0.59714				2
2024.10.31	02:38:59.369	0.59715				2
2024.10.31	02:39:00.058	0.59715				2
2024.10.31	02:39:01.300	0.59714				2
2024.10.31	02:39:04.179	0.59716	0.59719			6
2024.10.31	02:39:06.383	0.59715	0.59717			6
2024.10.31	02:39:07.447	0.59714				2
2024.10.31	02:39:14.057	0.59715				2
2024.10.31	02:39:14.381	0.59714				2
2024.10.31	02:39:17.409	0.59715				2
2024.10.31	02:39:17.745	0.59714				2
2024.10.31	02:39:18.054	0.59717	0.59719			6
2024.10.31	02:39:18.368	0.59715	0.59717			6
2024.10.31	02:39:19.441	0.59714				2
2024.10.31	02:39:34.734	0.59715				2
2024.10.31	02:39:37.447	0.59714				2
2024.10.31	02:39:38.501		0.59716			4
2024.10.31	02:39:39.051		0.59717			4
2024.10.31	02:39:45.265		0.59716			4
2024.10.31	02:39:50.352		0.59717			4
2024.10.31	02:39:50.720	0.59716	0.59719			6
2024.10.31	02:40:00.232	0.59716				2
2024.10.31	02:40:15.273	0.59715	0.59720			6
2024.10.31	02:40:15.607	0.59716	0.59719			6
2024.10.31	02:40:17.775	0.59713	0.59718			6
2024.10.31	02:40:18.094	0.59712	0.59717			6
2024.10.31	02:40:20.916	0.59711	0.59715			6
2024.10.31	02:41:00.559	0.59711				2
2024.10.31	02:41:03.266		0.59716			4
2024.10.31	02:41:09.268		0.59715			4
2024.10.31	02:41:11.313		0.59716			4
2024.10.31	02:41:13.938		0.59715			4
2024.10.31	02:41:15.947	0.59712	0.59716			6
2024.10.31	02:41:18.053	0.59711	0.59715			6
2024.10.31	02:41:31.710	0.59712				2
2024.10.31	02:42:03.765	0.59711				2
2024.10.31	02:42:04.580	0.59712				2
2024.10.31	02:42:21.155		0.59715			4
2024.10.31	02:42:30.867	0.59711				2
2024.10.31	02:42:31.183	0.59712				2
2024.10.31	02:42:32.619	0.59711	0.59714			6
2024.10.31	02:42:38.013	0.59708	0.59710			6
2024.10.31	02:42:38.334	0.59709	0.59712			6
2024.10.31	02:42:38.989		0.59711			4
2024.10.31	02:42:42.548		0.59712			4
2024.10.31	02:42:49.324	0.59712	0.59714			6
2024.10.31	02:42:51.464	0.59711				2
2024.10.31	02:43:00.457	0.59710				2
2024.10.31	02:43:04.942	0.59709				2
2024.10.31	02:43:05.263	0.59708	0.59712			6
2024.10.31	02:43:30.502	0.59710	0.59713			6
2024.10.31	02:43:55.706	0.59711	0.59714			6
2024.10.31	02:43:56.355		0.59715			4
2024.10.31	02:44:00.700	0.59711				2
2024.10.31	02:44:10.729	0.59712	0.59716			6
2024.10.31	02:44:11.031	0.59711				2
2024.10.31	02:44:14.209		0.59715			4
2024.10.31	02:44:14.540		0.59716			4
2024.10.31	02:44:15.525		0.59715			4
2024.10.31	02:44:17.888	0.59712				2
2024.10.31	02:44:26.686	0.59711	0.59716			6
2024.10.31	02:44:33.858	0.59707	0.59711			6
2024.10.31	02:44:42.050	0.59711	0.59714			6
2024.10.31	02:44:42.366		0.59715			4
2024.10.31	02:44:48.187	0.59714	0.59717			6
2024.10.31	02:44:49.577	0.59713				2
2024.10.31	02:44:51.824	0.59714	0.59718			6
2024.10.31	02:44:53.833	0.59715				2
2024.10.31	02:44:54.188	0.59714				2
2024.10.31	02:44:55.574	0.59713	0.59716			6
2024.10.31	02:44:58.298	0.59712	0.59715			6
2024.10.31	02:45:00.652	0.59712				2
2024.10.31	02:45:01.358	0.59714	0.59716			6
2024.10.31	02:45:08.832		0.59717			4
2024.10.31	02:45:10.798	0.59713				2
2024.10.31	02:45:11.232	0.59715	0.59718			6
2024.10.31	02:45:11.538	0.59716	0.59719			6
2024.10.31	02:45:15.235	0.59715	0.59718			6
2024.10.31	02:45:16.335	0.59713	0.59716			6
2024.10.31	02:45:16.642		0.59715			4
2024.10.31	02:45:16.953		0.59716			4
2024.10.31	02:45:21.369	0.59715	0.59718			6
2024.10.31	02:45:24.244	0.59716	0.59719			6
2024.10.31	02:45:27.027	0.59713	0.59716			6
2024.10.31	02:45:27.334	0.59712	0.59715			6
2024.10.31	02:45:35.315	0.59711				2
2024.10.31	02:45:38.618		0.59714			4
2024.10.31	02:45:38.981	0.59715	0.59718			6
2024.10.31	02:45:40.463	0.59713	0.59716			6
2024.10.31	02:45:51.364	0.59715	0.59718			6
2024.10.31	02:45:51.666	0.59714	0.59717			6
2024.10.31	02:45:52.914	0.59713	0.59716			6
2024.10.31	02:45:55.992	0.59714				2
2024.10.31	02:46:00.748	0.59714				2
2024.10.31	02:46:29.395	0.59713				2
2024.10.31	02:46:29.704	0.59716	0.59719			6
2024.10.31	02:46:35.544		0.59718			4
2024.10.31	02:46:50.497		0.59719			4
2024.10.31	02:46:51.726		0.59717			4
2024.10.31	02:46:52.130		0.59719			4
2024.10.31	02:46:53.856	0.59717				2
2024.10.31	02:46:54.163	0.59716				2
2024.10.31	02:46:55.548	0.59717				2
2024.10.31	02:46:57.123	0.59716				2
2024.10.31	02:47:00.188	0.59716				2
2024.10.31	02:47:01.328	0.59717				2
2024.10.31	02:47:03.216	0.59714	0.59716			6
2024.10.31	02:47:13.359	0.59712	0.59715			6
2024.10.31	02:47:17.104		0.59716			4
2024.10.31	02:47:18.015		0.59715			4
2024.10.31	02:47:20.223	0.59713	0.59716			6
2024.10.31	02:47:20.543		0.59714			4
2024.10.31	02:47:22.103	0.59712				2
2024.10.31	02:47:37.629	0.59713				2
2024.10.31	02:47:41.359	0.59712				2
2024.10.31	02:47:42.558	0.59713	0.59715			6
2024.10.31	02:47:42.933		0.59714			4
2024.10.31	02:47:43.701		0.59715			4
2024.10.31	02:47:44.024	0.59712	0.59714			6
2024.10.31	02:47:56.085		0.59715			4
2024.10.31	02:47:57.222	0.59713				2
2024.10.31	02:47:58.365		0.59716			4
2024.10.31	02:48:00.399	0.59712	0.59714			6
2024.10.31	02:48:02.375	0.59711				2
2024.10.31	02:48:10.266		0.59715			4
2024.10.31	02:48:21.700	0.59712				2
2024.10.31	02:48:42.393		0.59714			4
2024.10.31	02:48:47.079	0.59711				2
2024.10.31	02:48:47.427	0.59712				2
2024.10.31	02:48:49.595		0.59713			4
2024.10.31	02:48:50.035		0.59715			4
2024.10.31	02:48:50.792		0.59713			4
2024.10.31	02:48:51.131		0.59715			4
2024.10.31	02:48:51.833	0.59711	0.59713			6
2024.10.31	02:48:52.170		0.59714			4
2024.10.31	02:48:54.168		0.59713			4
2024.10.31	02:48:54.492		0.59714			4
2024.10.31	02:48:54.943		0.59713			4
2024.10.31	02:48:55.451		0.59714			4
2024.10.31	02:49:00.594	0.59711				2
2024.10.31	02:49:00.917	0.59712				2
2024.10.31	02:49:11.361	0.59713				2
2024.10.31	02:49:11.667	0.59714	0.59716			6
2024.10.31	02:49:12.629		0.59715			4
2024.10.31	02:49:21.368	0.59713	0.59714			6
2024.10.31	02:49:21.892	0.59714	0.59715			6
2024.10.31	02:49:25.405	0.59712	0.59714			6
2024.10.31	02:49:31.018		0.59715			4
2024.10.31	02:49:31.357	0.59714	0.59716			6
2024.10.31	02:49:47.102		0.59717			4
2024.10.31	02:50:00.187	0.59712				2
2024.10.31	02:50:02.372	0.59714				2
2024.10.31	02:50:03.697	0.59713				2
2024.10.31	02:50:07.465		0.59716			4
2024.10.31	02:50:11.542		0.59715			4
2024.10.31	02:50:12.615		0.59716			4
2024.10.31	02:50:16.957		0.59715			4
2024.10.31	02:50:21.342	0.59714				2
2024.10.31	02:50:25.048	0.59713				2
2024.10.31	02:50:31.365	0.59712				2
2024.10.31	02:50:31.697	0.59710	0.59713			6
2024.10.31	02:50:37.473	0.59711	0.59714			6
2024.10.31	02:50:40.974	0.59712				2
2024.10.31	02:50:41.301	0.59711				2
2024.10.31	02:50:41.885		0.59713			4
2024.10.31	02:50:42.399		0.59714			4
2024.10.31	02:50:49.559	0.59712				2
2024.10.31	02:50:51.140		0.59715			4
2024.10.31	02:50:53.716	0.59711	0.59714			6
2024.10.31	02:50:54.917	0.59709	0.59712			6
2024.10.31	02:50:55.227	0.59707	0.59710			6
2024.10.31	02:50:57.559		0.59709			4
2024.10.31	02:51:00.196	0.59707				2
2024.10.31	02:51:00.569		0.59710			4
2024.10.31	02:51:11.369	0.59709	0.59711			6
2024.10.31	02:51:19.113	0.59708				2
2024.10.31	02:51:21.122		0.59710			4
2024.10.31	02:51:21.462		0.59711			4
2024.10.31	02:51:27.183	0.59707	0.59710			6
2024.10.31	02:51:30.276		0.59709			4
2024.10.31	02:51:36.958		0.59710			4
2024.10.31	02:51:40.439	0.59708				2
2024.10.31	02:51:47.845		0.59711			4
2024.10.31	02:51:49.704	0.59710				2
2024.10.31	02:51:50.034	0.59709				2
2024.10.31	02:51:55.144	0.59708				2
2024.10.31	02:51:55.625	0.59709				2
2024.10.31	02:51:59.430	0.59708				2
2024.10.31	02:52:00.138	0.59709				2
2024.10.31	02:52:00.470	0.59708				2
