<DATE>	<TIME>	<BID>	<ASK>	<LAST>	<VOLUME>	<FLAGS>
2024.09.09	00:00:00.501	0.61709	0.61800			6
2024.09.09	00:00:01.079	0.61708	0.61799			6
2024.09.09	00:00:31.405		0.61784			4
2024.09.09	00:01:01.014	0.61708				2
2024.09.09	00:01:06.838	0.61744	0.61944			6
2024.09.09	00:01:08.004	0.61709	0.61794			6
2024.09.09	00:01:27.400	0.61708	0.61789			6
2024.09.09	00:02:03.045	0.61708				2
2024.09.09	00:02:27.437		0.61789			4
2024.09.09	00:03:01.650	0.61708				2
2024.09.09	00:03:27.453		0.61789			4
2024.09.09	00:04:00.782	0.61708				2
2024.09.09	00:04:21.349	0.61712				2
2024.09.09	00:04:31.587		0.61789			4
2024.09.09	00:04:54.044	0.61715				2
2024.09.09	00:04:58.087	0.61719				2
2024.09.09	00:05:10.569	0.61719				2
2024.09.09	00:05:20.867	0.61726				2
2024.09.09	00:05:25.988	0.61725				2
2024.09.09	00:05:29.599	0.61738	0.61834			6
2024.09.09	00:05:30.078	0.61740				2
2024.09.09	00:05:32.610		0.61835			4
2024.09.09	00:05:42.700		0.61834			4
2024.09.09	00:05:46.061	0.61739				2
2024.09.09	00:05:47.805	0.61728				2
2024.09.09	00:05:55.199	0.61734	0.61846			6
2024.09.09	00:05:58.340	0.61733				2
2024.09.09	00:06:00.446	0.61733				2
2024.09.09	00:06:01.024	0.61730	0.61843			6
2024.09.09	00:06:21.146	0.61729				2
2024.09.09	00:06:24.193		0.61815			4
2024.09.09	00:06:46.188	0.61714	0.61814			6
2024.09.09	00:06:51.199		0.61813			4
2024.09.09	00:06:58.369		0.61808			4
2024.09.09	00:07:11.740	0.61714				2
2024.09.09	00:07:39.804		0.61813			4
2024.09.09	00:07:40.863		0.61808			4
2024.09.09	00:07:58.716		0.61800			4
2024.09.09	00:08:00.488	0.61727				2
2024.09.09	00:08:01.348	0.61726				2
2024.09.09	00:08:13.057	0.61727				2
2024.09.09	00:08:32.200	0.61730	0.61808			6
2024.09.09	00:08:35.409	0.61729				2
2024.09.09	00:08:54.189		0.61802			4
2024.09.09	00:09:01.554	0.61729				2
2024.09.09	00:09:09.161		0.61799			4
2024.09.09	00:09:29.840	0.61730				2
2024.09.09	00:09:37.918		0.61800			4
2024.09.09	00:09:53.333	0.61729				2
2024.09.09	00:09:54.278		0.61798			4
2024.09.09	00:09:56.367		0.61814			4
2024.09.09	00:10:00.461	0.61729				2
2024.09.09	00:10:06.485		0.61812			4
2024.09.09	00:10:08.844	0.61734				2
2024.09.09	00:10:11.449		0.61810			4
2024.09.09	00:10:13.106	0.61729	0.61816			6
2024.09.09	00:10:14.907		0.61808			4
2024.09.09	00:10:31.719		0.61818			4
2024.09.09	00:10:32.250		0.61822			4
2024.09.09	00:10:38.631	0.61726	0.61820			6
2024.09.09	00:10:39.699	0.61725				2
2024.09.09	00:10:41.845	0.61724	0.61819			6
2024.09.09	00:10:47.790		0.61818			4
2024.09.09	00:10:51.058		0.61819			4
2024.09.09	00:10:51.978	0.61725				2
2024.09.09	00:10:53.189	0.61724				2
2024.09.09	00:10:54.387		0.61818			4
2024.09.09	00:10:55.591	0.61723				2
2024.09.09	00:11:00.995	0.61723				2
2024.09.09	00:11:02.637		0.61817			4
2024.09.09	00:11:06.634	0.61722	0.61812			6
2024.09.09	00:11:11.691		0.61810			4
2024.09.09	00:11:17.108	0.61721				2
2024.09.09	00:11:18.974	0.61722				2
2024.09.09	00:11:22.353	0.61721	0.61807			6
2024.09.09	00:11:28.889		0.61804			4
2024.09.09	00:11:32.496	0.61720	0.61801			6
2024.09.09	00:11:32.972	0.61726	0.61820			6
2024.09.09	00:11:34.022	0.61724	0.61818			6
2024.09.09	00:11:42.625	0.61723	0.61808			6
2024.09.09	00:11:43.888	0.61724				2
2024.09.09	00:11:47.787	0.61723				2
2024.09.09	00:11:50.335		0.61807			4
2024.09.09	00:11:52.766	0.61722	0.61808			6
2024.09.09	00:11:54.755		0.61806			4
2024.09.09	00:11:57.094	0.61721	0.61805			6
2024.09.09	00:11:59.637		0.61804			4
2024.09.09	00:12:00.993	0.61721				2
2024.09.09	00:12:04.288	0.61720	0.61798			6
2024.09.09	00:12:05.587	0.61727				2
2024.09.09	00:12:11.885		0.61796			4
2024.09.09	00:12:14.641	0.61726	0.61794			6
2024.09.09	00:12:19.546	0.61724				2
2024.09.09	00:12:21.388	0.61725				2
2024.09.09	00:12:25.406	0.61724	0.61795			6
2024.09.09	00:12:30.089	0.61725				2
2024.09.09	00:12:47.187	0.61726				2
2024.09.09	00:12:47.746		0.61797			4
2024.09.09	00:12:56.130	0.61724	0.61791			6
2024.09.09	00:13:00.692	0.61724				2
2024.09.09	00:13:47.572	0.61725				2
2024.09.09	00:13:51.088	0.61726				2
2024.09.09	00:13:56.788		0.61791			4
2024.09.09	00:13:58.966	0.61724				2
2024.09.09	00:14:00.693	0.61724				2
2024.09.09	00:14:02.119	0.61729	0.61795			6
2024.09.09	00:14:04.125		0.61796			4
2024.09.09	00:14:22.293		0.61795			4
2024.09.09	00:15:00.688	0.61729				2
2024.09.09	00:15:03.493		0.61803			4
2024.09.09	00:15:14.144		0.61802			4
2024.09.09	00:15:15.462		0.61801			4
2024.09.09	00:15:25.587		0.61799			4
2024.09.09	00:15:49.139	0.61724	0.61796			6
2024.09.09	00:16:03.095	0.61724				2
2024.09.09	00:16:04.837	0.61729	0.61795			6
2024.09.09	00:16:08.294	0.61744	0.61796			6
2024.09.09	00:16:08.611	0.61729				2
2024.09.09	00:16:11.943	0.61722				2
2024.09.09	00:16:14.232		0.61801			4
2024.09.09	00:16:15.423		0.61796			4
2024.09.09	00:16:34.268	0.61740	0.61797			6
2024.09.09	00:16:35.642	0.61739				2
2024.09.09	00:16:41.187	0.61728	0.61796			6
2024.09.09	00:17:00.389	0.61728				2
2024.09.09	00:17:15.461		0.61795			4
2024.09.09	00:18:03.090	0.61728				2
2024.09.09	00:18:18.988		0.61795			4
2024.09.09	00:18:24.849	0.61733	0.61798			6
2024.09.09	00:19:00.687	0.61733				2
2024.09.09	00:19:25.355		0.61796			4
2024.09.09	00:19:32.503		0.61799			4
2024.09.09	00:19:39.196		0.61800			4
2024.09.09	00:19:45.555		0.61799			4
2024.09.09	00:19:49.342		0.61798			4
2024.09.09	00:19:54.740		0.61799			4
2024.09.09	00:19:57.740		0.61798			4
2024.09.09	00:20:00.987	0.61733				2
2024.09.09	00:20:57.992		0.61798			4
2024.09.09	00:21:00.144	0.61733				2
2024.09.09	00:21:08.978		0.61794			4
2024.09.09	00:21:10.041		0.61793			4
2024.09.09	00:21:12.859	0.61738	0.61804			6
2024.09.09	00:21:14.848		0.61803			4
2024.09.09	00:21:30.444		0.61804			4
2024.09.09	00:21:31.118		0.61806			4
2024.09.09	00:21:35.307	0.61739	0.61801			6
2024.09.09	00:21:36.740		0.61800			4
2024.09.09	00:21:45.387		0.61801			4
2024.09.09	00:22:00.978	0.61739				2
2024.09.09	00:22:37.862		0.61802			4
2024.09.09	00:22:38.260		0.61801			4
2024.09.09	00:23:01.289	0.61739				2
2024.09.09	00:23:08.142	0.61748				2
2024.09.09	00:23:11.957		0.61804			4
2024.09.09	00:23:12.259		0.61801			4
2024.09.09	00:23:22.108		0.61804			4
2024.09.09	00:23:28.509		0.61801			4
2024.09.09	00:23:35.517	0.61753				2
2024.09.09	00:23:42.377		0.61804			4
2024.09.09	00:23:45.329		0.61799			4
2024.09.09	00:24:00.141	0.61753				2
2024.09.09	00:24:02.687		0.61800			4
2024.09.09	00:24:25.555		0.61799			4
2024.09.09	00:24:28.290	0.61734	0.61795			6
2024.09.09	00:24:40.645		0.61794			4
2024.09.09	00:24:50.528		0.61793			4
2024.09.09	00:25:02.489	0.61734				2
2024.09.09	00:25:03.440		0.61794			4
2024.09.09	00:25:29.549		0.61793			4
2024.09.09	00:26:01.587	0.61734				2
2024.09.09	00:26:30.094		0.61793			4
2024.09.09	00:27:01.555	0.61734				2
2024.09.09	00:27:12.138	0.61729	0.61790			6
2024.09.09	00:27:15.060		0.61792			4
2024.09.09	00:27:16.755		0.61791			4
2024.09.09	00:27:18.688		0.61790			4
2024.09.09	00:27:20.082		0.61789			4
2024.09.09	00:27:21.089		0.61790			4
2024.09.09	00:27:23.220		0.61789			4
2024.09.09	00:27:24.693		0.61790			4
2024.09.09	00:27:26.245		0.61791			4
2024.09.09	00:28:00.686	0.61729				2
2024.09.09	00:28:27.993		0.61791			4
2024.09.09	00:29:01.039	0.61729				2
2024.09.09	00:29:29.190		0.61791			4
2024.09.09	00:30:01.050	0.61729	0.61790			6
2024.09.09	00:30:11.538		0.61788			4
2024.09.09	00:30:13.339		0.61787			4
2024.09.09	00:30:13.648		0.61788			4
2024.09.09	00:30:22.446		0.61786			4
2024.09.09	00:31:01.152	0.61729	0.61785			6
2024.09.09	00:31:03.092		0.61786			4
2024.09.09	00:31:11.541		0.61785			4
2024.09.09	00:31:14.240		0.61786			4
2024.09.09	00:31:38.356		0.61785			4
2024.09.09	00:31:50.358		0.61780			4
2024.09.09	00:32:00.088	0.61729				2
2024.09.09	00:32:09.241		0.61779			4
2024.09.09	00:32:11.193		0.61780			4
2024.09.09	00:32:32.188		0.61779			4
2024.09.09	00:32:37.042		0.61780			4
2024.09.09	00:32:41.692		0.61779			4
2024.09.09	00:33:00.096	0.61729				2
2024.09.09	00:33:10.942		0.61778			4
2024.09.09	00:33:12.442		0.61779			4
2024.09.09	00:33:16.939		0.61778			4
2024.09.09	00:33:58.610	0.61719	0.61777			6
2024.09.09	00:33:59.160		0.61773			4
2024.09.09	00:34:00.556	0.61719	0.61772			6
2024.09.09	00:34:03.989		0.61771			4
2024.09.09	00:34:20.789	0.61718				2
2024.09.09	00:34:21.099	0.61720	0.61770			6
2024.09.09	00:34:31.131	0.61719	0.61769			6
2024.09.09	00:35:00.392	0.61719				2
2024.09.09	00:35:24.997		0.61768			4
2024.09.09	00:35:31.135	0.61718				2
2024.09.09	00:35:44.242		0.61769			4
2024.09.09	00:36:00.392	0.61718				2
2024.09.09	00:36:01.047		0.61770			4
2024.09.09	00:36:02.458	0.61716	0.61769			6
2024.09.09	00:36:19.040		0.61768			4
2024.09.09	00:36:52.809		0.61774			4
2024.09.09	00:37:00.392	0.61716				2
2024.09.09	00:37:04.211	0.61714	0.61772			6
2024.09.09	00:37:04.808		0.61773			4
2024.09.09	00:37:05.248		0.61771			4
2024.09.09	00:37:09.318	0.61711				2
2024.09.09	00:37:17.328		0.61770			4
2024.09.09	00:37:33.759	0.61709				2
2024.09.09	00:37:34.591		0.61769			4
2024.09.09	00:37:37.589	0.61710				2
2024.09.09	00:37:43.873	0.61711				2
2024.09.09	00:37:58.106		0.61768			4
2024.09.09	00:38:00.393	0.61711	0.61767			6
2024.09.09	00:38:22.531	0.61710	0.61766			6
2024.09.09	00:38:26.683		0.61767			4
2024.09.09	00:38:27.346	0.61709	0.61769			6
2024.09.09	00:38:27.650	0.61708	0.61768			6
2024.09.09	00:38:28.347		0.61769			4
2024.09.09	00:38:31.019	0.61707				2
2024.09.09	00:38:32.839		0.61768			4
2024.09.09	00:38:37.177	0.61702	0.61764			6
2024.09.09	00:38:38.708		0.61763			4
2024.09.09	00:38:44.759	0.61701				2
2024.09.09	00:38:45.243		0.61762			4
2024.09.09	00:38:45.981	0.61696	0.61761			6
2024.09.09	00:38:47.214	0.61695	0.61760			6
2024.09.09	00:38:48.861	0.61696	0.61759			6
2024.09.09	00:38:53.040		0.61760			4
2024.09.09	00:38:54.139		0.61759			4
2024.09.09	00:39:02.791	0.61696				2
2024.09.09	00:39:55.892		0.61759			4
2024.09.09	00:40:03.066	0.61696				2
2024.09.09	00:41:00.989	0.61696	0.61759			6
2024.09.09	00:41:29.354		0.61760			4
2024.09.09	00:42:03.090	0.61696				2
2024.09.09	00:42:33.067		0.61760			4
2024.09.09	00:43:01.411	0.61696				2
2024.09.09	00:43:36.387		0.61760			4
2024.09.09	00:43:50.311	0.61695				2
2024.09.09	00:43:52.337	0.61693				2
2024.09.09	00:44:40.304	0.61693	0.61760			6
2024.09.09	00:45:01.844	0.61693				2
2024.09.09	00:45:06.480	0.61708	0.61753			6
2024.09.09	00:45:07.796		0.61757			4
2024.09.09	00:45:25.358		0.61753			4
2024.09.09	00:46:06.995	0.61711				2
2024.09.09	00:46:11.006	0.61710				2
2024.09.09	00:46:14.367		0.61752			4
2024.09.09	00:46:15.331		0.61751			4
2024.09.09	00:46:40.445	0.61709	0.61750			6
2024.09.09	00:47:01.313	0.61708	0.61749			6
2024.09.09	00:47:01.800	0.61695	0.61750			6
2024.09.09	00:47:03.261	0.61708	0.61749			6
2024.09.09	00:47:17.188	0.61707				2
2024.09.09	00:48:08.196	0.61707	0.61749			6
2024.09.09	00:48:11.673		0.61745			4
2024.09.09	00:48:14.601		0.61749			4
2024.09.09	00:48:17.194	0.61706				2
2024.09.09	00:48:23.395		0.61748			4
2024.09.09	00:48:42.094	0.61705	0.61749			6
2024.09.09	00:48:43.125	0.61706				2
2024.09.09	00:49:00.787	0.61706				2
2024.09.09	00:49:03.726		0.61742			4
2024.09.09	00:49:30.095		0.61741			4
2024.09.09	00:49:30.501		0.61742			4
2024.09.09	00:50:01.589	0.61706				2
2024.09.09	00:50:11.192		0.61743			4
2024.09.09	00:50:14.190		0.61742			4
2024.09.09	00:50:17.581		0.61743			4
2024.09.09	00:50:55.164		0.61748			4
2024.09.09	00:50:57.089		0.61743			4
2024.09.09	00:50:59.273		0.61748			4
2024.09.09	00:51:00.470	0.61706	0.61743			6
2024.09.09	00:51:13.889		0.61744			4
2024.09.09	00:52:00.387	0.61706				2
2024.09.09	00:52:19.891		0.61744			4
2024.09.09	00:53:00.902	0.61706				2
2024.09.09	00:53:04.103	0.61707				2
2024.09.09	00:53:24.386		0.61744			4
2024.09.09	00:54:00.408	0.61707	0.61743			6
2024.09.09	00:54:32.322	0.61702				2
2024.09.09	00:55:05.491	0.61702	0.61743			6
2024.09.09	00:55:15.900		0.61738			4
2024.09.09	00:55:17.758	0.61700				2
2024.09.09	00:55:45.468	0.61687	0.61745			6
2024.09.09	00:55:45.793	0.61683	0.61748			6
2024.09.09	00:55:46.101	0.61678				2
2024.09.09	00:55:46.489	0.61681				2
2024.09.09	00:55:46.895	0.61677	0.61749			6
2024.09.09	00:55:47.644	0.61674				2
2024.09.09	00:55:48.003	0.61670				2
2024.09.09	00:55:48.437	0.61674				2
2024.09.09	00:55:48.762	0.61678	0.61748			6
2024.09.09	00:55:53.719	0.61677				2
2024.09.09	00:55:58.051	0.61674				2
2024.09.09	00:55:58.891	0.61672	0.61749			6
2024.09.09	00:55:59.328	0.61669				2
2024.09.09	00:56:00.391	0.61669				2
2024.09.09	00:56:04.288	0.61667				2
2024.09.09	00:56:05.020	0.61669				2
2024.09.09	00:56:10.278	0.61668	0.61748			6
2024.09.09	00:56:10.934	0.61670				2
2024.09.09	00:56:11.737	0.61667				2
2024.09.09	00:56:19.112	0.61666				2
2024.09.09	00:56:19.603	0.61668				2
2024.09.09	00:56:25.296	0.61670				2
2024.09.09	00:56:34.173	0.61674				2
2024.09.09	00:56:55.794	0.61673				2
2024.09.09	00:57:00.094	0.61673				2
2024.09.09	00:57:11.202		0.61748			4
2024.09.09	00:57:13.924	0.61672				2
2024.09.09	00:57:15.868	0.61673				2
2024.09.09	00:57:17.064	0.61672				2
2024.09.09	00:57:17.788	0.61673				2
2024.09.09	00:57:20.372	0.61672				2
2024.09.09	00:57:25.420	0.61671				2
2024.09.09	00:58:01.558	0.61671				2
2024.09.09	00:58:11.405		0.61760			4
2024.09.09	00:58:18.692		0.61761			4
2024.09.09	00:58:25.289	0.61672				2
2024.09.09	00:58:29.365	0.61676	0.61760			6
2024.09.09	00:58:31.281		0.61748			4
2024.09.09	00:58:40.713	0.61678				2
2024.09.09	00:59:02.843	0.61678				2
2024.09.09	00:59:06.912	0.61670				2
2024.09.09	00:59:08.806	0.61667				2
2024.09.09	00:59:10.725	0.61668				2
2024.09.09	00:59:32.191		0.61748			4
2024.09.09	00:59:45.308	0.61675				2
2024.09.09	00:59:55.813	0.61676				2
2024.09.09	01:00:00.305	0.61689	0.61763			6
2024.09.09	01:00:00.623	0.61682	0.61756			6
2024.09.09	01:00:00.925	0.61681	0.61753			6
2024.09.09	01:00:01.357	0.61676	0.61750			6
2024.09.09	01:00:01.666	0.61697	0.61741			6
2024.09.09	01:00:02.002	0.61691				2
2024.09.09	01:00:02.321	0.61679				2
2024.09.09	01:00:03.888	0.61697				2
2024.09.09	01:00:04.310	0.61696	0.61744			6
2024.09.09	01:00:05.200	0.61694				2
2024.09.09	01:00:05.503	0.61719	0.61757			6
2024.09.09	01:00:05.805		0.61756			4
2024.09.09	01:00:07.127	0.61701	0.61765			6
2024.09.09	01:00:07.434	0.61698				2
2024.09.09	01:00:10.233	0.61697				2
2024.09.09	01:00:11.502	0.61698				2
2024.09.09	01:00:14.707		0.61764			4
2024.09.09	01:00:15.120		0.61765			4
2024.09.09	01:00:15.653	0.61695				2
2024.09.09	01:00:15.973		0.61764			4
2024.09.09	01:00:17.544		0.61761			4
2024.09.09	01:00:18.459	0.61704	0.61751			6
2024.09.09	01:00:19.116	0.61706				2
2024.09.09	01:00:20.780	0.61705				2
2024.09.09	01:00:21.743	0.61709				2
2024.09.09	01:00:23.667	0.61692	0.61754			6
2024.09.09	01:00:23.981	0.61690	0.61755			6
2024.09.09	01:00:24.290	0.61691	0.61754			6
2024.09.09	01:00:24.981	0.61697				2
2024.09.09	01:00:25.298	0.61696	0.61757			6
2024.09.09	01:00:25.598	0.61695	0.61758			6
2024.09.09	01:00:26.089	0.61697	0.61761			6
2024.09.09	01:00:26.514	0.61696	0.61759			6
2024.09.09	01:00:27.281	0.61694	0.61757			6
2024.09.09	01:00:27.807	0.61698				2
2024.09.09	01:00:28.730	0.61726	0.61737			6
2024.09.09	01:00:29.041	0.61725	0.61740			6
2024.09.09	01:00:29.726	0.61728				2
2024.09.09	01:00:31.103	0.61725	0.61738			6
2024.09.09	01:00:31.466		0.61740			4
2024.09.09	01:00:39.907	0.61721	0.61733			6
2024.09.09	01:00:40.238		0.61731			4
2024.09.09	01:00:40.608	0.61720				2
2024.09.09	01:00:41.203	0.61719				2
2024.09.09	01:00:42.607	0.61723	0.61733			6
2024.09.09	01:00:43.588	0.61720	0.61731			6
2024.09.09	01:00:47.887	0.61721				2
2024.09.09	01:00:49.369	0.61723	0.61733			6
2024.09.09	01:00:50.197	0.61724	0.61736			6
2024.09.09	01:00:53.725	0.61716	0.61731			6
2024.09.09	01:00:59.787	0.61725	0.61738			6
2024.09.09	01:01:00.096	0.61725	0.61736			6
2024.09.09	01:01:00.400	0.61726	0.61738			6
2024.09.09	01:01:01.888		0.61733			4
2024.09.09	01:01:02.195		0.61741			4
2024.09.09	01:01:03.398		0.61742			4
2024.09.09	01:01:04.529	0.61722				2
2024.09.09	01:01:08.188		0.61743			4
2024.09.09	01:01:10.289		0.61738			4
2024.09.09	01:01:13.287	0.61720	0.61737			6
2024.09.09	01:01:13.671		0.61736			4
2024.09.09	01:01:14.674		0.61737			4
2024.09.09	01:01:17.546	0.61717	0.61734			6
2024.09.09	01:01:18.277	0.61722	0.61738			6
2024.09.09	01:01:24.237		0.61739			4
2024.09.09	01:01:26.611		0.61741			4
2024.09.09	01:01:35.100	0.61724	0.61742			6
2024.09.09	01:01:37.288	0.61729				2
2024.09.09	01:01:49.022	0.61727				2
2024.09.09	01:01:49.694		0.61743			4
2024.09.09	01:01:50.015	0.61722	0.61740			6
2024.09.09	01:01:50.321		0.61741			4
2024.09.09	01:01:53.026		0.61738			4
2024.09.09	01:02:00.364	0.61722				2
2024.09.09	01:02:00.760	0.61718	0.61735			6
2024.09.09	01:02:01.226	0.61719	0.61737			6
2024.09.09	01:02:01.825	0.61718	0.61735			6
2024.09.09	01:02:05.382		0.61733			4
2024.09.09	01:02:05.828		0.61734			4
2024.09.09	01:02:06.130		0.61732			4
2024.09.09	01:02:26.774	0.61720	0.61735			6
2024.09.09	01:02:29.423	0.61716	0.61731			6
2024.09.09	01:02:37.620	0.61708	0.61721			6
2024.09.09	01:02:37.921		0.61722			4
2024.09.09	01:02:38.226		0.61721			4
2024.09.09	01:02:42.978		0.61720			4
2024.09.09	01:02:51.971	0.61711	0.61724			6
2024.09.09	01:02:54.378	0.61708	0.61721			6
2024.09.09	01:03:00.088	0.61708				2
2024.09.09	01:03:29.696		0.61722			4
2024.09.09	01:03:31.413		0.61718			4
2024.09.09	01:03:31.996	0.61706				2
2024.09.09	01:03:37.187		0.61717			4
2024.09.09	01:03:42.398		0.61718			4
2024.09.09	01:03:42.736	0.61707	0.61719			6
2024.09.09	01:03:58.976	0.61708				2
2024.09.09	01:04:03.530	0.61709	0.61720			6
2024.09.09	01:04:04.278	0.61712	0.61725			6
2024.09.09	01:04:04.642	0.61711				2
2024.09.09	01:04:23.617	0.61713	0.61726			6
2024.09.09	01:04:24.745	0.61715	0.61728			6
2024.09.09	01:04:36.351	0.61714				2
2024.09.09	01:04:38.484		0.61729			4
2024.09.09	01:04:48.460		0.61727			4
2024.09.09	01:04:49.434		0.61728			4
2024.09.09	01:04:54.453	0.61716				2
2024.09.09	01:04:55.004	0.61718	0.61729			6
2024.09.09	01:04:56.953	0.61723	0.61735			6
2024.09.09	01:04:57.957	0.61728	0.61741			6
2024.09.09	01:05:00.124	0.61728	0.61742			6
2024.09.09	01:05:01.781	0.61724	0.61738			6
2024.09.09	01:05:02.081	0.61727	0.61739			6
2024.09.09	01:05:05.485	0.61728				2
2024.09.09	01:05:11.731	0.61733	0.61743			6
2024.09.09	01:05:13.760		0.61742			4
2024.09.09	01:05:14.224	0.61731				2
2024.09.09	01:05:15.199	0.61728	0.61739			6
2024.09.09	01:05:24.114	0.61731	0.61743			6
2024.09.09	01:05:24.436		0.61742			4
2024.09.09	01:05:24.828	0.61728	0.61740			6
2024.09.09	01:05:26.929		0.61739			4
2024.09.09	01:05:30.201	0.61727				2
2024.09.09	01:05:36.651	0.61728				2
2024.09.09	01:05:37.716	0.61729				2
2024.09.09	01:05:38.846	0.61728				2
2024.09.09	01:05:39.842	0.61727				2
2024.09.09	01:05:40.143	0.61728				2
2024.09.09	01:05:41.209	0.61727				2
2024.09.09	01:05:43.174	0.61728				2
2024.09.09	01:05:43.838	0.61727				2
2024.09.09	01:05:52.563		0.61738			4
2024.09.09	01:05:57.093	0.61728				2
2024.09.09	01:05:57.545		0.61739			4
2024.09.09	01:06:00.358	0.61728				2
2024.09.09	01:06:06.919	0.61731				2
2024.09.09	01:06:13.365		0.61740			4
2024.09.09	01:06:13.740		0.61739			4
2024.09.09	01:06:17.497	0.61727	0.61738			6
2024.09.09	01:06:29.945	0.61724	0.61734			6
2024.09.09	01:06:30.251	0.61723				2
2024.09.09	01:06:35.985		0.61733			4
2024.09.09	01:06:36.809	0.61722	0.61731			6
2024.09.09	01:06:37.171	0.61720				2
2024.09.09	01:06:40.361	0.61719	0.61729			6
2024.09.09	01:06:43.428	0.61718				2
2024.09.09	01:06:48.051	0.61719				2
2024.09.09	01:07:00.511	0.61723	0.61733			6
2024.09.09	01:07:00.947	0.61722				2
2024.09.09	01:07:03.221		0.61731			4
2024.09.09	01:07:03.529		0.61733			4
2024.09.09	01:07:04.042		0.61731			4
2024.09.09	01:07:06.772	0.61720				2
2024.09.09	01:07:07.623		0.61738			4
2024.09.09	01:07:10.289	0.61721				2
2024.09.09	01:07:10.604		0.61739			4
2024.09.09	01:07:19.096	0.61729				2
2024.09.09	01:07:31.236	0.61731				2
2024.09.09	01:07:33.559	0.61732	0.61741			6
2024.09.09	01:07:34.115		0.61742			4
2024.09.09	01:07:46.619		0.61740			4
2024.09.09	01:07:50.840		0.61741			4
2024.09.09	01:07:51.191	0.61731	0.61740			6
2024.09.09	01:08:01.575	0.61729				2
2024.09.09	01:08:03.342		0.61739			4
2024.09.09	01:08:03.918		0.61738			4
2024.09.09	01:08:05.420		0.61739			4
2024.09.09	01:08:07.377		0.61740			4
2024.09.09	01:08:11.382	0.61726	0.61737			6
2024.09.09	01:08:22.034	0.61731	0.61742			6
2024.09.09	01:08:37.219	0.61730				2
2024.09.09	01:08:39.586		0.61741			4
2024.09.09	01:08:42.987		0.61742			4
2024.09.09	01:09:00.285	0.61730				2
2024.09.09	01:09:10.421	0.61731				2
2024.09.09	01:09:26.474	0.61735	0.61744			6
2024.09.09	01:09:56.787		0.61746			4
2024.09.09	01:09:57.104	0.61738	0.61748			6
2024.09.09	01:09:58.017	0.61736	0.61746			6
2024.09.09	01:09:59.705		0.61747			4
2024.09.09	01:10:00.373	0.61736				2
2024.09.09	01:10:03.121	0.61734	0.61740			6
2024.09.09	01:10:03.744	0.61717	0.61729			6
2024.09.09	01:10:04.829	0.61716				2
2024.09.09	01:10:05.583		0.61728			4
2024.09.09	01:10:06.936		0.61729			4
2024.09.09	01:10:08.359		0.61728			4
2024.09.09	01:10:12.437	0.61712	0.61724			6
2024.09.09	01:10:12.744	0.61713				2
2024.09.09	01:10:16.840	0.61712				2
2024.09.09	01:10:17.667	0.61709				2
2024.09.09	01:10:18.469	0.61711				2
2024.09.09	01:10:29.491		0.61722			4
2024.09.09	01:10:30.631		0.61723			4
2024.09.09	01:10:32.280	0.61709	0.61721			6
2024.09.09	01:10:33.578		0.61722			4
2024.09.09	01:10:36.814	0.61711				2
2024.09.09	01:10:38.096	0.61713				2
2024.09.09	01:10:43.018	0.61712				2
2024.09.09	01:10:45.394	0.61710	0.61721			6
2024.09.09	01:10:45.764		0.61723			4
2024.09.09	01:10:47.378	0.61709	0.61721			6
2024.09.09	01:10:48.426	0.61708				2
2024.09.09	01:10:55.613		0.61722			4
2024.09.09	01:11:00.990	0.61708				2
2024.09.09	01:11:08.201		0.61721			4
2024.09.09	01:11:15.438	0.61707				2
2024.09.09	01:11:21.387	0.61708				2
2024.09.09	01:11:25.970	0.61710				2
2024.09.09	01:12:00.691	0.61710				2
2024.09.09	01:12:10.586		0.61721			4
2024.09.09	01:12:11.209	0.61714				2
2024.09.09	01:13:01.588	0.61714				2
2024.09.09	01:13:11.698		0.61721			4
2024.09.09	01:13:13.596	0.61713	0.61720			6
2024.09.09	01:13:43.531	0.61714				2
2024.09.09	01:14:00.126	0.61714				2
2024.09.09	01:14:10.599		0.61719			4
2024.09.09	01:14:11.240	0.61713	0.61720			6
2024.09.09	01:14:11.548		0.61719			4
2024.09.09	01:14:17.487	0.61712	0.61715			6
2024.09.09	01:14:40.685	0.61710	0.61714			6
2024.09.09	01:14:46.001	0.61709				2
2024.09.09	01:14:57.065	0.61710	0.61715			6
2024.09.09	01:15:00.389	0.61709	0.61714			6
2024.09.09	01:15:01.161		0.61715			4
2024.09.09	01:15:34.889		0.61713			4
2024.09.09	01:15:35.213		0.61714			4
2024.09.09	01:15:35.709		0.61715			4
2024.09.09	01:15:38.132	0.61710				2
2024.09.09	01:15:39.132		0.61716			4
2024.09.09	01:15:40.754		0.61718			4
2024.09.09	01:15:41.764	0.61709	0.61715			6
2024.09.09	01:15:51.677	0.61710	0.61718			6
2024.09.09	01:16:00.431	0.61711				2
2024.09.09	01:16:02.611	0.61712				2
2024.09.09	01:16:02.931	0.61711				2
2024.09.09	01:16:47.600	0.61712				2
2024.09.09	01:16:50.320	0.61719	0.61724			6
2024.09.09	01:16:52.350	0.61720	0.61726			6
2024.09.09	01:16:56.769		0.61725			4
2024.09.09	01:17:00.357	0.61720				2
2024.09.09	01:17:01.262	0.61721				2
2024.09.09	01:17:02.923	0.61723	0.61729			6
2024.09.09	01:17:03.771		0.61728			4
2024.09.09	01:17:04.081	0.61722	0.61729			6
2024.09.09	01:17:07.902	0.61721	0.61728			6
2024.09.09	01:17:08.289		0.61729			4
2024.09.09	01:17:11.002	0.61722	0.61728			6
2024.09.09	01:17:11.421		0.61729			4
2024.09.09	01:17:12.297	0.61721				2
2024.09.09	01:17:14.158		0.61728			4
2024.09.09	01:17:17.456	0.61720	0.61725			6
2024.09.09	01:17:19.009	0.61721	0.61728			6
2024.09.09	01:17:19.700	0.61720	0.61725			6
2024.09.09	01:17:21.929	0.61721	0.61728			6
2024.09.09	01:18:00.494	0.61721				2
2024.09.09	01:18:11.450	0.61725	0.61733			6
2024.09.09	01:18:31.071	0.61726				2
2024.09.09	01:18:36.137	0.61725				2
2024.09.09	01:18:37.766	0.61726				2
2024.09.09	01:19:01.558	0.61726				2
2024.09.09	01:19:12.363		0.61733			4
2024.09.09	01:19:27.273	0.61723	0.61730			6
2024.09.09	01:19:34.489	0.61728	0.61734			6
2024.09.09	01:19:37.685	0.61734	0.61740			6
2024.09.09	01:20:00.307	0.61734				2
2024.09.09	01:20:23.194	0.61735	0.61742			6
2024.09.09	01:20:35.692		0.61743			4
2024.09.09	01:21:00.425	0.61735				2
2024.09.09	01:21:00.968		0.61742			4
2024.09.09	01:21:03.090		0.61743			4
2024.09.09	01:21:08.189		0.61742			4
2024.09.09	01:21:13.626		0.61743			4
2024.09.09	01:21:24.405		0.61742			4
2024.09.09	01:21:39.388		0.61743			4
2024.09.09	01:21:47.796		0.61742			4
2024.09.09	01:21:50.790		0.61743			4
2024.09.09	01:21:53.787		0.61742			4
2024.09.09	01:21:54.586	0.61731	0.61738			6
2024.09.09	01:22:00.020	0.61731				2
2024.09.09	01:22:22.104	0.61730				2
2024.09.09	01:22:24.006	0.61729	0.61733			6
2024.09.09	01:22:24.354	0.61728	0.61734			6
2024.09.09	01:22:24.990		0.61733			4
2024.09.09	01:22:25.387		0.61734			4
2024.09.09	01:22:26.107		0.61733			4
2024.09.09	01:22:26.432		0.61734			4
2024.09.09	01:22:27.145		0.61733			4
2024.09.09	01:22:27.476		0.61734			4
2024.09.09	01:22:28.207		0.61733			4
2024.09.09	01:22:28.524		0.61734			4
2024.09.09	01:22:29.250		0.61733			4
2024.09.09	01:22:29.563		0.61734			4
2024.09.09	01:22:30.294		0.61733			4
2024.09.09	01:22:30.608	0.61729	0.61734			6
2024.09.09	01:22:32.382		0.61733			4
2024.09.09	01:22:32.695		0.61734			4
2024.09.09	01:22:33.427		0.61733			4
2024.09.09	01:22:33.740		0.61734			4
2024.09.09	01:22:35.494		0.61733			4
2024.09.09	01:22:35.828		0.61734			4
2024.09.09	01:22:36.562		0.61733			4
2024.09.09	01:22:36.872		0.61734			4
2024.09.09	01:22:37.603	0.61722	0.61728			6
2024.09.09	01:22:37.933	0.61726	0.61732			6
2024.09.09	01:22:38.243	0.61727	0.61733			6
2024.09.09	01:22:38.543	0.61726	0.61734			6
2024.09.09	01:22:39.039	0.61727				2
2024.09.09	01:22:40.086		0.61733			4
2024.09.09	01:22:40.423		0.61734			4
2024.09.09	01:22:42.172		0.61733			4
2024.09.09	01:22:42.489		0.61734			4
2024.09.09	01:22:55.507		0.61733			4
2024.09.09	01:22:55.940	0.61725	0.61732			6
2024.09.09	01:22:56.970		0.61731			4
2024.09.09	01:23:00.261	0.61726	0.61732			6
2024.09.09	01:23:00.575	0.61725				2
2024.09.09	01:23:01.516	0.61726	0.61733			6
2024.09.09	01:23:01.827	0.61727	0.61734			6
2024.09.09	01:23:05.900	0.61728				2
2024.09.09	01:23:07.321	0.61727				2
2024.09.09	01:23:08.092		0.61733			4
2024.09.09	01:23:08.404		0.61734			4
2024.09.09	01:23:09.156	0.61728				2
2024.09.09	01:23:10.237	0.61729				2
2024.09.09	01:23:12.373		0.61733			4
2024.09.09	01:23:12.686		0.61734			4
2024.09.09	01:23:20.927	0.61728				2
2024.09.09	01:23:21.928	0.61729				2
2024.09.09	01:23:25.035	0.61728				2
2024.09.09	01:23:25.347	0.61729				2
2024.09.09	01:23:27.202	0.61728				2
2024.09.09	01:23:27.731	0.61729				2
2024.09.09	01:23:28.622	0.61728				2
2024.09.09	01:23:29.705	0.61729				2
2024.09.09	01:23:30.502		0.61733			4
2024.09.09	01:23:30.859		0.61734			4
2024.09.09	01:23:31.166	0.61728	0.61733			6
2024.09.09	01:23:31.585	0.61729	0.61734			6
2024.09.09	01:23:33.465	0.61728				2
2024.09.09	01:23:34.508	0.61729				2
2024.09.09	01:23:39.728	0.61728				2
2024.09.09	01:23:40.773	0.61729				2
2024.09.09	01:23:41.816	0.61728				2
2024.09.09	01:23:42.861	0.61729				2
2024.09.09	01:23:48.919	0.61728	0.61733			6
2024.09.09	01:23:49.231	0.61729	0.61734			6
2024.09.09	01:23:52.107	0.61728				2
2024.09.09	01:23:52.433	0.61729				2
2024.09.09	01:23:54.660	0.61728				2
2024.09.09	01:23:55.705	0.61729				2
2024.09.09	01:23:56.748	0.61728				2
2024.09.09	01:23:57.792	0.61729				2
2024.09.09	01:24:00.254	0.61729				2
2024.09.09	01:24:00.901	0.61727				2
2024.09.09	01:24:01.202		0.61733			4
2024.09.09	01:24:01.552	0.61728	0.61734			6
2024.09.09	01:24:03.494		0.61733			4
2024.09.09	01:24:03.910		0.61734			4
2024.09.09	01:24:07.085	0.61727	0.61733			6
2024.09.09	01:24:07.394	0.61728	0.61734			6
2024.09.09	01:24:08.237	0.61726	0.61733			6
2024.09.09	01:24:09.378		0.61732			4
2024.09.09	01:24:09.679	0.61725	0.61733			6
2024.09.09	01:24:10.636	0.61726				2
2024.09.09	01:24:10.956	0.61725				2
2024.09.09	01:24:11.753		0.61732			4
2024.09.09	01:24:12.409	0.61726	0.61733			6
2024.09.09	01:24:12.719	0.61725	0.61732			6
2024.09.09	01:24:13.557	0.61726				2
2024.09.09	01:24:13.858	0.61725				2
2024.09.09	01:24:16.171	0.61726	0.61733			6
2024.09.09	01:24:16.485	0.61725	0.61732			6
2024.09.09	01:24:17.235	0.61726				2
2024.09.09	01:24:19.110	0.61725				2
2024.09.09	01:24:19.933		0.61733			4
2024.09.09	01:24:20.298	0.61726				2
2024.09.09	01:24:22.691		0.61732			4
2024.09.09	01:24:23.064	0.61725				2
2024.09.09	01:24:24.241	0.61726	0.61733			6
2024.09.09	01:24:25.556	0.61725				2
2024.09.09	01:24:25.888		0.61732			4
2024.09.09	01:24:26.385	0.61726				2
2024.09.09	01:24:28.103	0.61725				2
2024.09.09	01:24:29.085	0.61726				2
2024.09.09	01:24:29.489		0.61733			4
2024.09.09	01:24:29.891	0.61725	0.61732			6
2024.09.09	01:24:30.236	0.61726	0.61733			6
2024.09.09	01:24:30.702	0.61725	0.61732			6
2024.09.09	01:24:31.555	0.61726	0.61733			6
2024.09.09	01:24:32.309		0.61732			4
2024.09.09	01:24:34.699		0.61733			4
2024.09.09	01:24:35.236	0.61727				2
2024.09.09	01:24:36.715	0.61726				2
2024.09.09	01:24:37.765	0.61727				2
2024.09.09	01:24:38.553	0.61726				2
2024.09.09	01:24:42.899	0.61728	0.61734			6
2024.09.09	01:24:43.960	0.61727				2
2024.09.09	01:24:44.569	0.61728				2
2024.09.09	01:24:47.702	0.61727				2
2024.09.09	01:24:48.480	0.61728				2
2024.09.09	01:24:49.580	0.61727				2
2024.09.09	01:24:51.665	0.61728				2
2024.09.09	01:24:52.353		0.61733			4
2024.09.09	01:24:52.669		0.61734			4
2024.09.09	01:24:53.652	0.61727				2
2024.09.09	01:24:53.974	0.61728				2
2024.09.09	01:24:54.656	0.61727	0.61733			6
2024.09.09	01:24:55.009	0.61728	0.61734			6
2024.09.09	01:24:55.952	0.61727	0.61733			6
2024.09.09	01:24:56.264	0.61728	0.61734			6
2024.09.09	01:24:57.098	0.61727	0.61733			6
2024.09.09	01:24:57.411	0.61728	0.61734			6
2024.09.09	01:25:00.648	0.61728				2
2024.09.09	01:25:02.112	0.61727	0.61733			6
2024.09.09	01:25:02.423		0.61734			4
2024.09.09	01:25:03.260	0.61728				2
2024.09.09	01:25:04.244	0.61727				2
2024.09.09	01:25:05.378	0.61728				2
2024.09.09	01:25:07.246	0.61727				2
2024.09.09	01:25:08.271	0.61728				2
2024.09.09	01:25:09.314	0.61727				2
2024.09.09	01:25:12.420	0.61728				2
2024.09.09	01:25:16.415	0.61727	0.61733			6
2024.09.09	01:25:16.729		0.61734			4
2024.09.09	01:25:17.515	0.61728				2
2024.09.09	01:25:18.544	0.61727				2
2024.09.09	01:25:20.547	0.61728				2
2024.09.09	01:25:21.305	0.61727	0.61733			6
2024.09.09	01:25:21.607	0.61728	0.61734			6
2024.09.09	01:25:22.478	0.61727	0.61733			6
2024.09.09	01:25:22.784	0.61728	0.61734			6
2024.09.09	01:25:23.519	0.61727	0.61733			6
2024.09.09	01:25:23.822	0.61728	0.61734			6
2024.09.09	01:25:25.727	0.61726	0.61732			6
2024.09.09	01:25:26.069	0.61725				2
2024.09.09	01:25:26.964	0.61726				2
2024.09.09	01:25:29.780	0.61725				2
2024.09.09	01:25:30.824	0.61726				2
2024.09.09	01:25:31.139		0.61733			4
2024.09.09	01:25:34.063	0.61725	0.61732			6
2024.09.09	01:25:35.626	0.61726				2
2024.09.09	01:25:35.947	0.61725				2
2024.09.09	01:25:36.743	0.61726	0.61733			6
2024.09.09	01:25:37.813	0.61725	0.61732			6
2024.09.09	01:25:38.886	0.61726	0.61733			6
2024.09.09	01:25:39.545	0.61725				2
2024.09.09	01:25:39.866	0.61726				2
2024.09.09	01:25:40.173	0.61725	0.61732			6
2024.09.09	01:25:40.682	0.61726	0.61733			6
2024.09.09	01:25:42.520	0.61725	0.61732			6
2024.09.09	01:25:43.692	0.61726				2
2024.09.09	01:25:44.718		0.61733			4
2024.09.09	01:25:49.375	0.61728	0.61734			6
2024.09.09	01:25:50.026		0.61733			4
2024.09.09	01:25:50.329		0.61734			4
2024.09.09	01:25:53.178	0.61725	0.61733			6
2024.09.09	01:25:53.601		0.61732			4
2024.09.09	01:25:54.737	0.61726	0.61733			6
2024.09.09	01:25:55.389	0.61725				2
2024.09.09	01:25:56.422	0.61726				2
2024.09.09	01:25:56.847	0.61727				2
2024.09.09	01:25:57.450	0.61730				2
2024.09.09	01:25:57.764		0.61734			4
2024.09.09	01:25:59.379	0.61729				2
2024.09.09	01:26:00.478	0.61729				2
2024.09.09	01:26:03.381	0.61730				2
2024.09.09	01:26:03.691	0.61729				2
2024.09.09	01:26:34.679	0.61730				2
2024.09.09	01:26:43.124	0.61728	0.61731			6
2024.09.09	01:26:43.438		0.61733			4
2024.09.09	01:26:43.745		0.61734			4
2024.09.09	01:26:45.376	0.61727				2
2024.09.09	01:26:45.685		0.61733			4
2024.09.09	01:26:46.675		0.61734			4
2024.09.09	01:26:56.992	0.61728				2
2024.09.09	01:26:58.010	0.61727				2
2024.09.09	01:26:58.914	0.61728				2
2024.09.09	01:26:59.936	0.61727				2
2024.09.09	01:27:00.454	0.61728				2
2024.09.09	01:27:01.563	0.61727	0.61733			6
2024.09.09	01:27:02.640	0.61728				2
2024.09.09	01:27:02.968	0.61727	0.61734			6
2024.09.09	01:27:03.698		0.61733			4
2024.09.09	01:27:04.701		0.61734			4
2024.09.09	01:27:05.784		0.61733			4
2024.09.09	01:27:13.195	0.61728	0.61734			6
2024.09.09	01:27:14.456	0.61727				2
2024.09.09	01:27:14.803	0.61728				2
2024.09.09	01:27:15.877	0.61727				2
2024.09.09	01:27:32.313	0.61728				2
2024.09.09	01:27:33.340	0.61727				2
2024.09.09	01:27:38.116	0.61728				2
2024.09.09	01:27:39.191	0.61727				2
2024.09.09	01:28:00.498	0.61727				2
2024.09.09	01:28:13.734		0.61734			4
2024.09.09	01:28:26.386	0.61726	0.61732			6
2024.09.09	01:28:26.696	0.61725				2
2024.09.09	01:28:30.078	0.61726				2
2024.09.09	01:28:30.416	0.61725				2
2024.09.09	01:28:31.358	0.61726				2
2024.09.09	01:28:45.940	0.61730				2
2024.09.09	01:28:48.132	0.61728	0.61730			6
2024.09.09	01:28:49.175	0.61729	0.61732			6
2024.09.09	01:28:50.133	0.61728	0.61730			6
2024.09.09	01:28:51.178	0.61729	0.61732			6
2024.09.09	01:28:53.176	0.61728	0.61731			6
2024.09.09	01:28:54.206	0.61727				2
2024.09.09	01:28:55.264	0.61728	0.61732			6
2024.09.09	01:28:56.483	0.61727	0.61731			6
2024.09.09	01:28:57.513	0.61728	0.61732			6
2024.09.09	01:29:00.429	0.61727				2
2024.09.09	01:29:01.404	0.61728				2
2024.09.09	01:29:04.837	0.61726	0.61731			6
2024.09.09	01:29:07.317	0.61727	0.61732			6
2024.09.09	01:29:07.628	0.61726	0.61731			6
2024.09.09	01:29:08.426	0.61727	0.61732			6
2024.09.09	01:29:09.680		0.61731			4
2024.09.09	01:29:09.980	0.61726				2
2024.09.09	01:29:11.043		0.61732			4
2024.09.09	01:29:12.036	0.61727				2
2024.09.09	01:29:13.054	0.61726	0.61731			6
2024.09.09	01:29:14.126	0.61727	0.61732			6
2024.09.09	01:29:15.312	0.61726	0.61731			6
2024.09.09	01:29:16.270		0.61732			4
2024.09.09	01:29:16.575		0.61731			4
2024.09.09	01:29:17.295	0.61727	0.61732			6
2024.09.09	01:29:17.718	0.61726	0.61731			6
2024.09.09	01:29:18.653	0.61727	0.61732			6
2024.09.09	01:29:18.966	0.61726	0.61731			6
2024.09.09	01:29:19.905	0.61727				2
2024.09.09	01:29:20.234	0.61726				2
2024.09.09	01:29:21.517		0.61732			4
2024.09.09	01:29:22.649	0.61727	0.61731			6
2024.09.09	01:29:23.043	0.61726				2
2024.09.09	01:29:25.572	0.61723				2
2024.09.09	01:29:25.882	0.61722				2
2024.09.09	01:29:26.473	0.61723				2
2024.09.09	01:29:26.929	0.61724				2
2024.09.09	01:29:29.478	0.61725				2
2024.09.09	01:29:30.841	0.61724				2
2024.09.09	01:29:33.100	0.61725				2
2024.09.09	01:29:33.714	0.61724				2
2024.09.09	01:29:34.524	0.61725				2
2024.09.09	01:29:34.973	0.61724				2
2024.09.09	01:29:36.059	0.61725				2
2024.09.09	01:29:37.017	0.61724				2
2024.09.09	01:29:37.888	0.61725				2
2024.09.09	01:29:40.092	0.61724				2
2024.09.09	01:29:41.206	0.61725				2
2024.09.09	01:29:43.100	0.61724				2
2024.09.09	01:29:43.591	0.61725	0.61732			6
2024.09.09	01:29:44.235	0.61726				2
2024.09.09	01:29:44.728	0.61725				2
2024.09.09	01:29:45.736		0.61731			4
2024.09.09	01:30:00.309	0.61725	0.61732			6
2024.09.09	01:30:00.625	0.61727	0.61733			6
2024.09.09	01:30:00.978		0.61734			4
2024.09.09	01:30:01.554		0.61735			4
2024.09.09	01:30:02.015	0.61731	0.61739			6
2024.09.09	01:30:02.930	0.61729	0.61737			6
2024.09.09	01:30:03.351		0.61736			4
2024.09.09	01:30:03.986	0.61730	0.61737			6
2024.09.09	01:30:05.211	0.61731				2
2024.09.09	01:30:07.258	0.61728				2
2024.09.09	01:30:08.059	0.61730				2
2024.09.09	01:30:18.690		0.61734			4
2024.09.09	01:30:19.002		0.61736			4
2024.09.09	01:30:38.641		0.61735			4
2024.09.09	01:30:39.078	0.61729				2
2024.09.09	01:30:39.739	0.61730	0.61736			6
2024.09.09	01:30:40.080	0.61729	0.61735			6
2024.09.09	01:30:41.201	0.61730	0.61736			6
2024.09.09	01:30:51.685	0.61731				2
2024.09.09	01:30:51.987	0.61730				2
2024.09.09	01:30:52.696	0.61731	0.61737			6
2024.09.09	01:30:53.006	0.61730				2
2024.09.09	01:30:54.050	0.61731				2
2024.09.09	01:30:57.521	0.61730				2
2024.09.09	01:31:00.013	0.61730				2
2024.09.09	01:31:00.350		0.61736			4
2024.09.09	01:31:04.619	0.61729				2
2024.09.09	01:31:05.653	0.61730				2
2024.09.09	01:31:20.489	0.61728	0.61733			6
2024.09.09	01:31:21.549		0.61734			4
2024.09.09	01:31:22.235		0.61735			4
2024.09.09	01:31:25.645		0.61734			4
2024.09.09	01:31:27.360	0.61727	0.61733			6
2024.09.09	01:31:28.349		0.61732			4
2024.09.09	01:31:28.663	0.61726	0.61733			6
2024.09.09	01:31:30.002		0.61732			4
2024.09.09	01:31:30.450	0.61725	0.61730			6
2024.09.09	01:31:30.755		0.61732			4
2024.09.09	01:31:31.684	0.61726				2
2024.09.09	01:31:32.139	0.61725	0.61731			6
2024.09.09	01:31:40.446		0.61730			4
2024.09.09	01:31:42.531		0.61731			4
2024.09.09	01:31:42.844		0.61730			4
2024.09.09	01:31:44.825		0.61728			4
2024.09.09	01:31:45.126		0.61730			4
2024.09.09	01:31:50.366	0.61723	0.61729			6
2024.09.09	01:31:51.300	0.61721	0.61727			6
2024.09.09	01:31:51.603	0.61719	0.61725			6
2024.09.09	01:31:56.088	0.61725	0.61733			6
2024.09.09	01:31:57.312		0.61732			4
2024.09.09	01:31:57.828	0.61729	0.61734			6
2024.09.09	01:32:00.478	0.61729				2
2024.09.09	01:32:01.394		0.61735			4
2024.09.09	01:32:20.022	0.61726				2
2024.09.09	01:32:27.392	0.61727	0.61736			6
2024.09.09	01:32:28.978	0.61728				2
2024.09.09	01:32:32.036	0.61731				2
2024.09.09	01:32:43.090	0.61735	0.61740			6
2024.09.09	01:32:43.405	0.61734				2
2024.09.09	01:32:51.940	0.61735				2
2024.09.09	01:33:26.670	0.61736	0.61743			6
2024.09.09	01:33:29.348		0.61744			4
2024.09.09	01:33:32.120		0.61743			4
2024.09.09	01:33:32.441		0.61744			4
2024.09.09	01:33:33.216		0.61743			4
2024.09.09	01:33:37.397		0.61744			4
2024.09.09	01:33:45.740		0.61743			4
2024.09.09	01:33:54.764		0.61744			4
2024.09.09	01:33:55.831		0.61743			4
2024.09.09	01:34:00.046	0.61736				2
2024.09.09	01:34:09.792	0.61738	0.61744			6
2024.09.09	01:34:24.827	0.61742	0.61750			6
2024.09.09	01:34:25.142		0.61751			4
2024.09.09	01:34:25.469		0.61750			4
2024.09.09	01:34:28.125	0.61744	0.61752			6
2024.09.09	01:34:31.578	0.61742	0.61750			6
2024.09.09	01:34:31.966	0.61740	0.61747			6
2024.09.09	01:34:32.983	0.61741	0.61748			6
2024.09.09	01:34:33.783	0.61740				2
2024.09.09	01:34:34.084	0.61741				2
2024.09.09	01:34:35.473		0.61749			4
2024.09.09	01:34:37.114		0.61748			4
2024.09.09	01:34:37.425		0.61749			4
2024.09.09	01:34:38.364		0.61748			4
2024.09.09	01:34:38.673		0.61749			4
2024.09.09	01:34:40.872		0.61748			4
2024.09.09	01:34:45.624		0.61749			4
2024.09.09	01:34:45.986		0.61748			4
2024.09.09	01:34:46.673	0.61745	0.61752			6
2024.09.09	01:34:47.465	0.61744				2
2024.09.09	01:34:52.057	0.61746	0.61754			6
2024.09.09	01:34:53.295		0.61753			4
2024.09.09	01:34:54.764		0.61754			4
2024.09.09	01:34:55.651	0.61745	0.61753			6
2024.09.09	01:34:57.058	0.61746	0.61754			6
2024.09.09	01:34:58.518		0.61753			4
2024.09.09	01:35:00.410	0.61746				2
2024.09.09	01:35:01.556		0.61754			4
2024.09.09	01:35:01.925	0.61745	0.61753			6
2024.09.09	01:35:02.242	0.61746	0.61754			6
2024.09.09	01:35:03.948		0.61753			4
2024.09.09	01:35:06.795		0.61754			4
2024.09.09	01:35:12.507		0.61753			4
2024.09.09	01:35:12.836		0.61754			4
2024.09.09	01:35:13.980	0.61747				2
2024.09.09	01:35:14.320	0.61746				2
2024.09.09	01:35:15.139	0.61747				2
2024.09.09	01:35:16.477	0.61750	0.61758			6
2024.09.09	01:35:16.783	0.61749				2
2024.09.09	01:35:17.750	0.61750				2
2024.09.09	01:35:18.840		0.61757			4
2024.09.09	01:35:23.352		0.61758			4
2024.09.09	01:35:24.391	0.61749				2
2024.09.09	01:35:26.238		0.61757			4
2024.09.09	01:35:31.518	0.61742	0.61748			6
2024.09.09	01:35:49.697	0.61745	0.61753			6
2024.09.09	01:35:59.076		0.61752			4
2024.09.09	01:36:00.915	0.61745	0.61753			6
2024.09.09	01:36:02.162		0.61754			4
2024.09.09	01:36:02.920	0.61746				2
2024.09.09	01:36:03.253		0.61753			4
2024.09.09	01:36:04.325		0.61754			4
2024.09.09	01:36:05.012		0.61753			4
2024.09.09	01:36:05.417		0.61752			4
2024.09.09	01:36:05.779	0.61745				2
2024.09.09	01:36:06.372	0.61740	0.61750			6
2024.09.09	01:36:06.684		0.61749			4
2024.09.09	01:36:07.002	0.61741				2
2024.09.09	01:36:09.325	0.61744	0.61752			6
2024.09.09	01:36:11.673		0.61753			4
2024.09.09	01:36:14.075	0.61742	0.61745			6
2024.09.09	01:36:14.382	0.61744	0.61752			6
2024.09.09	01:36:14.688		0.61751			4
2024.09.09	01:36:15.077		0.61752			4
2024.09.09	01:36:15.761	0.61745				2
2024.09.09	01:36:23.682		0.61751			4
2024.09.09	01:36:24.604		0.61752			4
2024.09.09	01:36:33.323	0.61744				2
2024.09.09	01:36:33.628	0.61745				2
2024.09.09	01:36:37.307		0.61753			4
2024.09.09	01:36:38.294		0.61752			4
2024.09.09	01:36:41.260	0.61744	0.61751			6
2024.09.09	01:36:45.226		0.61752			4
2024.09.09	01:36:46.949	0.61745				2
2024.09.09	01:36:47.335		0.61753			4
2024.09.09	01:36:47.673		0.61752			4
2024.09.09	01:36:53.815		0.61753			4
2024.09.09	01:36:55.081		0.61752			4
2024.09.09	01:36:56.717		0.61753			4
2024.09.09	01:37:00.028	0.61745	0.61752			6
2024.09.09	01:37:00.873	0.61743				2
2024.09.09	01:37:08.211	0.61744				2
2024.09.09	01:37:08.554	0.61743				2
2024.09.09	01:37:09.318		0.61751			4
2024.09.09	01:37:09.642	0.61744	0.61752			6
2024.09.09	01:37:11.198	0.61741	0.61749			6
2024.09.09	01:37:13.296	0.61742	0.61751			6
2024.09.09	01:37:13.600	0.61743	0.61752			6
2024.09.09	01:37:13.935	0.61744				2
2024.09.09	01:37:14.504	0.61743				2
2024.09.09	01:37:16.541	0.61742	0.61749			6
2024.09.09	01:37:17.685	0.61741	0.61750			6
2024.09.09	01:37:19.089		0.61749			4
2024.09.09	01:37:20.308	0.61742	0.61750			6
2024.09.09	01:37:21.610		0.61749			4
2024.09.09	01:37:22.890		0.61748			4
2024.09.09	01:37:24.389		0.61750			4
2024.09.09	01:37:26.063		0.61749			4
2024.09.09	01:37:26.703	0.61741				2
2024.09.09	01:37:27.105	0.61742				2
2024.09.09	01:37:27.930	0.61744	0.61751			6
2024.09.09	01:37:28.256	0.61745	0.61753			6
2024.09.09	01:37:32.248		0.61752			4
2024.09.09	01:37:33.112	0.61749	0.61755			6
2024.09.09	01:37:33.416	0.61750	0.61757			6
2024.09.09	01:37:34.227	0.61749				2
2024.09.09	01:37:36.152		0.61756			4
2024.09.09	01:37:40.143		0.61755			4
2024.09.09	01:37:40.710		0.61756			4
2024.09.09	01:37:42.575	0.61748	0.61755			6
2024.09.09	01:37:42.973		0.61756			4
2024.09.09	01:37:44.994	0.61749	0.61757			6
2024.09.09	01:37:45.949		0.61756			4
2024.09.09	01:37:46.484	0.61748				2
2024.09.09	01:37:47.592	0.61749	0.61757			6
2024.09.09	01:37:48.760		0.61756			4
2024.09.09	01:37:52.142	0.61748	0.61754			6
2024.09.09	01:37:53.168	0.61747				2
2024.09.09	01:37:53.512		0.61753			4
2024.09.09	01:37:55.148	0.61738	0.61744			6
2024.09.09	01:38:00.299	0.61738				2
2024.09.09	01:38:00.605	0.61741	0.61748			6
2024.09.09	01:38:02.004		0.61747			4
2024.09.09	01:38:02.431		0.61748			4
2024.09.09	01:38:11.754		0.61746			4
2024.09.09	01:38:12.057		0.61748			4
2024.09.09	01:38:12.469		0.61749			4
2024.09.09	01:38:17.164	0.61744	0.61752			6
2024.09.09	01:38:19.078		0.61751			4
2024.09.09	01:38:19.652		0.61752			4
2024.09.09	01:38:20.812		0.61751			4
2024.09.09	01:38:21.863	0.61743	0.61750			6
2024.09.09	01:38:22.181		0.61752			4
2024.09.09	01:38:22.499	0.61745				2
2024.09.09	01:38:23.155	0.61743	0.61750			6
2024.09.09	01:38:24.713	0.61744				2
2024.09.09	01:38:25.577	0.61743				2
2024.09.09	01:38:26.694	0.61744	0.61751			6
2024.09.09	01:38:27.590	0.61743	0.61750			6
2024.09.09	01:38:28.711		0.61751			4
2024.09.09	01:38:29.321	0.61744	0.61752			6
2024.09.09	01:38:29.973	0.61745				2
2024.09.09	01:38:32.041		0.61753			4
2024.09.09	01:38:32.353	0.61746				2
2024.09.09	01:38:32.663	0.61748	0.61754			6
2024.09.09	01:38:34.094	0.61749	0.61756			6
2024.09.09	01:38:34.429	0.61750	0.61757			6
2024.09.09	01:38:35.915	0.61747	0.61754			6
2024.09.09	01:38:36.225	0.61748				2
2024.09.09	01:38:36.564		0.61756			4
2024.09.09	01:38:37.924	0.61749	0.61755			6
2024.09.09	01:38:38.835	0.61748				2
2024.09.09	01:38:39.846	0.61749				2
2024.09.09	01:38:40.249	0.61748	0.61754			6
2024.09.09	01:38:41.872	0.61746	0.61751			6
2024.09.09	01:38:43.986		0.61752			4
2024.09.09	01:38:49.813	0.61745				2
2024.09.09	01:38:52.749	0.61746	0.61753			6
2024.09.09	01:39:00.013	0.61743	0.61750			6
2024.09.09	01:39:01.278	0.61744	0.61751			6
2024.09.09	01:39:02.588		0.61750			4
2024.09.09	01:39:07.042	0.61745	0.61752			6
2024.09.09	01:39:09.092	0.61746				2
2024.09.09	01:39:10.117	0.61745				2
2024.09.09	01:39:17.319	0.61744	0.61751			6
2024.09.09	01:39:25.996	0.61742	0.61749			6
2024.09.09	01:39:26.349		0.61748			4
2024.09.09	01:39:31.649		0.61749			4
2024.09.09	01:39:39.705	0.61743	0.61750			6
2024.09.09	01:39:43.355	0.61742	0.61749			6
2024.09.09	01:39:56.933		0.61750			4
2024.09.09	01:40:00.897	0.61742				2
2024.09.09	01:40:03.552		0.61749			4
2024.09.09	01:40:05.942		0.61750			4
2024.09.09	01:40:06.769	0.61743				2
2024.09.09	01:40:09.790	0.61744				2
2024.09.09	01:40:11.148	0.61747	0.61753			6
2024.09.09	01:40:12.244	0.61750	0.61756			6
2024.09.09	01:40:17.690	0.61748	0.61754			6
2024.09.09	01:40:18.135		0.61755			4
2024.09.09	01:40:19.178		0.61754			4
2024.09.09	01:40:20.912	0.61749	0.61756			6
2024.09.09	01:40:22.861		0.61755			4
2024.09.09	01:40:23.165	0.61748	0.61754			6
2024.09.09	01:40:25.813	0.61749	0.61756			6
2024.09.09	01:40:27.801	0.61750	0.61757			6
2024.09.09	01:40:31.250		0.61758			4
2024.09.09	01:40:33.261	0.61751				2
2024.09.09	01:40:38.292		0.61757			4
2024.09.09	01:40:40.242	0.61753	0.61759			6
2024.09.09	01:40:45.924		0.61760			4
2024.09.09	01:40:46.226	0.61754				2
2024.09.09	01:40:46.534		0.61759			4
2024.09.09	01:40:47.881	0.61753				2
2024.09.09	01:40:48.718	0.61754	0.61760			6
2024.09.09	01:40:49.025		0.61761			4
2024.09.09	01:40:50.071	0.61755				2
2024.09.09	01:40:50.663	0.61754				2
2024.09.09	01:40:51.451	0.61755				2
2024.09.09	01:40:52.447	0.61754				2
2024.09.09	01:40:53.874	0.61756	0.61763			6
2024.09.09	01:40:58.061	0.61755	0.61761			6
2024.09.09	01:40:59.158		0.61762			4
2024.09.09	01:40:59.463	0.61754	0.61760			6
2024.09.09	01:40:59.771		0.61759			4
2024.09.09	01:41:00.178	0.61754				2
2024.09.09	01:41:00.668		0.61760			4
2024.09.09	01:41:01.150		0.61759			4
2024.09.09	01:41:02.012		0.61760			4
2024.09.09	01:41:06.153		0.61759			4
2024.09.09	01:41:06.463	0.61752	0.61758			6
2024.09.09	01:41:17.360	0.61754	0.61761			6
2024.09.09	01:41:18.397	0.61755				2
2024.09.09	01:41:18.831	0.61754				2
2024.09.09	01:41:19.623	0.61755				2
2024.09.09	01:41:20.822	0.61754				2
2024.09.09	01:41:21.847	0.61755				2
2024.09.09	01:41:23.060	0.61754				2
2024.09.09	01:41:23.984	0.61755				2
2024.09.09	01:41:27.332	0.61754				2
2024.09.09	01:41:27.918	0.61755	0.61762			6
2024.09.09	01:41:28.459		0.61761			4
2024.09.09	01:41:30.285	0.61754	0.61759			6
2024.09.09	01:41:30.860	0.61753	0.61758			6
2024.09.09	01:41:31.165	0.61754	0.61760			6
2024.09.09	01:41:33.490		0.61759			4
2024.09.09	01:41:34.555		0.61760			4
2024.09.09	01:41:35.896		0.61759			4
2024.09.09	01:41:37.587		0.61760			4
2024.09.09	01:41:39.249		0.61759			4
2024.09.09	01:41:39.810		0.61760			4
2024.09.09	01:42:00.335	0.61754				2
2024.09.09	01:42:09.275		0.61759			4
2024.09.09	01:42:09.625		0.61760			4
2024.09.09	01:42:19.093	0.61749	0.61754			6
2024.09.09	01:42:19.402		0.61755			4
2024.09.09	01:42:23.490		0.61754			4
2024.09.09	01:42:25.381		0.61755			4
2024.09.09	01:42:31.170		0.61754			4
2024.09.09	01:42:35.324	0.61747	0.61753			6
2024.09.09	01:42:35.640		0.61752			4
2024.09.09	01:42:35.947		0.61753			4
2024.09.09	01:42:46.080	0.61746	0.61752			6
2024.09.09	01:42:48.222	0.61747	0.61753			6
2024.09.09	01:42:54.745	0.61744	0.61750			6
2024.09.09	01:43:00.091	0.61744				2
2024.09.09	01:43:00.432		0.61749			4
2024.09.09	01:43:01.036	0.61740	0.61745			6
2024.09.09	01:43:04.926		0.61744			4
2024.09.09	01:43:06.987		0.61745			4
2024.09.09	01:43:07.475		0.61743			4
2024.09.09	01:43:11.194	0.61741	0.61747			6
2024.09.09	01:43:46.661	0.61738	0.61745			6
2024.09.09	01:43:49.218		0.61744			4
2024.09.09	01:43:49.776		0.61745			4
2024.09.09	01:43:50.490		0.61744			4
2024.09.09	01:43:52.416	0.61739	0.61745			6
2024.09.09	01:43:52.723	0.61738				2
2024.09.09	01:43:53.966	0.61739				2
2024.09.09	01:43:56.834		0.61744			4
2024.09.09	01:43:57.161	0.61738				2
2024.09.09	01:44:00.107	0.61738	0.61745			6
2024.09.09	01:44:00.501		0.61744			4
2024.09.09	01:44:01.588		0.61745			4
2024.09.09	01:44:12.054		0.61744			4
2024.09.09	01:44:16.812		0.61743			4
2024.09.09	01:44:22.292		0.61744			4
2024.09.09	01:44:22.599	0.61739	0.61745			6
2024.09.09	01:44:24.746	0.61738				2
2024.09.09	01:44:27.086		0.61744			4
2024.09.09	01:44:38.570		0.61745			4
2024.09.09	01:44:39.473		0.61744			4
2024.09.09	01:44:45.813	0.61740	0.61746			6
2024.09.09	01:44:57.304		0.61747			4
2024.09.09	01:44:58.592		0.61745			4
2024.09.09	01:44:58.904	0.61738				2
2024.09.09	01:45:00.462	0.61738	0.61744			6
2024.09.09	01:45:02.515	0.61737				2
2024.09.09	01:45:05.658	0.61740	0.61746			6
2024.09.09	01:45:12.414	0.61741	0.61747			6
2024.09.09	01:45:12.726	0.61744	0.61752			6
2024.09.09	01:45:15.381		0.61751			4
2024.09.09	01:45:18.615		0.61752			4
2024.09.09	01:45:19.173		0.61751			4
2024.09.09	01:45:20.308		0.61752			4
2024.09.09	01:45:20.613		0.61751			4
2024.09.09	01:45:21.757		0.61752			4
2024.09.09	01:45:28.485	0.61745				2
2024.09.09	01:45:29.385	0.61746				2
2024.09.09	01:45:30.508	0.61745				2
2024.09.09	01:45:38.350	0.61746				2
2024.09.09	01:45:42.511	0.61745				2
2024.09.09	01:46:00.286	0.61744	0.61750			6
2024.09.09	01:46:07.076	0.61745	0.61752			6
2024.09.09	01:46:30.966	0.61746				2
2024.09.09	01:46:42.977		0.61753			4
2024.09.09	01:46:51.693	0.61745	0.61752			6
2024.09.09	01:46:53.434	0.61753	0.61760			6
2024.09.09	01:46:57.292	0.61755	0.61762			6
2024.09.09	01:47:01.613	0.61755				2
2024.09.09	01:47:34.366		0.61760			4
2024.09.09	01:47:34.688	0.61753	0.61759			6
2024.09.09	01:47:35.828	0.61751	0.61758			6
2024.09.09	01:47:36.817	0.61749	0.61754			6
2024.09.09	01:48:00.049	0.61749				2
2024.09.09	01:48:01.299	0.61750	0.61757			6
2024.09.09	01:48:01.636	0.61751				2
2024.09.09	01:48:01.949		0.61759			4
2024.09.09	01:48:02.282	0.61754	0.61761			6
2024.09.09	01:48:04.044	0.61755				2
2024.09.09	01:48:04.898	0.61754	0.61760			6
2024.09.09	01:48:05.242		0.61761			4
2024.09.09	01:48:06.727		0.61760			4
2024.09.09	01:48:08.828		0.61759			4
2024.09.09	01:48:09.371		0.61760			4
2024.09.09	01:48:10.206	0.61755				2
2024.09.09	01:48:15.453		0.61761			4
2024.09.09	01:48:21.619		0.61760			4
2024.09.09	01:48:22.241		0.61761			4
2024.09.09	01:48:41.672		0.61763			4
2024.09.09	01:48:42.754		0.61762			4
2024.09.09	01:48:53.218		0.61763			4
2024.09.09	01:49:00.192	0.61755				2
2024.09.09	01:49:14.056	0.61756				2
2024.09.09	01:49:15.627		0.61762			4
2024.09.09	01:49:20.464	0.61755				2
2024.09.09	01:49:22.737		0.61760			4
2024.09.09	01:49:23.397		0.61761			4
2024.09.09	01:49:23.767		0.61762			4
2024.09.09	01:49:30.786	0.61753	0.61759			6
2024.09.09	01:49:45.657	0.61754	0.61761			6
2024.09.09	01:50:00.543	0.61754				2
2024.09.09	01:50:01.403	0.61756	0.61762			6
2024.09.09	01:50:02.595	0.61758	0.61764			6
2024.09.09	01:50:43.928	0.61759				2
2024.09.09	01:51:00.448	0.61759				2
2024.09.09	01:51:02.720		0.61764			4
2024.09.09	01:51:18.701	0.61760				2
2024.09.09	01:51:25.956	0.61759				2
2024.09.09	01:51:26.275	0.61760				2
2024.09.09	01:51:28.665	0.61759				2
2024.09.09	01:51:29.574	0.61760				2
2024.09.09	01:51:49.397	0.61759				2
2024.09.09	01:52:00.621	0.61759				2
2024.09.09	01:52:03.497		0.61764			4
2024.09.09	01:52:05.856	0.61753	0.61758			6
2024.09.09	01:52:08.245		0.61759			4
2024.09.09	01:52:10.773		0.61758			4
2024.09.09	01:52:20.362		0.61759			4
2024.09.09	01:52:21.340	0.61749	0.61754			6
2024.09.09	01:52:21.997	0.61750				2
2024.09.09	01:52:24.024	0.61749				2
2024.09.09	01:52:27.455	0.61750				2
2024.09.09	01:52:29.364	0.61749				2
2024.09.09	01:52:30.507	0.61750				2
2024.09.09	01:52:32.384	0.61749				2
2024.09.09	01:52:32.758	0.61750				2
2024.09.09	01:52:47.984	0.61751	0.61755			6
2024.09.09	01:52:49.223	0.61749	0.61754			6
2024.09.09	01:52:50.079	0.61750				2
2024.09.09	01:52:54.138	0.61749				2
2024.09.09	01:52:55.185	0.61750				2
2024.09.09	01:52:57.318	0.61749				2
2024.09.09	01:53:00.237	0.61749				2
2024.09.09	01:53:11.483	0.61743	0.61749			6
2024.09.09	01:53:11.788	0.61742	0.61748			6
2024.09.09	01:53:16.825		0.61749			4
2024.09.09	01:53:17.126		0.61748			4
2024.09.09	01:53:23.155		0.61749			4
2024.09.09	01:53:25.300		0.61748			4
2024.09.09	01:53:27.303	0.61741	0.61747			6
2024.09.09	01:53:40.251	0.61740				2
2024.09.09	01:53:53.384	0.61741				2
2024.09.09	01:53:53.688	0.61740				2
2024.09.09	01:53:56.590		0.61746			4
2024.09.09	01:54:03.770	0.61741	0.61747			6
2024.09.09	01:54:16.057	0.61742	0.61748			6
2024.09.09	01:55:00.427	0.61742				2
2024.09.09	01:55:16.183		0.61748			4
2024.09.09	01:56:02.068	0.61742				2
2024.09.09	01:56:02.924	0.61738	0.61744			6
2024.09.09	01:56:17.786	0.61737	0.61742			6
2024.09.09	01:56:21.604	0.61736				2
2024.09.09	01:56:47.803	0.61732	0.61738			6
2024.09.09	01:56:56.042	0.61733	0.61739			6
2024.09.09	01:56:58.095	0.61732	0.61738			6
2024.09.09	01:57:00.752	0.61732				2
2024.09.09	01:57:04.980	0.61727	0.61733			6
2024.09.09	01:57:13.237	0.61730	0.61736			6
2024.09.09	01:57:13.562		0.61737			4
2024.09.09	01:57:32.812		0.61736			4
2024.09.09	01:57:51.744	0.61731				2
2024.09.09	01:57:53.278	0.61730	0.61735			6
2024.09.09	01:58:00.738	0.61730				2
2024.09.09	01:58:02.741	0.61731				2
2024.09.09	01:58:03.749	0.61730				2
2024.09.09	01:58:11.903	0.61731				2
2024.09.09	01:58:23.233	0.61730				2
2024.09.09	01:58:23.603	0.61731				2
2024.09.09	01:58:31.596	0.61730				2
2024.09.09	01:58:34.338	0.61729	0.61734			6
2024.09.09	01:58:35.404	0.61725	0.61732			6
2024.09.09	01:58:35.707	0.61724	0.61731			6
2024.09.09	01:58:36.024	0.61725				2
2024.09.09	01:58:53.622		0.61730			4
2024.09.09	01:59:00.213	0.61725				2
2024.09.09	01:59:00.524	0.61722	0.61728			6
2024.09.09	01:59:02.685	0.61723	0.61729			6
2024.09.09	01:59:03.667	0.61725	0.61731			6
2024.09.09	01:59:04.236		0.61730			4
2024.09.09	01:59:08.287		0.61731			4
2024.09.09	01:59:12.576		0.61730			4
2024.09.09	01:59:12.913	0.61724				2
2024.09.09	01:59:15.117	0.61725				2
2024.09.09	01:59:25.220		0.61731			4
2024.09.09	01:59:29.043	0.61724				2
2024.09.09	01:59:29.360	0.61728	0.61734			6
2024.09.09	01:59:32.416	0.61727	0.61733			6
2024.09.09	01:59:32.776		0.61732			4
2024.09.09	01:59:36.293	0.61726				2
2024.09.09	01:59:36.634		0.61731			4
2024.09.09	01:59:58.289	0.61725	0.61730			6
2024.09.09	02:00:00.288	0.61725				2
2024.09.09	02:00:02.585		0.61731			4
2024.09.09	02:00:02.891	0.61726				2
2024.09.09	02:00:03.460	0.61728	0.61733			6
2024.09.09	02:00:04.075	0.61731	0.61734			6
2024.09.09	02:00:04.382	0.61733	0.61739			6
2024.09.09	02:00:05.218		0.61738			4
2024.09.09	02:00:05.965	0.61734	0.61739			6
2024.09.09	02:00:06.362	0.61735	0.61741			6
2024.09.09	02:00:11.916	0.61737	0.61742			6
2024.09.09	02:00:12.268	0.61739	0.61744			6
2024.09.09	02:00:25.427	0.61738				2
2024.09.09	02:00:29.844		0.61743			4
2024.09.09	02:00:35.865		0.61744			4
2024.09.09	02:00:39.131		0.61743			4
2024.09.09	02:00:40.174	0.61733	0.61737			6
2024.09.09	02:00:40.485	0.61732	0.61738			6
2024.09.09	02:00:41.464		0.61737			4
2024.09.09	02:00:44.664		0.61738			4
2024.09.09	02:00:45.678		0.61737			4
2024.09.09	02:00:49.548		0.61734			4
2024.09.09	02:00:50.567		0.61737			4
2024.09.09	02:00:51.781		0.61738			4
2024.09.09	02:00:52.831		0.61737			4
2024.09.09	02:00:56.672		0.61738			4
2024.09.09	02:00:56.984		0.61737			4
2024.09.09	02:00:59.281		0.61738			4
2024.09.09	02:01:00.062	0.61732				2
2024.09.09	02:01:00.434	0.61720	0.61724			6
2024.09.09	02:01:01.579		0.61725			4
2024.09.09	02:01:03.667	0.61721	0.61726			6
2024.09.09	02:01:07.873	0.61720	0.61723			6
2024.09.09	02:01:08.179	0.61718				2
2024.09.09	02:01:15.397		0.61722			4
2024.09.09	02:01:15.867		0.61723			4
2024.09.09	02:01:17.163	0.61720	0.61724			6
2024.09.09	02:01:17.859	0.61718	0.61723			6
2024.09.09	02:01:29.280	0.61719				2
2024.09.09	02:01:30.979	0.61718				2
2024.09.09	02:01:32.502	0.61719				2
2024.09.09	02:01:41.848	0.61718	0.61722			6
2024.09.09	02:01:42.262		0.61723			4
2024.09.09	02:01:44.266	0.61720				2
2024.09.09	02:01:46.802		0.61724			4
2024.09.09	02:01:47.124		0.61725			4
2024.09.09	02:01:48.317		0.61724			4
2024.09.09	02:01:54.260		0.61725			4
2024.09.09	02:01:59.011		0.61724			4
2024.09.09	02:02:00.173	0.61720				2
2024.09.09	02:02:08.143	0.61721				2
2024.09.09	02:02:08.556	0.61720				2
2024.09.09	02:02:10.228	0.61721				2
2024.09.09	02:02:12.313	0.61720				2
2024.09.09	02:02:12.638	0.61721				2
2024.09.09	02:02:12.945	0.61720				2
2024.09.09	02:02:25.601	0.61723	0.61727			6
2024.09.09	02:02:25.924	0.61721				2
2024.09.09	02:02:27.878	0.61722				2
2024.09.09	02:02:33.025	0.61721				2
2024.09.09	02:02:35.788	0.61722				2
2024.09.09	02:02:37.180	0.61723	0.61729			6
2024.09.09	02:02:37.489	0.61724				2
2024.09.09	02:02:38.748	0.61722	0.61727			6
2024.09.09	02:02:39.598		0.61728			4
2024.09.09	02:02:43.324		0.61727			4
2024.09.09	02:02:46.441	0.61720	0.61725			6
2024.09.09	02:02:46.744	0.61721	0.61727			6
2024.09.09	02:02:48.811	0.61722				2
2024.09.09	02:02:49.113	0.61724	0.61730			6
2024.09.09	02:02:51.749	0.61727	0.61731			6
2024.09.09	02:02:52.084	0.61731	0.61736			6
2024.09.09	02:02:55.463	0.61732	0.61737			6
2024.09.09	02:02:57.045	0.61730	0.61735			6
2024.09.09	02:02:59.766	0.61732	0.61736			6
2024.09.09	02:03:00.092	0.61732				2
2024.09.09	02:03:12.116		0.61735			4
2024.09.09	02:03:12.740	0.61731				2
2024.09.09	02:03:13.537	0.61732				2
2024.09.09	02:03:25.853	0.61731				2
2024.09.09	02:03:27.165	0.61732				2
2024.09.09	02:03:28.270	0.61731				2
2024.09.09	02:03:29.378	0.61732	0.61736			6
2024.09.09	02:03:36.010	0.61731	0.61737			6
2024.09.09	02:03:36.313	0.61732				2
2024.09.09	02:03:36.903		0.61736			4
2024.09.09	02:03:42.190	0.61731	0.61735			6
2024.09.09	02:03:45.081	0.61732	0.61736			6
2024.09.09	02:03:45.737	0.61731				2
2024.09.09	02:03:48.048	0.61732				2
2024.09.09	02:03:48.965	0.61731				2
2024.09.09	02:03:49.275	0.61732				2
2024.09.09	02:03:50.662		0.61735			4
2024.09.09	02:03:51.075	0.61734	0.61738			6
2024.09.09	02:03:54.136	0.61737	0.61741			6
2024.09.09	02:03:56.101		0.61740			4
2024.09.09	02:03:56.447	0.61738	0.61741			6
2024.09.09	02:03:56.748		0.61742			4
2024.09.09	02:03:58.115	0.61739				2
2024.09.09	02:03:58.417		0.61743			4
2024.09.09	02:03:59.169	0.61740	0.61744			6
2024.09.09	02:03:59.797	0.61739				2
2024.09.09	02:04:00.295	0.61739				2
2024.09.09	02:04:02.878		0.61742			4
2024.09.09	02:04:04.621	0.61738	0.61740			6
2024.09.09	02:04:04.928		0.61741			4
2024.09.09	02:04:07.283	0.61737				2
2024.09.09	02:04:07.593		0.61740			4
2024.09.09	02:04:10.734		0.61741			4
2024.09.09	02:04:11.775		0.61740			4
2024.09.09	02:04:12.955		0.61741			4
2024.09.09	02:04:14.030	0.61736				2
2024.09.09	02:04:14.946		0.61740			4
2024.09.09	02:04:15.265		0.61741			4
2024.09.09	02:04:18.682	0.61732	0.61737			6
2024.09.09	02:04:24.909	0.61731	0.61736			6
2024.09.09	02:04:25.524	0.61732				2
2024.09.09	02:04:25.931	0.61731				2
2024.09.09	02:04:27.585	0.61732				2
2024.09.09	02:04:28.463		0.61737			4
2024.09.09	02:04:30.284		0.61736			4
2024.09.09	02:04:30.912		0.61734			4
2024.09.09	02:04:31.222	0.61729				2
2024.09.09	02:04:31.529	0.61728	0.61733			6
2024.09.09	02:04:34.430		0.61732			4
2024.09.09	02:04:34.976		0.61733			4
2024.09.09	02:04:35.286	0.61729				2
2024.09.09	02:04:35.960		0.61732			4
2024.09.09	02:04:36.275		0.61734			4
2024.09.09	02:04:39.790	0.61728	0.61733			6
2024.09.09	02:04:40.590	0.61722	0.61726			6
2024.09.09	02:04:43.583		0.61725			4
2024.09.09	02:04:43.897	0.61721				2
2024.09.09	02:04:44.293	0.61720				2
2024.09.09	02:04:44.596	0.61723	0.61727			6
2024.09.09	02:04:44.904	0.61722	0.61728			6
2024.09.09	02:04:47.230		0.61727			4
2024.09.09	02:04:48.654		0.61726			4
2024.09.09	02:04:56.446	0.61721				2
2024.09.09	02:05:00.058	0.61721				2
2024.09.09	02:05:04.399	0.61724	0.61729			6
2024.09.09	02:05:05.699	0.61726	0.61731			6
2024.09.09	02:05:20.624	0.61724	0.61728			6
2024.09.09	02:05:20.971		0.61729			4
2024.09.09	02:05:28.633		0.61728			4
2024.09.09	02:05:31.880		0.61727			4
2024.09.09	02:05:32.615		0.61729			4
2024.09.09	02:05:41.744	0.61726	0.61731			6
2024.09.09	02:05:47.718		0.61730			4
2024.09.09	02:05:48.121		0.61731			4
2024.09.09	02:06:00.940	0.61726				2
2024.09.09	02:06:08.342		0.61730			4
2024.09.09	02:06:09.646		0.61731			4
2024.09.09	02:06:11.822	0.61723	0.61729			6
2024.09.09	02:06:12.280	0.61724				2
2024.09.09	02:06:17.947	0.61725	0.61730			6
2024.09.09	02:06:18.641	0.61728	0.61732			6
2024.09.09	02:06:21.699	0.61727	0.61731			6
2024.09.09	02:06:28.332		0.61732			4
2024.09.09	02:06:29.014		0.61733			4
2024.09.09	02:06:29.809	0.61728				2
2024.09.09	02:06:31.368		0.61732			4
2024.09.09	02:06:32.046	0.61729	0.61733			6
2024.09.09	02:06:32.361	0.61730				2
2024.09.09	02:06:35.030	0.61729				2
2024.09.09	02:06:36.699	0.61728				2
2024.09.09	02:06:39.957		0.61732			4
2024.09.09	02:06:43.384	0.61724	0.61729			6
2024.09.09	02:06:44.427		0.61728			4
2024.09.09	02:06:45.514	0.61723				2
2024.09.09	02:06:46.385		0.61726			4
2024.09.09	02:06:46.743	0.61722				2
2024.09.09	02:06:50.828	0.61724	0.61727			6
2024.09.09	02:06:51.974	0.61723				2
2024.09.09	02:06:55.936		0.61726			4
2024.09.09	02:06:56.834	0.61722				2
2024.09.09	02:06:57.151	0.61723	0.61728			6
2024.09.09	02:06:57.808		0.61726			4
2024.09.09	02:06:58.888		0.61728			4
2024.09.09	02:06:59.759		0.61727			4
2024.09.09	02:07:00.062	0.61723	0.61729			6
2024.09.09	02:07:03.583	0.61722	0.61727			6
2024.09.09	02:07:04.011		0.61726			4
2024.09.09	02:07:05.666		0.61727			4
2024.09.09	02:07:08.118		0.61725			4
2024.09.09	02:07:26.519	0.61720	0.61723			6
2024.09.09	02:07:30.607	0.61723	0.61728			6
2024.09.09	02:07:38.879	0.61724	0.61729			6
2024.09.09	02:07:53.783	0.61720	0.61724			6
2024.09.09	02:07:55.336	0.61724	0.61729			6
2024.09.09	02:07:55.642	0.61725	0.61730			6
2024.09.09	02:07:59.861	0.61724				2
2024.09.09	02:08:00.186	0.61724				2
2024.09.09	02:08:13.001	0.61719	0.61723			6
2024.09.09	02:08:14.075	0.61720	0.61724			6
2024.09.09	02:08:14.881	0.61719				2
2024.09.09	02:08:20.718		0.61725			4
2024.09.09	02:08:21.123	0.61721				2
2024.09.09	02:08:23.626	0.61724	0.61729			6
2024.09.09	02:08:26.470	0.61725				2
2024.09.09	02:08:28.204	0.61726	0.61730			6
2024.09.09	02:08:33.828	0.61731	0.61735			6
2024.09.09	02:08:39.133	0.61732				2
2024.09.09	02:08:39.841	0.61734	0.61737			6
2024.09.09	02:08:44.378	0.61733				2
2024.09.09	02:08:45.101	0.61732	0.61736			6
2024.09.09	02:08:52.292		0.61737			4
2024.09.09	02:09:00.007	0.61732	0.61736			6
2024.09.09	02:09:02.189	0.61731				2
2024.09.09	02:09:04.570	0.61730				2
2024.09.09	02:09:05.389		0.61735			4
2024.09.09	02:09:08.185		0.61734			4
2024.09.09	02:09:11.990	0.61728	0.61732			6
2024.09.09	02:09:12.301		0.61731			4
2024.09.09	02:09:12.619		0.61732			4
2024.09.09	02:09:14.578	0.61722	0.61726			6
2024.09.09	02:09:26.438	0.61721	0.61725			6
2024.09.09	02:09:27.100	0.61720				2
2024.09.09	02:09:29.481	0.61721				2
2024.09.09	02:09:36.067		0.61726			4
2024.09.09	02:09:36.373	0.61718	0.61723			6
2024.09.09	02:09:36.683	0.61717				2
2024.09.09	02:09:37.002		0.61721			4
2024.09.09	02:09:37.333		0.61723			4
2024.09.09	02:09:41.344	0.61718				2
2024.09.09	02:09:44.361	0.61717				2
2024.09.09	02:09:46.455	0.61718				2
2024.09.09	02:09:47.606	0.61719				2
2024.09.09	02:09:51.785	0.61718	0.61722			6
2024.09.09	02:09:53.802	0.61717				2
2024.09.09	02:09:54.920		0.61721			4
2024.09.09	02:09:56.582		0.61722			4
2024.09.09	02:09:57.726		0.61721			4
2024.09.09	02:09:58.472		0.61722			4
2024.09.09	02:10:00.160	0.61717				2
2024.09.09	02:10:08.078	0.61718				2
2024.09.09	02:10:08.737	0.61717				2
2024.09.09	02:10:12.876		0.61721			4
2024.09.09	02:10:13.181		0.61722			4
2024.09.09	02:10:14.372		0.61721			4
2024.09.09	02:10:14.778		0.61722			4
2024.09.09	02:10:15.088	0.61718	0.61723			6
2024.09.09	02:10:17.991		0.61724			4
2024.09.09	02:10:21.698	0.61719				2
2024.09.09	02:10:26.898		0.61723			4
2024.09.09	02:10:31.243	0.61724	0.61729			6
2024.09.09	02:10:50.685	0.61725				2
2024.09.09	02:10:51.290		0.61730			4
2024.09.09	02:10:53.710	0.61724	0.61729			6
2024.09.09	02:10:58.936		0.61730			4
2024.09.09	02:11:00.070	0.61725				2
2024.09.09	02:11:03.120	0.61730	0.61734			6
2024.09.09	02:11:03.424		0.61735			4
2024.09.09	02:11:09.160		0.61734			4
2024.09.09	02:11:11.549		0.61733			4
2024.09.09	02:11:11.863	0.61729	0.61731			6
2024.09.09	02:11:12.913		0.61732			4
2024.09.09	02:11:13.401		0.61731			4
2024.09.09	02:11:13.705		0.61732			4
2024.09.09	02:11:17.091		0.61733			4
2024.09.09	02:11:21.069	0.61728	0.61732			6
2024.09.09	02:11:23.485	0.61727				2
2024.09.09	02:11:27.274		0.61731			4
2024.09.09	02:11:28.586		0.61730			4
2024.09.09	02:11:33.315	0.61726				2
2024.09.09	02:11:34.381		0.61729			4
2024.09.09	02:11:36.157		0.61730			4
2024.09.09	02:11:49.249	0.61725				2
2024.09.09	02:12:00.348	0.61725				2
2024.09.09	02:12:11.261	0.61726	0.61731			6
2024.09.09	02:12:15.127	0.61725	0.61728			6
2024.09.09	02:12:22.094	0.61724				2
2024.09.09	02:12:44.225	0.61726	0.61731			6
2024.09.09	02:12:44.954	0.61728				2
2024.09.09	02:12:45.635	0.61727				2
2024.09.09	02:12:51.481	0.61726	0.61730			6
2024.09.09	02:13:00.250	0.61726				2
2024.09.09	02:13:11.571	0.61727	0.61731			6
2024.09.09	02:13:12.388	0.61728				2
2024.09.09	02:13:18.985		0.61732			4
2024.09.09	02:13:21.547	0.61727				2
2024.09.09	02:13:22.007		0.61730			4
2024.09.09	02:13:24.084		0.61731			4
2024.09.09	02:13:30.503		0.61732			4
2024.09.09	02:13:33.145	0.61728				2
2024.09.09	02:13:33.451	0.61727				2
2024.09.09	02:13:43.358	0.61725	0.61729			6
2024.09.09	02:13:54.394	0.61724	0.61727			6
2024.09.09	02:13:54.702	0.61723				2
2024.09.09	02:14:00.358	0.61723				2
2024.09.09	02:14:28.518	0.61722	0.61726			6
2024.09.09	02:14:29.161	0.61721	0.61725			6
2024.09.09	02:14:33.869	0.61722	0.61726			6
2024.09.09	02:14:36.568	0.61721	0.61725			6
2024.09.09	02:14:37.575	0.61720	0.61724			6
2024.09.09	02:14:38.506	0.61713	0.61718			6
2024.09.09	02:14:39.182	0.61714				2
2024.09.09	02:14:43.907		0.61716			4
2024.09.09	02:14:45.044		0.61717			4
2024.09.09	02:15:00.861	0.61714				2
2024.09.09	02:15:01.163	0.61712				2
2024.09.09	02:15:10.626	0.61713				2
2024.09.09	02:15:17.401	0.61712				2
2024.09.09	02:15:19.541	0.61713				2
2024.09.09	02:15:44.036	0.61719	0.61723			6
2024.09.09	02:15:44.344	0.61717	0.61721			6
2024.09.09	02:16:00.421	0.61714	0.61718			6
2024.09.09	02:16:24.661	0.61720	0.61723			6
2024.09.09	02:16:25.071	0.61722	0.61726			6
2024.09.09	02:17:06.902	0.61720	0.61724			6
2024.09.09	02:17:12.106	0.61721	0.61725			6
2024.09.09	02:17:17.391	0.61722	0.61726			6
2024.09.09	02:17:28.037	0.61721	0.61725			6
2024.09.09	02:17:53.524	0.61723	0.61726			6
2024.09.09	02:17:54.955		0.61727			4
2024.09.09	02:17:55.267	0.61722	0.61726			6
2024.09.09	02:18:01.491	0.61722				2
2024.09.09	02:18:05.404	0.61723	0.61727			6
2024.09.09	02:18:07.050		0.61726			4
2024.09.09	02:18:07.353	0.61722				2
2024.09.09	02:18:10.039	0.61721	0.61725			6
2024.09.09	02:18:22.475	0.61732	0.61736			6
2024.09.09	02:18:22.784	0.61731	0.61735			6
2024.09.09	02:18:31.523	0.61729	0.61733			6
2024.09.09	02:18:33.034		0.61732			4
2024.09.09	02:18:35.885	0.61726	0.61729			6
2024.09.09	02:18:36.982		0.61730			4
2024.09.09	02:18:55.389	0.61724	0.61727			6
2024.09.09	02:18:56.108		0.61728			4
2024.09.09	02:18:56.610	0.61723	0.61726			6
2024.09.09	02:18:56.925		0.61727			4
2024.09.09	02:19:00.408	0.61723				2
2024.09.09	02:19:01.619	0.61722	0.61726			6
2024.09.09	02:19:38.894	0.61723				2
2024.09.09	02:20:01.070	0.61723				2
2024.09.09	02:20:01.766		0.61726			4
2024.09.09	02:20:02.836	0.61722				2
2024.09.09	02:20:14.048	0.61723				2
2024.09.09	02:20:14.370	0.61722				2
2024.09.09	02:20:23.623	0.61723				2
2024.09.09	02:20:25.459	0.61724				2
2024.09.09	02:20:29.431	0.61732	0.61736			6
2024.09.09	02:20:29.743	0.61735	0.61738			6
2024.09.09	02:20:30.106	0.61734				2
2024.09.09	02:20:30.487	0.61735				2
2024.09.09	02:20:33.377	0.61733	0.61737			6
2024.09.09	02:20:36.271	0.61734				2
2024.09.09	02:20:39.743	0.61733				2
2024.09.09	02:20:45.613		0.61736			4
2024.09.09	02:20:51.825	0.61735	0.61738			6
2024.09.09	02:20:53.681	0.61734	0.61737			6
2024.09.09	02:20:58.458	0.61733	0.61736			6
2024.09.09	02:21:00.207	0.61733				2
2024.09.09	02:21:11.760	0.61732	0.61735			6
2024.09.09	02:21:28.736	0.61729	0.61733			6
2024.09.09	02:21:29.645		0.61732			4
2024.09.09	02:21:31.687	0.61727	0.61729			6
2024.09.09	02:21:32.903		0.61730			4
2024.09.09	02:21:36.414		0.61729			4
2024.09.09	02:21:44.367	0.61726				2
2024.09.09	02:21:45.914	0.61727				2
2024.09.09	02:21:50.748		0.61730			4
2024.09.09	02:21:53.231		0.61729			4
2024.09.09	02:21:56.715	0.61728	0.61731			6
2024.09.09	02:21:57.025	0.61729				2
2024.09.09	02:21:57.536	0.61728				2
2024.09.09	02:22:00.401	0.61728				2
2024.09.09	02:22:03.718	0.61729	0.61732			6
2024.09.09	02:22:06.612	0.61730				2
2024.09.09	02:22:17.312	0.61729				2
2024.09.09	02:22:18.668	0.61728				2
2024.09.09	02:22:19.241	0.61729				2
2024.09.09	02:22:23.590	0.61730				2
2024.09.09	02:22:29.857	0.61728				2
2024.09.09	02:22:46.462	0.61729				2
2024.09.09	02:22:52.525	0.61730				2
2024.09.09	02:23:00.936	0.61730				2
2024.09.09	02:23:01.669	0.61729				2
2024.09.09	02:23:02.339	0.61730				2
2024.09.09	02:23:04.181		0.61732			4
2024.09.09	02:23:09.205	0.61729	0.61731			6
2024.09.09	02:23:10.547		0.61732			4
2024.09.09	02:23:35.079	0.61728				2
2024.09.09	02:23:35.382	0.61729				2
2024.09.09	02:23:36.041	0.61728				2
2024.09.09	02:23:36.680	0.61729				2
2024.09.09	02:23:39.047	0.61728				2
2024.09.09	02:23:39.851	0.61729				2
2024.09.09	02:23:53.143	0.61734	0.61736			6
2024.09.09	02:23:53.446	0.61732				2
2024.09.09	02:23:53.811		0.61735			4
2024.09.09	02:23:55.746	0.61733				2
2024.09.09	02:23:59.104	0.61732				2
2024.09.09	02:24:00.140	0.61732				2
2024.09.09	02:24:03.062	0.61733				2
2024.09.09	02:24:03.365	0.61737	0.61739			6
2024.09.09	02:24:06.466		0.61740			4
2024.09.09	02:24:10.312	0.61739				2
2024.09.09	02:24:11.101	0.61738				2
2024.09.09	02:24:12.712	0.61737				2
2024.09.09	02:24:23.845	0.61741	0.61744			6
2024.09.09	02:24:26.660		0.61745			4
2024.09.09	02:24:36.265		0.61744			4
2024.09.09	02:24:36.595	0.61739	0.61742			6
2024.09.09	02:24:37.940	0.61740				2
2024.09.09	02:24:39.188	0.61741				2
2024.09.09	02:24:39.503		0.61744			4
2024.09.09	02:24:45.767		0.61745			4
2024.09.09	02:24:47.168	0.61743	0.61746			6
2024.09.09	02:24:57.030	0.61742	0.61745			6
2024.09.09	02:24:59.187		0.61744			4
2024.09.09	02:25:00.481	0.61742				2
2024.09.09	02:25:06.177	0.61751	0.61752			6
2024.09.09	02:25:06.805	0.61750	0.61751			6
2024.09.09	02:25:16.146		0.61752			4
2024.09.09	02:25:17.242	0.61749	0.61751			6
2024.09.09	02:25:18.420		0.61752			4
2024.09.09	02:25:20.015	0.61748	0.61750			6
2024.09.09	02:25:20.329	0.61745	0.61747			6
2024.09.09	02:25:20.645	0.61748	0.61750			6
2024.09.09	02:25:24.552	0.61750	0.61752			6
2024.09.09	02:25:31.293	0.61753	0.61755			6
2024.09.09	02:25:32.314	0.61754				2
2024.09.09	02:25:42.352	0.61757	0.61758			6
2024.09.09	02:25:42.759	0.61760	0.61762			6
2024.09.09	02:25:43.063	0.61761				2
2024.09.09	02:25:43.501	0.61760				2
2024.09.09	02:25:51.126	0.61761				2
2024.09.09	02:25:57.295	0.61760				2
2024.09.09	02:25:57.949	0.61758				2
2024.09.09	02:26:00.012	0.61758				2
2024.09.09	02:26:01.402	0.61759				2
2024.09.09	02:26:01.735	0.61761				2
2024.09.09	02:26:03.197	0.61760				2
2024.09.09	02:26:05.078	0.61754	0.61757			6
2024.09.09	02:26:05.570		0.61756			4
2024.09.09	02:26:05.928	0.61753				2
2024.09.09	02:26:10.850	0.61754				2
2024.09.09	02:26:11.521	0.61749	0.61750			6
2024.09.09	02:26:11.824	0.61746	0.61749			6
2024.09.09	02:26:12.849	0.61745	0.61748			6
2024.09.09	02:26:13.216	0.61744	0.61747			6
2024.09.09	02:26:13.635	0.61736	0.61740			6
2024.09.09	02:26:13.942		0.61738			4
2024.09.09	02:26:15.721	0.61737	0.61740			6
2024.09.09	02:26:24.040	0.61739	0.61741			6
2024.09.09	02:26:30.781	0.61740	0.61742			6
2024.09.09	02:26:31.105	0.61739				2
2024.09.09	02:26:51.249	0.61738	0.61741			6
2024.09.09	02:26:52.045	0.61736	0.61739			6
2024.09.09	02:27:00.104	0.61736				2
2024.09.09	02:27:31.146	0.61735	0.61737			6
2024.09.09	02:27:33.771	0.61728	0.61732			6
2024.09.09	02:27:34.075	0.61729				2
2024.09.09	02:27:34.825	0.61733	0.61735			6
2024.09.09	02:27:35.145	0.61731				2
2024.09.09	02:27:35.871	0.61732				2
2024.09.09	02:27:47.412	0.61731				2
2024.09.09	02:27:54.814	0.61732	0.61734			6
2024.09.09	02:28:00.924	0.61732				2
2024.09.09	02:28:01.550	0.61731				2
2024.09.09	02:28:02.298	0.61732				2
2024.09.09	02:28:09.276		0.61735			4
2024.09.09	02:28:10.210		0.61734			4
2024.09.09	02:28:11.715	0.61736	0.61737			6
2024.09.09	02:28:13.222	0.61734				2
2024.09.09	02:28:14.095	0.61735				2
2024.09.09	02:28:15.219	0.61736				2
2024.09.09	02:28:16.263	0.61735				2
2024.09.09	02:28:17.218	0.61736				2
2024.09.09	02:28:19.327		0.61738			4
2024.09.09	02:28:22.075	0.61737	0.61739			6
2024.09.09	02:29:00.099	0.61737				2
2024.09.09	02:29:22.649		0.61739			4
2024.09.09	02:29:28.241		0.61738			4
2024.09.09	02:29:32.168	0.61736				2
2024.09.09	02:29:36.967	0.61737				2
2024.09.09	02:29:44.380		0.61739			4
2024.09.09	02:30:00.465	0.61737				2
2024.09.09	02:30:05.856	0.61736	0.61738			6
2024.09.09	02:30:08.043		0.61737			4
2024.09.09	02:30:08.806		0.61738			4
2024.09.09	02:30:09.172	0.61733	0.61737			6
2024.09.09	02:30:09.484		0.61735			4
2024.09.09	02:30:09.922		0.61736			4
2024.09.09	02:30:10.917	0.61734				2
2024.09.09	02:30:11.544	0.61731	0.61735			6
2024.09.09	02:30:11.998	0.61732				2
2024.09.09	02:30:12.754	0.61731				2
2024.09.09	02:30:13.107	0.61732				2
2024.09.09	02:30:19.469	0.61731				2
2024.09.09	02:30:31.716	0.61734	0.61737			6
2024.09.09	02:30:32.772	0.61732	0.61736			6
2024.09.09	02:30:33.089	0.61733				2
2024.09.09	02:30:34.103	0.61732	0.61735			6
2024.09.09	02:30:38.433	0.61733				2
2024.09.09	02:30:39.261		0.61736			4
2024.09.09	02:30:40.658	0.61734	0.61737			6
2024.09.09	02:30:41.027	0.61733	0.61735			6
2024.09.09	02:30:42.281	0.61731	0.61734			6
2024.09.09	02:31:00.444	0.61732	0.61736			6
2024.09.09	02:31:00.743	0.61734				2
2024.09.09	02:31:05.442	0.61733				2
2024.09.09	02:31:05.828	0.61734				2
2024.09.09	02:31:06.245	0.61735				2
2024.09.09	02:31:06.557	0.61733				2
2024.09.09	02:31:06.964	0.61731	0.61735			6
2024.09.09	02:31:07.275	0.61734	0.61736			6
2024.09.09	02:31:07.712	0.61732	0.61735			6
2024.09.09	02:31:10.006	0.61733				2
2024.09.09	02:31:10.792	0.61732				2
2024.09.09	02:31:14.852	0.61731	0.61734			6
2024.09.09	02:31:19.296	0.61733	0.61735			6
2024.09.09	02:31:19.925	0.61732				2
2024.09.09	02:31:24.100	0.61731				2
2024.09.09	02:31:24.413	0.61732				2
2024.09.09	02:31:26.171	0.61731				2
2024.09.09	02:31:32.951	0.61732				2
2024.09.09	02:31:45.938	0.61729	0.61732			6
2024.09.09	02:31:48.059	0.61730				2
2024.09.09	02:31:53.031	0.61731				2
2024.09.09	02:31:54.312	0.61730				2
2024.09.09	02:32:00.034	0.61730				2
2024.09.09	02:32:03.880	0.61729				2
2024.09.09	02:32:05.860	0.61730				2
2024.09.09	02:32:13.435	0.61729				2
2024.09.09	02:32:15.301	0.61730				2
2024.09.09	02:32:24.470	0.61724	0.61726			6
2024.09.09	02:32:25.608	0.61725				2
2024.09.09	02:32:29.570	0.61726	0.61727			6
2024.09.09	02:32:30.545	0.61725	0.61726			6
2024.09.09	02:32:33.406	0.61726	0.61727			6
2024.09.09	02:32:39.121	0.61731	0.61732			6
2024.09.09	02:32:39.452	0.61727	0.61730			6
2024.09.09	02:32:39.762	0.61726	0.61727			6
2024.09.09	02:32:50.572	0.61727	0.61728			6
2024.09.09	02:32:55.455	0.61726	0.61727			6
2024.09.09	02:32:56.609	0.61727	0.61728			6
2024.09.09	02:33:00.358	0.61727				2
2024.09.09	02:33:21.358		0.61729			4
2024.09.09	02:33:22.484		0.61731			4
2024.09.09	02:33:22.816	0.61726				2
2024.09.09	02:33:23.651		0.61730			4
2024.09.09	02:33:24.696	0.61725	0.61731			6
2024.09.09	02:33:27.516	0.61726				2
2024.09.09	02:33:30.081	0.61725				2
2024.09.09	02:33:31.545	0.61727				2
2024.09.09	02:33:32.825	0.61728				2
2024.09.09	02:33:35.796	0.61730	0.61733			6
2024.09.09	02:33:45.519	0.61736	0.61737			6
2024.09.09	02:33:46.696		0.61738			4
2024.09.09	02:33:47.681		0.61740			4
2024.09.09	02:33:47.983		0.61739			4
2024.09.09	02:33:50.068	0.61734	0.61737			6
2024.09.09	02:33:50.685		0.61736			4
2024.09.09	02:33:53.975	0.61733				2
2024.09.09	02:33:58.927	0.61732				2
2024.09.09	02:34:00.541	0.61732				2
2024.09.09	02:34:00.859		0.61735			4
2024.09.09	02:34:01.164	0.61733	0.61736			6
2024.09.09	02:34:02.631	0.61732				2
2024.09.09	02:34:03.631	0.61733				2
2024.09.09	02:34:09.466	0.61732				2
2024.09.09	02:34:10.501	0.61733				2
2024.09.09	02:34:12.730	0.61732				2
2024.09.09	02:34:14.938	0.61733				2
2024.09.09	02:34:27.009	0.61732				2
2024.09.09	02:34:27.575	0.61734				2
2024.09.09	02:34:29.357	0.61735				2
2024.09.09	02:34:29.658	0.61734				2
2024.09.09	02:34:30.152	0.61732				2
2024.09.09	02:34:30.462	0.61733				2
2024.09.09	02:34:31.390	0.61732				2
2024.09.09	02:34:32.392	0.61733				2
2024.09.09	02:34:34.241	0.61731	0.61735			6
2024.09.09	02:34:39.658	0.61733	0.61736			6
2024.09.09	02:34:47.412	0.61734				2
2024.09.09	02:34:55.671	0.61733				2
2024.09.09	02:34:56.413	0.61734				2
2024.09.09	02:34:56.884	0.61736	0.61740			6
2024.09.09	02:35:01.163	0.61736				2
2024.09.09	02:35:03.572	0.61738	0.61741			6
2024.09.09	02:35:03.907	0.61739	0.61742			6
2024.09.09	02:35:04.287	0.61738				2
2024.09.09	02:35:32.715		0.61741			4
2024.09.09	02:35:33.070		0.61742			4
2024.09.09	02:35:33.836	0.61730	0.61732			6
2024.09.09	02:35:34.293		0.61733			4
2024.09.09	02:35:36.467	0.61733	0.61736			6
2024.09.09	02:35:36.782	0.61734				2
2024.09.09	02:35:38.301	0.61733				2
2024.09.09	02:35:38.622	0.61732				2
2024.09.09	02:35:55.218	0.61733				2
2024.09.09	02:36:00.433	0.61733				2
2024.09.09	02:36:05.997	0.61737	0.61740			6
2024.09.09	02:36:11.172		0.61741			4
2024.09.09	02:36:12.605	0.61735				2
2024.09.09	02:36:13.276		0.61740			4
2024.09.09	02:36:19.809	0.61736				2
2024.09.09	02:36:23.085	0.61735				2
2024.09.09	02:36:23.408	0.61736				2
2024.09.09	02:36:23.912	0.61737	0.61741			6
2024.09.09	02:36:26.087	0.61735				2
2024.09.09	02:36:33.401		0.61740			4
2024.09.09	02:36:34.305	0.61736				2
2024.09.09	02:36:35.026	0.61735				2
2024.09.09	02:36:35.659		0.61738			4
2024.09.09	02:36:36.631	0.61736				2
2024.09.09	02:36:37.382	0.61735				2
2024.09.09	02:36:44.748	0.61736				2
2024.09.09	02:36:45.104	0.61732	0.61737			6
2024.09.09	02:36:46.071	0.61734				2
2024.09.09	02:36:48.301		0.61736			4
2024.09.09	02:36:57.305	0.61735	0.61738			6
2024.09.09	02:36:58.403	0.61726	0.61727			6
2024.09.09	02:36:58.708	0.61725				2
2024.09.09	02:36:59.492	0.61726				2
2024.09.09	02:37:00.359	0.61726	0.61728			6
2024.09.09	02:37:01.263	0.61725	0.61729			6
2024.09.09	02:37:01.881	0.61726	0.61728			6
2024.09.09	02:37:03.275	0.61727				2
2024.09.09	02:37:06.823		0.61731			4
2024.09.09	02:37:07.142		0.61730			4
2024.09.09	02:37:23.816	0.61731	0.61733			6
2024.09.09	02:37:24.149	0.61732				2
2024.09.09	02:37:36.248		0.61734			4
2024.09.09	02:37:37.208	0.61731	0.61735			6
2024.09.09	02:37:38.064		0.61734			4
2024.09.09	02:37:42.722		0.61735			4
2024.09.09	02:37:43.381	0.61730				2
2024.09.09	02:37:47.362		0.61736			4
2024.09.09	02:37:52.387		0.61734			4
2024.09.09	02:37:57.411		0.61735			4
2024.09.09	02:38:02.104	0.61729	0.61734			6
2024.09.09	02:38:07.468	0.61730				2
2024.09.09	02:38:08.650		0.61733			4
2024.09.09	02:38:09.240	0.61729	0.61734			6
2024.09.09	02:38:10.934	0.61724	0.61727			6
2024.09.09	02:38:12.088	0.61723	0.61726			6
2024.09.09	02:38:13.295	0.61725				2
2024.09.09	02:38:13.617	0.61723				2
2024.09.09	02:38:16.881	0.61725				2
2024.09.09	02:38:17.799	0.61722				2
2024.09.09	02:38:18.283		0.61725			4
2024.09.09	02:38:20.862	0.61726	0.61728			6
2024.09.09	02:38:24.416		0.61727			4
2024.09.09	02:38:29.457	0.61725	0.61726			6
2024.09.09	02:38:30.593	0.61722	0.61725			6
2024.09.09	02:38:31.385	0.61723	0.61724			6
2024.09.09	02:38:38.479	0.61722				2
2024.09.09	02:38:39.199	0.61723				2
2024.09.09	02:39:00.122	0.61723				2
2024.09.09	02:39:10.826	0.61727	0.61728			6
2024.09.09	02:39:11.132	0.61726	0.61727			6
2024.09.09	02:39:16.013		0.61728			4
2024.09.09	02:39:18.606		0.61727			4
2024.09.09	02:39:34.982	0.61727	0.61728			6
2024.09.09	02:39:35.358		0.61729			4
2024.09.09	02:39:37.560		0.61728			4
2024.09.09	02:39:43.843	0.61726	0.61727			6
2024.09.09	02:39:46.345	0.61725				2
2024.09.09	02:39:46.673	0.61721	0.61723			6
2024.09.09	02:40:00.824	0.61723	0.61724			6
2024.09.09	02:40:01.125	0.61721	0.61723			6
2024.09.09	02:40:08.190	0.61720				2
2024.09.09	02:40:24.860		0.61722			4
2024.09.09	02:40:25.510	0.61716	0.61719			6
2024.09.09	02:40:27.588		0.61720			4
2024.09.09	02:40:28.893	0.61712	0.61715			6
2024.09.09	02:40:29.240	0.61711				2
2024.09.09	02:40:29.722	0.61712				2
2024.09.09	02:40:30.383		0.61716			4
2024.09.09	02:40:38.085	0.61713				2
2024.09.09	02:40:39.419	0.61708	0.61711			6
2024.09.09	02:40:41.489	0.61709	0.61712			6
2024.09.09	02:40:42.245	0.61708				2
2024.09.09	02:40:42.833		0.61713			4
2024.09.09	02:40:57.390	0.61716	0.61720			6
2024.09.09	02:40:57.697	0.61715				2
2024.09.09	02:41:00.209	0.61711	0.61715			6
2024.09.09	02:41:00.571		0.61714			4
2024.09.09	02:41:04.313	0.61709	0.61713			6
2024.09.09	02:41:04.624	0.61707				2
2024.09.09	02:41:07.871	0.61708				2
2024.09.09	02:41:08.701	0.61710				2
2024.09.09	02:41:13.362		0.61714			4
2024.09.09	02:41:23.350	0.61712	0.61716			6
2024.09.09	02:41:24.614	0.61713				2
2024.09.09	02:41:24.950	0.61712				2
2024.09.09	02:41:29.313	0.61713				2
2024.09.09	02:41:29.655	0.61712				2
2024.09.09	02:41:32.824	0.61711				2
2024.09.09	02:41:36.690	0.61713				2
2024.09.09	02:41:37.183	0.61712				2
2024.09.09	02:41:37.804		0.61717			4
2024.09.09	02:41:38.251	0.61714				2
2024.09.09	02:41:51.652	0.61715				2
2024.09.09	02:41:52.851	0.61714				2
2024.09.09	02:41:53.389	0.61715				2
2024.09.09	02:41:54.812	0.61711	0.61716			6
2024.09.09	02:41:55.342	0.61712	0.61715			6
2024.09.09	02:42:01.557	0.61712				2
2024.09.09	02:42:02.381		0.61716			4
2024.09.09	02:42:03.460	0.61715	0.61717			6
2024.09.09	02:42:06.889		0.61718			4
2024.09.09	02:42:07.812	0.61718	0.61721			6
2024.09.09	02:42:09.566	0.61716	0.61722			6
2024.09.09	02:42:09.881		0.61721			4
2024.09.09	02:42:10.949		0.61722			4
2024.09.09	02:42:16.461	0.61717				2
2024.09.09	02:42:18.791	0.61718				2
2024.09.09	02:42:39.259	0.61719				2
2024.09.09	02:42:39.562	0.61720				2
2024.09.09	02:42:41.700	0.61716	0.61721			6
2024.09.09	02:42:43.481		0.61722			4
2024.09.09	02:42:45.664		0.61721			4
2024.09.09	02:42:46.073	0.61713	0.61718			6
2024.09.09	02:43:00.551	0.61713				2
2024.09.09	02:43:04.009	0.61714				2
2024.09.09	02:43:04.563		0.61720			4
2024.09.09	02:43:11.518	0.61720	0.61723			6
2024.09.09	02:43:12.030	0.61719	0.61722			6
2024.09.09	02:43:16.713		0.61723			4
2024.09.09	02:43:17.341		0.61722			4
2024.09.09	02:43:20.160	0.61720	0.61724			6
2024.09.09	02:43:22.387	0.61719	0.61723			6
2024.09.09	02:43:23.341	0.61720				2
2024.09.09	02:43:23.682	0.61719	0.61722			6
2024.09.09	02:43:24.987	0.61720				2
2024.09.09	02:43:25.309	0.61719				2
2024.09.09	02:43:34.402	0.61720	0.61723			6
2024.09.09	02:43:38.093	0.61719	0.61722			6
2024.09.09	02:43:39.021		0.61723			4
2024.09.09	02:43:39.341		0.61722			4
2024.09.09	02:43:41.943	0.61720	0.61723			6
2024.09.09	02:43:42.746	0.61719				2
2024.09.09	02:43:45.844	0.61718	0.61720			6
2024.09.09	02:43:51.167	0.61720	0.61723			6
2024.09.09	02:43:55.147		0.61722			4
2024.09.09	02:43:56.643		0.61723			4
2024.09.09	02:43:57.386		0.61722			4
2024.09.09	02:44:00.399	0.61720				2
2024.09.09	02:44:00.729		0.61723			4
2024.09.09	02:44:01.304		0.61722			4
2024.09.09	02:44:04.343		0.61724			4
2024.09.09	02:44:05.264	0.61723	0.61726			6
2024.09.09	02:44:05.651	0.61722				2
2024.09.09	02:44:06.376		0.61725			4
2024.09.09	02:44:08.389	0.61723	0.61726			6
2024.09.09	02:44:09.436		0.61725			4
2024.09.09	02:44:11.169		0.61726			4
2024.09.09	02:44:11.531		0.61725			4
2024.09.09	02:44:12.224	0.61722	0.61724			6
2024.09.09	02:44:15.727		0.61725			4
2024.09.09	02:44:16.882		0.61724			4
2024.09.09	02:44:28.288	0.61723	0.61726			6
2024.09.09	02:44:30.265		0.61727			4
2024.09.09	02:44:30.923	0.61724	0.61728			6
2024.09.09	02:44:31.526		0.61727			4
2024.09.09	02:44:34.462	0.61723	0.61728			6
2024.09.09	02:44:41.051	0.61724				2
2024.09.09	02:44:43.218		0.61729			4
2024.09.09	02:44:48.180	0.61730	0.61734			6
2024.09.09	02:44:49.331	0.61735	0.61737			6
2024.09.09	02:44:51.465		0.61739			4
2024.09.09	02:45:00.126	0.61735				2
2024.09.09	02:45:01.564	0.61734				2
2024.09.09	02:45:02.842	0.61735				2
2024.09.09	02:45:05.602	0.61734				2
2024.09.09	02:45:07.336		0.61738			4
2024.09.09	02:45:07.666		0.61739			4
2024.09.09	02:45:07.977		0.61738			4
2024.09.09	02:45:12.403	0.61730	0.61736			6
2024.09.09	02:45:14.712	0.61731				2
2024.09.09	02:45:15.022	0.61733				2
2024.09.09	02:45:16.160	0.61732				2
2024.09.09	02:45:17.648	0.61731				2
2024.09.09	02:45:18.489	0.61735	0.61737			6
2024.09.09	02:45:19.770	0.61732				2
2024.09.09	02:45:20.423	0.61735				2
2024.09.09	02:45:23.424	0.61731	0.61736			6
2024.09.09	02:45:28.606		0.61735			4
2024.09.09	02:45:30.421		0.61736			4
2024.09.09	02:45:30.738	0.61732				2
2024.09.09	02:45:31.056	0.61731	0.61735			6
2024.09.09	02:45:31.389	0.61733	0.61736			6
2024.09.09	02:45:33.785	0.61732				2
2024.09.09	02:45:34.094	0.61735	0.61737			6
2024.09.09	02:45:34.435	0.61733	0.61736			6
2024.09.09	02:45:35.584	0.61732				2
2024.09.09	02:45:36.648		0.61735			4
2024.09.09	02:45:38.201	0.61731	0.61734			6
2024.09.09	02:45:38.722	0.61728	0.61732			6
2024.09.09	02:45:42.279	0.61730	0.61733			6
2024.09.09	02:45:44.764	0.61729				2
2024.09.09	02:45:45.613	0.61730				2
2024.09.09	02:45:48.054	0.61729				2
2024.09.09	02:45:48.521	0.61732				2
2024.09.09	02:45:49.824	0.61731				2
2024.09.09	02:45:50.201	0.61730				2
2024.09.09	02:45:50.839	0.61731				2
2024.09.09	02:45:58.064	0.61730				2
2024.09.09	02:45:58.794	0.61725	0.61729			6
2024.09.09	02:45:59.113	0.61726				2
2024.09.09	02:46:00.062	0.61726				2
2024.09.09	02:46:02.951	0.61727				2
2024.09.09	02:46:11.851	0.61726				2
2024.09.09	02:46:17.422	0.61725				2
2024.09.09	02:46:17.751	0.61726				2
2024.09.09	02:46:22.856	0.61727				2
2024.09.09	02:46:24.013		0.61728			4
2024.09.09	02:46:24.971		0.61729			4
2024.09.09	02:46:30.480		0.61728			4
2024.09.09	02:46:33.626	0.61726				2
2024.09.09	02:46:36.303	0.61727				2
2024.09.09	02:46:36.656	0.61725				2
2024.09.09	02:46:37.234	0.61724	0.61726			6
2024.09.09	02:46:37.542		0.61727			4
2024.09.09	02:46:39.487	0.61726				2
2024.09.09	02:46:49.130		0.61728			4
2024.09.09	02:46:49.837		0.61729			4
2024.09.09	02:46:50.381	0.61727				2
2024.09.09	02:46:55.904	0.61731	0.61732			6
2024.09.09	02:46:57.367		0.61733			4
2024.09.09	02:46:58.862		0.61734			4
2024.09.09	02:47:01.113	0.61731				2
2024.09.09	02:47:10.311	0.61730	0.61733			6
2024.09.09	02:47:12.829	0.61729				2
2024.09.09	02:47:17.805	0.61728				2
2024.09.09	02:47:19.161	0.61729				2
2024.09.09	02:47:19.635		0.61732			4
2024.09.09	02:47:31.026	0.61727				2
2024.09.09	02:47:31.483	0.61728				2
2024.09.09	02:47:31.804	0.61730	0.61733			6
2024.09.09	02:47:43.944		0.61734			4
2024.09.09	02:47:53.090	0.61733	0.61737			6
2024.09.09	02:47:53.394	0.61732				2
2024.09.09	02:47:54.257	0.61733				2
2024.09.09	02:47:55.643	0.61732				2
2024.09.09	02:48:01.292	0.61732				2
2024.09.09	02:48:04.732	0.61733				2
2024.09.09	02:48:06.347	0.61732				2
2024.09.09	02:48:06.697	0.61733				2
2024.09.09	02:48:18.707	0.61732	0.61736			6
2024.09.09	02:48:19.723	0.61733	0.61737			6
2024.09.09	02:48:20.044	0.61731	0.61735			6
2024.09.09	02:48:25.652	0.61727	0.61730			6
2024.09.09	02:48:30.476	0.61728				2
2024.09.09	02:48:37.287		0.61729			4
2024.09.09	02:48:38.652	0.61724	0.61728			6
2024.09.09	02:48:51.197	0.61723	0.61727			6
2024.09.09	02:48:51.739	0.61722	0.61726			6
2024.09.09	02:49:00.291	0.61722				2
2024.09.09	02:49:02.525		0.61725			4
2024.09.09	02:49:10.561		0.61726			4
2024.09.09	02:49:12.874	0.61720	0.61725			6
2024.09.09	02:49:15.535	0.61723	0.61726			6
2024.09.09	02:49:15.846	0.61722				2
2024.09.09	02:49:18.201	0.61723				2
2024.09.09	02:49:18.901	0.61722				2
2024.09.09	02:49:19.869	0.61723				2
2024.09.09	02:49:21.802	0.61721				2
2024.09.09	02:49:39.585		0.61725			4
2024.09.09	02:49:45.852	0.61720	0.61724			6
2024.09.09	02:49:47.843	0.61717	0.61721			6
2024.09.09	02:49:52.618		0.61722			4
2024.09.09	02:49:53.798	0.61718				2
2024.09.09	02:49:54.507	0.61717				2
2024.09.09	02:49:56.979	0.61719	0.61723			6
2024.09.09	02:50:00.279	0.61719				2
2024.09.09	02:50:00.587	0.61716	0.61719			6
2024.09.09	02:50:00.903	0.61712	0.61716			6
2024.09.09	02:50:10.846	0.61708	0.61712			6
2024.09.09	02:50:15.780	0.61707				2
2024.09.09	02:50:16.193	0.61703	0.61708			6
2024.09.09	02:50:19.057		0.61707			4
2024.09.09	02:50:23.494		0.61708			4
2024.09.09	02:50:24.361	0.61705	0.61710			6
2024.09.09	02:50:29.789	0.61706				2
2024.09.09	02:50:32.935	0.61707	0.61711			6
2024.09.09	02:50:33.316		0.61712			4
2024.09.09	02:50:33.733	0.61709	0.61713			6
2024.09.09	02:50:34.947	0.61707	0.61711			6
2024.09.09	02:50:43.931		0.61708			4
2024.09.09	02:50:44.246		0.61711			4
2024.09.09	02:50:45.588	0.61706	0.61707			6
2024.09.09	02:50:45.952	0.61707	0.61710			6
2024.09.09	02:50:46.263	0.61702	0.61706			6
2024.09.09	02:50:46.570	0.61701	0.61702			6
2024.09.09	02:50:46.877	0.61702	0.61706			6
2024.09.09	02:50:52.666	0.61705	0.61709			6
2024.09.09	02:50:54.189	0.61706				2
2024.09.09	02:50:55.208	0.61705				2
2024.09.09	02:51:00.518	0.61705				2
2024.09.09	02:51:00.823	0.61707	0.61712			6
2024.09.09	02:51:01.124	0.61708	0.61713			6
2024.09.09	02:51:01.530	0.61710				2
2024.09.09	02:51:21.133	0.61713	0.61717			6
2024.09.09	02:51:21.463	0.61712				2
2024.09.09	02:51:22.963	0.61714				2
2024.09.09	02:51:23.284		0.61719			4
2024.09.09	02:51:25.474	0.61713	0.61717			6
2024.09.09	02:51:29.780		0.61718			4
2024.09.09	02:51:30.693	0.61712	0.61717			6
2024.09.09	02:51:31.002	0.61711	0.61716			6
2024.09.09	02:52:01.692	0.61711				2
2024.09.09	02:52:02.599	0.61713				2
2024.09.09	02:52:03.543	0.61714	0.61717			6
2024.09.09	02:52:07.209	0.61713				2
2024.09.09	02:52:12.059	0.61711	0.61715			6
2024.09.09	02:52:14.533		0.61713			4
2024.09.09	02:52:14.857		0.61715			4
2024.09.09	02:52:25.132	0.61713	0.61717			6
2024.09.09	02:52:27.319	0.61712				2
2024.09.09	02:52:28.483	0.61713				2
2024.09.09	02:52:29.405	0.61712				2
2024.09.09	02:52:32.383	0.61714	0.61718			6
2024.09.09	02:52:34.138	0.61713	0.61717			6
2024.09.09	02:52:35.597	0.61711	0.61715			6
2024.09.09	02:52:45.046	0.61713	0.61718			6
2024.09.09	02:52:51.448		0.61717			4
2024.09.09	02:52:52.093		0.61718			4
2024.09.09	02:53:00.394	0.61713				2
2024.09.09	02:53:18.593	0.61716	0.61721			6
2024.09.09	02:53:20.681	0.61719	0.61722			6
2024.09.09	02:53:20.988	0.61718				2
2024.09.09	02:53:22.555	0.61717	0.61721			6
2024.09.09	02:53:23.068	0.61719	0.61723			6
2024.09.09	02:53:25.384		0.61721			4
2024.09.09	02:53:25.688	0.61717				2
2024.09.09	02:53:27.687		0.61722			4
2024.09.09	02:53:40.218	0.61716	0.61720			6
2024.09.09	02:53:46.101		0.61721			4
2024.09.09	02:53:50.482	0.61715	0.61720			6
2024.09.09	02:54:00.940	0.61715				2
2024.09.09	02:54:07.462		0.61719			4
2024.09.09	02:54:08.139		0.61720			4
2024.09.09	02:54:10.935		0.61719			4
2024.09.09	02:54:11.237	0.61714				2
2024.09.09	02:54:17.568	0.61711	0.61715			6
2024.09.09	02:54:19.370	0.61709	0.61713			6
2024.09.09	02:54:20.828	0.61711				2
2024.09.09	02:54:21.130	0.61709				2
2024.09.09	02:54:25.234	0.61710				2
2024.09.09	02:54:25.551	0.61713	0.61714			6
2024.09.09	02:54:25.897	0.61711	0.61713			6
2024.09.09	02:54:26.258	0.61713	0.61714			6
2024.09.09	02:54:26.607	0.61712	0.61713			6
2024.09.09	02:54:26.939	0.61713	0.61714			6
2024.09.09	02:54:27.243	0.61709	0.61713			6
2024.09.09	02:54:44.648	0.61708				2
2024.09.09	02:54:55.541		0.61712			4
2024.09.09	02:54:55.881		0.61713			4
2024.09.09	02:54:56.278		0.61712			4
2024.09.09	02:54:56.660		0.61711			4
2024.09.09	02:54:57.006		0.61712			4
2024.09.09	02:54:59.263		0.61711			4
2024.09.09	02:55:00.370	0.61706				2
2024.09.09	02:55:05.267		0.61710			4
2024.09.09	02:55:09.330		0.61711			4
2024.09.09	02:55:10.892		0.61712			4
2024.09.09	02:55:11.553		0.61711			4
2024.09.09	02:55:17.761	0.61709	0.61713			6
2024.09.09	02:55:19.719	0.61707	0.61711			6
2024.09.09	02:55:20.350	0.61704	0.61709			6
2024.09.09	02:55:20.690	0.61705	0.61710			6
2024.09.09	02:55:27.178	0.61704	0.61709			6
2024.09.09	02:55:28.732	0.61705	0.61710			6
2024.09.09	02:55:30.264	0.61704	0.61709			6
2024.09.09	02:55:31.347	0.61705	0.61710			6
2024.09.09	02:55:31.734	0.61706	0.61711			6
2024.09.09	02:55:32.907	0.61708	0.61712			6
2024.09.09	02:55:33.209	0.61707	0.61711			6
2024.09.09	02:55:40.102	0.61714	0.61718			6
2024.09.09	02:55:40.900	0.61713	0.61716			6
2024.09.09	02:55:41.626	0.61711				2
2024.09.09	02:55:41.942	0.61713	0.61717			6
2024.09.09	02:55:42.375	0.61712	0.61716			6
2024.09.09	02:55:45.458		0.61717			4
2024.09.09	02:55:45.763	0.61711	0.61716			6
2024.09.09	02:55:47.023	0.61712				2
2024.09.09	02:55:47.325	0.61713	0.61717			6
2024.09.09	02:55:48.341	0.61714	0.61719			6
2024.09.09	02:55:50.992	0.61715				2
2024.09.09	02:55:56.535	0.61714				2
2024.09.09	02:55:58.086		0.61718			4
2024.09.09	02:56:00.204	0.61714				2
2024.09.09	02:56:04.206		0.61719			4
2024.09.09	02:56:08.803		0.61718			4
2024.09.09	02:56:17.302	0.61715	0.61719			6
2024.09.09	02:56:21.213	0.61716	0.61720			6
2024.09.09	02:56:30.879	0.61715				2
2024.09.09	02:56:32.702		0.61719			4
2024.09.09	02:56:33.324	0.61712	0.61717			6
2024.09.09	02:56:33.698	0.61714	0.61718			6
2024.09.09	02:56:34.306	0.61715	0.61719			6
2024.09.09	02:56:35.970	0.61714				2
2024.09.09	02:56:38.974	0.61713	0.61718			6
2024.09.09	02:56:50.941	0.61712	0.61717			6
2024.09.09	02:56:51.243		0.61715			4
2024.09.09	02:56:53.555	0.61711				2
2024.09.09	02:56:55.473	0.61712	0.61716			6
2024.09.09	02:56:57.412	0.61711	0.61715			6
2024.09.09	02:57:00.722	0.61711				2
2024.09.09	02:57:03.357		0.61716			4
2024.09.09	02:57:03.678	0.61710	0.61715			6
2024.09.09	02:57:04.895	0.61711				2
2024.09.09	02:57:05.244	0.61710				2
2024.09.09	02:57:05.858	0.61712	0.61716			6
2024.09.09	02:57:07.011	0.61711				2
2024.09.09	02:57:07.334		0.61715			4
2024.09.09	02:57:08.858	0.61712				2
2024.09.09	02:57:10.183	0.61711				2
2024.09.09	02:57:11.079	0.61712	0.61716			6
2024.09.09	02:57:12.181	0.61713	0.61717			6
2024.09.09	02:57:13.373		0.61718			4
2024.09.09	02:57:14.024	0.61714	0.61719			6
2024.09.09	02:57:16.994	0.61715				2
2024.09.09	02:57:17.312	0.61718	0.61721			6
2024.09.09	02:57:17.621	0.61719	0.61723			6
2024.09.09	02:57:18.248	0.61720				2
2024.09.09	02:57:20.352		0.61724			4
2024.09.09	02:57:24.664	0.61716	0.61722			6
2024.09.09	02:57:24.979	0.61717				2
2024.09.09	02:57:25.284	0.61716	0.61721			6
2024.09.09	02:57:31.117	0.61713	0.61719			6
2024.09.09	02:57:34.642		0.61717			4
2024.09.09	02:57:35.163	0.61714				2
2024.09.09	02:57:36.239	0.61712				2
2024.09.09	02:57:40.159	0.61710	0.61714			6
2024.09.09	02:57:40.588	0.61709				2
2024.09.09	02:57:41.875	0.61710				2
2024.09.09	02:57:42.527	0.61708	0.61712			6
2024.09.09	02:57:42.846	0.61707				2
2024.09.09	02:57:43.420	0.61708	0.61711			6
2024.09.09	02:57:43.722	0.61707				2
2024.09.09	02:57:44.673	0.61708	0.61712			6
2024.09.09	02:57:45.555	0.61707				2
2024.09.09	02:57:46.627	0.61708				2
2024.09.09	02:57:46.999	0.61707				2
2024.09.09	02:57:49.277		0.61711			4
2024.09.09	02:57:51.544		0.61712			4
2024.09.09	02:57:51.899		0.61711			4
2024.09.09	02:57:55.761	0.61706				2
2024.09.09	02:57:56.797	0.61705				2
2024.09.09	02:57:57.169		0.61709			4
2024.09.09	02:57:57.595		0.61710			4
2024.09.09	02:57:58.037	0.61704	0.61708			6
2024.09.09	02:57:59.169	0.61703				2
2024.09.09	02:58:00.592	0.61704				2
2024.09.09	02:58:02.016	0.61701	0.61705			6
2024.09.09	02:58:08.367	0.61702	0.61707			6
2024.09.09	02:58:09.545	0.61703				2
2024.09.09	02:58:14.968		0.61708			4
2024.09.09	02:58:15.282	0.61704				2
2024.09.09	02:58:16.009	0.61705	0.61709			6
2024.09.09	02:58:16.326		0.61711			4
2024.09.09	02:58:16.633		0.61710			4
2024.09.09	02:58:17.581		0.61711			4
2024.09.09	02:58:19.578	0.61706				2
2024.09.09	02:58:19.882		0.61710			4
2024.09.09	02:58:20.312	0.61705				2
2024.09.09	02:58:22.282		0.61709			4
2024.09.09	02:58:22.604		0.61710			4
2024.09.09	02:58:23.818		0.61709			4
2024.09.09	02:58:24.145		0.61710			4
2024.09.09	02:58:24.447		0.61709			4
2024.09.09	02:58:31.267	0.61702	0.61707			6
2024.09.09	02:58:31.584	0.61701				2
2024.09.09	02:58:46.403	0.61702	0.61706			6
2024.09.09	02:58:50.646		0.61707			4
2024.09.09	02:58:59.871	0.61699	0.61704			6
2024.09.09	02:59:00.180	0.61700				2
2024.09.09	02:59:00.510	0.61697	0.61702			6
2024.09.09	02:59:00.828	0.61698				2
2024.09.09	02:59:01.857	0.61697				2
2024.09.09	02:59:03.439	0.61698				2
2024.09.09	02:59:08.295	0.61697				2
2024.09.09	02:59:09.194	0.61698				2
2024.09.09	02:59:09.952	0.61697				2
2024.09.09	02:59:10.687	0.61696	0.61701			6
2024.09.09	02:59:14.308	0.61697				2
2024.09.09	02:59:14.617	0.61696				2
2024.09.09	02:59:23.004	0.61693	0.61698			6
2024.09.09	02:59:28.919	0.61694				2
2024.09.09	02:59:30.579		0.61699			4
2024.09.09	02:59:31.033		0.61698			4
