<DATE>	<TIME>	<BID>	<ASK>	<LAST>	<VOLUME>	<FLAGS>
2024.07.02	00:00:01.551	0.60658	0.60816			6
2024.07.02	00:00:01.649	0.60642	0.60796			6
2024.07.02	00:00:01.663		0.60813			4
2024.07.02	00:00:23.737		0.60838			4
2024.07.02	00:00:31.235	0.60644				2
2024.07.02	00:00:41.125	0.60648				2
2024.07.02	00:01:00.593	0.60648				2
2024.07.02	00:01:10.432	0.60654	0.60854			6
2024.07.02	00:02:00.731	0.60654				2
2024.07.02	00:02:05.443	0.60656	0.60856			6
2024.07.02	00:03:00.432	0.60655	0.60855			6
2024.07.02	00:03:55.431	0.60656	0.60856			6
2024.07.02	00:04:01.531	0.60654	0.60854			6
2024.07.02	00:05:00.610	0.60654				2
2024.07.02	00:05:01.848		0.60854			4
2024.07.02	00:05:03.429	0.60686	0.60823			6
2024.07.02	00:05:04.793	0.60684				2
2024.07.02	00:05:05.960	0.60682	0.60820			6
2024.07.02	00:05:10.109	0.60686	0.60818			6
2024.07.02	00:05:10.675	0.60681	0.60813			6
2024.07.02	00:05:11.933	0.60691	0.60847			6
2024.07.02	00:05:12.587	0.60692	0.60849			6
2024.07.02	00:05:19.894	0.60691	0.60844			6
2024.07.02	00:05:22.559		0.60843			4
2024.07.02	00:05:24.021	0.60692	0.60840			6
2024.07.02	00:05:31.187	0.60714				2
2024.07.02	00:05:34.922		0.60815			4
2024.07.02	00:05:36.743	0.60711	0.60813			6
2024.07.02	00:05:57.207	0.60715	0.60816			6
2024.07.02	00:06:00.486	0.60719	0.60814			6
2024.07.02	00:06:00.837	0.60721				2
2024.07.02	00:06:04.485	0.60722	0.60813			6
2024.07.02	00:06:04.785	0.60726				2
2024.07.02	00:06:05.138	0.60727				2
2024.07.02	00:06:06.309	0.60728				2
2024.07.02	00:06:07.492	0.60733	0.60819			6
2024.07.02	00:06:08.142	0.60739				2
2024.07.02	00:06:25.178		0.60849			4
2024.07.02	00:06:30.185		0.60844			4
2024.07.02	00:06:48.829		0.60842			4
2024.07.02	00:07:01.604	0.60739				2
2024.07.02	00:07:14.695	0.60707	0.60840			6
2024.07.02	00:07:15.310		0.60839			4
2024.07.02	00:07:16.731	0.60706	0.60838			6
2024.07.02	00:07:19.335	0.60714	0.60835			6
2024.07.02	00:07:20.280	0.60717	0.60834			6
2024.07.02	00:07:21.259	0.60724				2
2024.07.02	00:07:35.302	0.60717	0.60828			6
2024.07.02	00:07:45.692	0.60724				2
2024.07.02	00:07:49.182	0.60715	0.60826			6
2024.07.02	00:07:49.491	0.60716	0.60827			6
2024.07.02	00:07:59.688	0.60722	0.60829			6
2024.07.02	00:08:01.113	0.60722				2
2024.07.02	00:08:06.177		0.60826			4
2024.07.02	00:08:10.179		0.60829			4
2024.07.02	00:08:11.160	0.60716	0.60823			6
2024.07.02	00:08:12.242	0.60728				2
2024.07.02	00:08:21.310	0.60730	0.60825			6
2024.07.02	00:08:28.331		0.60826			4
2024.07.02	00:08:34.837	0.60710	0.60821			6
2024.07.02	00:08:39.366	0.60715	0.60825			6
2024.07.02	00:08:42.688	0.60719				2
2024.07.02	00:08:44.337		0.60832			4
2024.07.02	00:08:45.956	0.60725				2
2024.07.02	00:08:49.743	0.60724	0.60824			6
2024.07.02	00:08:50.044		0.60820			4
2024.07.02	00:08:53.822		0.60823			4
2024.07.02	00:08:58.868		0.60832			4
2024.07.02	00:09:01.012	0.60725	0.60828			6
2024.07.02	00:09:01.649	0.60726				2
2024.07.02	00:09:08.963		0.60830			4
2024.07.02	00:09:09.462		0.60832			4
2024.07.02	00:09:11.276	0.60724	0.60825			6
2024.07.02	00:09:12.097	0.60725	0.60829			6
2024.07.02	00:09:12.407	0.60726				2
2024.07.02	00:09:21.224	0.60725	0.60827			6
2024.07.02	00:09:22.082		0.60824			4
2024.07.02	00:09:24.148		0.60825			4
2024.07.02	00:09:31.357	0.60727	0.60828			6
2024.07.02	00:09:34.218		0.60830			4
2024.07.02	00:09:35.111	0.60726				2
2024.07.02	00:09:37.946	0.60727				2
2024.07.02	00:09:39.375	0.60724	0.60827			6
2024.07.02	00:09:39.682		0.60824			4
2024.07.02	00:09:42.263		0.60822			4
2024.07.02	00:09:44.334		0.60826			4
2024.07.02	00:09:51.112	0.60726	0.60827			6
2024.07.02	00:09:51.972		0.60828			4
2024.07.02	00:09:54.453		0.60831			4
2024.07.02	00:09:56.180	0.60727	0.60830			6
2024.07.02	00:09:56.545	0.60728				2
2024.07.02	00:09:57.564		0.60835			4
2024.07.02	00:10:00.312	0.60728				2
2024.07.02	00:10:00.682	0.60729				2
2024.07.02	00:10:01.376	0.60725	0.60823			6
2024.07.02	00:10:01.861	0.60726				2
2024.07.02	00:10:03.230	0.60727	0.60826			6
2024.07.02	00:10:03.579		0.60820			4
2024.07.02	00:10:09.206		0.60822			4
2024.07.02	00:10:09.709		0.60824			4
2024.07.02	00:10:10.262		0.60819			4
2024.07.02	00:10:11.206	0.60729	0.60826			6
2024.07.02	00:10:15.445	0.60730				2
2024.07.02	00:10:21.758		0.60829			4
2024.07.02	00:10:22.345		0.60824			4
2024.07.02	00:10:26.553	0.60731				2
2024.07.02	00:10:27.145	0.60730				2
2024.07.02	00:10:29.794		0.60830			4
2024.07.02	00:10:32.410	0.60731				2
2024.07.02	00:10:35.847	0.60730				2
2024.07.02	00:10:38.846	0.60731				2
2024.07.02	00:10:39.385	0.60728	0.60823			6
2024.07.02	00:10:39.733		0.60821			4
2024.07.02	00:10:41.507	0.60727	0.60820			6
2024.07.02	00:10:45.868	0.60730	0.60825			6
2024.07.02	00:10:48.248		0.60824			4
2024.07.02	00:10:49.458	0.60727	0.60822			6
2024.07.02	00:10:49.760		0.60820			4
2024.07.02	00:10:51.484		0.60821			4
2024.07.02	00:10:53.052		0.60822			4
2024.07.02	00:11:01.100	0.60730	0.60825			6
2024.07.02	00:11:01.473		0.60824			4
2024.07.02	00:11:03.428		0.60825			4
2024.07.02	00:11:04.843	0.60728				2
2024.07.02	00:11:05.906	0.60729				2
2024.07.02	00:11:06.259		0.60824			4
2024.07.02	00:11:08.233		0.60829			4
2024.07.02	00:11:08.996		0.60828			4
2024.07.02	00:11:11.481	0.60727	0.60820			6
2024.07.02	00:11:12.630	0.60730	0.60823			6
2024.07.02	00:11:14.081	0.60740				2
2024.07.02	00:11:14.399		0.60822			4
2024.07.02	00:11:14.858	0.60733				2
2024.07.02	00:11:15.677	0.60732				2
2024.07.02	00:11:16.195	0.60740				2
2024.07.02	00:11:20.849		0.60826			4
2024.07.02	00:11:22.087		0.60828			4
2024.07.02	00:11:22.400		0.60825			4
2024.07.02	00:11:22.850		0.60827			4
2024.07.02	00:11:23.554		0.60826			4
2024.07.02	00:11:29.234		0.60830			4
2024.07.02	00:11:33.728		0.60828			4
2024.07.02	00:11:36.231		0.60829			4
2024.07.02	00:11:36.563		0.60824			4
2024.07.02	00:11:36.931		0.60825			4
2024.07.02	00:11:37.646		0.60826			4
2024.07.02	00:11:43.868		0.60832			4
2024.07.02	00:11:54.062		0.60830			4
2024.07.02	00:12:02.247	0.60740				2
2024.07.02	00:12:09.277		0.60840			4
2024.07.02	00:12:11.241	0.60739				2
2024.07.02	00:12:11.601		0.60828			4
2024.07.02	00:12:11.921		0.60829			4
2024.07.02	00:12:14.126		0.60828			4
2024.07.02	00:12:24.482		0.60831			4
2024.07.02	00:12:33.158		0.60828			4
2024.07.02	00:12:33.571		0.60829			4
2024.07.02	00:12:36.594		0.60827			4
2024.07.02	00:12:41.089		0.60828			4
2024.07.02	00:12:44.809		0.60827			4
2024.07.02	00:12:45.122		0.60829			4
2024.07.02	00:12:48.424	0.60733	0.60815			6
2024.07.02	00:12:48.728	0.60729				2
2024.07.02	00:12:50.555	0.60727	0.60816			6
2024.07.02	00:12:50.904	0.60728	0.60815			6
2024.07.02	00:12:55.025	0.60731	0.60820			6
2024.07.02	00:12:57.602	0.60732	0.60821			6
2024.07.02	00:13:01.554	0.60733	0.60823			6
2024.07.02	00:13:04.448		0.60822			4
2024.07.02	00:13:05.153	0.60734	0.60823			6
2024.07.02	00:13:06.319		0.60825			4
2024.07.02	00:13:10.587		0.60826			4
2024.07.02	00:13:12.130		0.60825			4
2024.07.02	00:13:12.988		0.60821			4
2024.07.02	00:13:15.270		0.60819			4
2024.07.02	00:13:20.557	0.60735	0.60823			6
2024.07.02	00:13:24.145	0.60736	0.60819			6
2024.07.02	00:13:25.488	0.60739	0.60823			6
2024.07.02	00:13:35.648		0.60827			4
2024.07.02	00:14:02.825	0.60739				2
2024.07.02	00:14:06.171		0.60825			4
2024.07.02	00:14:11.014		0.60827			4
2024.07.02	00:14:16.330		0.60825			4
2024.07.02	00:14:18.827		0.60831			4
2024.07.02	00:14:25.553		0.60826			4
2024.07.02	00:14:26.514		0.60823			4
2024.07.02	00:14:26.925		0.60825			4
2024.07.02	00:14:30.718		0.60826			4
2024.07.02	00:14:51.952	0.60737				2
2024.07.02	00:14:53.963	0.60739				2
2024.07.02	00:15:01.827	0.60740	0.60825			6
2024.07.02	00:15:04.227		0.60826			4
2024.07.02	00:15:04.829	0.60743				2
2024.07.02	00:15:07.534	0.60741				2
2024.07.02	00:15:11.111		0.60827			4
2024.07.02	00:16:08.158	0.60741	0.60828			6
2024.07.02	00:16:09.105		0.60831			4
2024.07.02	00:16:09.688		0.60830			4
2024.07.02	00:16:10.025		0.60828			4
2024.07.02	00:16:21.079		0.60827			4
2024.07.02	00:17:01.978	0.60739	0.60821			6
2024.07.02	00:17:02.349		0.60823			4
2024.07.02	00:17:19.423		0.60826			4
2024.07.02	00:17:36.940		0.60828			4
2024.07.02	00:17:37.240		0.60824			4
2024.07.02	00:17:38.859		0.60828			4
2024.07.02	00:17:39.168		0.60830			4
2024.07.02	00:17:52.244		0.60824			4
2024.07.02	00:17:58.878		0.60830			4
2024.07.02	00:17:59.187		0.60825			4
2024.07.02	00:18:00.121	0.60739	0.60822			6
2024.07.02	00:18:16.644		0.60821			4
2024.07.02	00:18:24.026		0.60822			4
2024.07.02	00:18:26.845		0.60821			4
2024.07.02	00:18:32.329	0.60734				2
2024.07.02	00:18:40.376		0.60825			4
2024.07.02	00:18:41.413		0.60827			4
2024.07.02	00:18:44.646	0.60731				2
2024.07.02	00:18:45.774	0.60734				2
2024.07.02	00:18:50.984		0.60821			4
2024.07.02	00:19:00.028	0.60734				2
2024.07.02	00:19:01.155		0.60823			4
2024.07.02	00:19:10.089		0.60822			4
2024.07.02	00:19:25.305		0.60823			4
2024.07.02	00:19:35.321		0.60822			4
2024.07.02	00:19:50.203		0.60823			4
2024.07.02	00:19:52.004		0.60821			4
2024.07.02	00:20:01.095	0.60734	0.60823			6
2024.07.02	00:20:02.179		0.60821			4
2024.07.02	00:20:30.628	0.60735	0.60822			6
2024.07.02	00:20:31.839		0.60823			4
2024.07.02	00:20:32.690		0.60821			4
2024.07.02	00:21:01.071	0.60735	0.60822			6
2024.07.02	00:21:11.463	0.60737				2
2024.07.02	00:21:15.035	0.60735	0.60819			6
2024.07.02	00:21:16.011		0.60821			4
2024.07.02	00:21:23.546		0.60819			4
2024.07.02	00:21:28.682	0.60734	0.60817			6
2024.07.02	00:21:33.144	0.60735	0.60818			6
2024.07.02	00:21:33.711		0.60817			4
2024.07.02	00:21:36.034	0.60736				2
2024.07.02	00:21:43.881	0.60735	0.60816			6
2024.07.02	00:21:46.014		0.60815			4
2024.07.02	00:21:47.273		0.60816			4
2024.07.02	00:21:50.713		0.60817			4
2024.07.02	00:21:52.228	0.60736				2
2024.07.02	00:21:53.898		0.60819			4
2024.07.02	00:21:57.884	0.60735	0.60816			6
2024.07.02	00:22:02.349	0.60735				2
2024.07.02	00:22:04.280		0.60815			4
2024.07.02	00:22:05.203	0.60744	0.60822			6
2024.07.02	00:22:14.119		0.60821			4
2024.07.02	00:22:15.828	0.60735	0.60818			6
2024.07.02	00:22:17.412		0.60816			4
2024.07.02	00:22:24.603		0.60821			4
2024.07.02	00:22:28.748		0.60816			4
2024.07.02	00:22:41.213		0.60818			4
2024.07.02	00:22:50.129	0.60736				2
2024.07.02	00:23:08.728	0.60736				2
2024.07.02	00:24:00.538	0.60737	0.60818			6
2024.07.02	00:25:00.835	0.60737	0.60818			6
2024.07.02	00:25:21.331	0.60738				2
2024.07.02	00:26:01.156	0.60738	0.60818			6
2024.07.02	00:27:08.730	0.60738	0.60818			6
2024.07.02	00:27:13.651		0.60823			4
2024.07.02	00:27:20.426		0.60816			4
2024.07.02	00:27:35.127	0.60739				2
2024.07.02	00:27:45.834		0.60818			4
2024.07.02	00:28:00.684	0.60739				2
2024.07.02	00:28:05.280		0.60816			4
2024.07.02	00:28:42.159		0.60818			4
2024.07.02	00:28:50.522		0.60814			4
2024.07.02	00:28:50.913		0.60815			4
2024.07.02	00:29:01.058	0.60739	0.60817			6
2024.07.02	00:29:15.685		0.60814			4
2024.07.02	00:29:16.056	0.60744	0.60823			6
2024.07.02	00:29:17.126		0.60822			4
2024.07.02	00:29:21.106		0.60820			4
2024.07.02	00:29:28.796		0.60822			4
2024.07.02	00:29:41.084		0.60820			4
2024.07.02	00:29:52.139		0.60818			4
2024.07.02	00:30:00.380	0.60744				2
2024.07.02	00:30:01.111	0.60754	0.60825			6
2024.07.02	00:30:02.354	0.60749				2
2024.07.02	00:30:03.226	0.60754				2
2024.07.02	00:30:07.937	0.60742	0.60816			6
2024.07.02	00:30:09.464		0.60809			4
2024.07.02	00:30:10.088	0.60740				2
2024.07.02	00:30:12.004		0.60808			4
2024.07.02	00:30:13.935	0.60739	0.60816			6
2024.07.02	00:30:22.349	0.60738				2
2024.07.02	00:30:31.616	0.60739				2
2024.07.02	00:30:31.921	0.60738				2
2024.07.02	00:30:32.222		0.60812			4
2024.07.02	00:30:32.609	0.60739				2
2024.07.02	00:31:02.937	0.60739				2
2024.07.02	00:31:14.881	0.60738				2
2024.07.02	00:31:47.404		0.60812			4
2024.07.02	00:32:06.353	0.60738				2
2024.07.02	00:32:47.975		0.60812			4
2024.07.02	00:33:03.475	0.60738				2
2024.07.02	00:33:05.906	0.60737				2
2024.07.02	00:33:15.886		0.60818			4
2024.07.02	00:33:17.598	0.60734				2
2024.07.02	00:33:30.317		0.60812			4
2024.07.02	00:33:42.926	0.60735				2
2024.07.02	00:33:51.686	0.60737				2
2024.07.02	00:34:04.122	0.60737				2
2024.07.02	00:34:21.444	0.60736				2
2024.07.02	00:34:42.754		0.60812			4
2024.07.02	00:34:58.137	0.60735				2
2024.07.02	00:35:04.095	0.60735				2
2024.07.02	00:35:07.973	0.60738				2
2024.07.02	00:35:08.426	0.60737				2
2024.07.02	00:35:08.762	0.60738				2
2024.07.02	00:35:09.776	0.60739				2
2024.07.02	00:35:11.610		0.60810			4
2024.07.02	00:35:11.969		0.60809			4
2024.07.02	00:35:12.392		0.60811			4
2024.07.02	00:35:14.622		0.60808			4
2024.07.02	00:35:15.172		0.60810			4
2024.07.02	00:35:16.003		0.60812			4
2024.07.02	00:35:38.281	0.60741				2
2024.07.02	00:35:39.773	0.60739				2
2024.07.02	00:35:44.081	0.60746				2
2024.07.02	00:35:58.309	0.60747				2
2024.07.02	00:35:58.813	0.60740				2
2024.07.02	00:36:00.010	0.60739				2
2024.07.02	00:36:15.897	0.60740				2
2024.07.02	00:36:28.818		0.60812			4
2024.07.02	00:36:40.444	0.60741				2
2024.07.02	00:36:43.047	0.60740				2
2024.07.02	00:36:53.453	0.60741				2
2024.07.02	00:37:00.564	0.60741				2
2024.07.02	00:37:29.872	0.60742	0.60812			6
2024.07.02	00:37:47.554	0.60743				2
2024.07.02	00:37:54.528	0.60744				2
2024.07.02	00:37:55.432	0.60741	0.60795			6
2024.07.02	00:38:00.347	0.60741				2
2024.07.02	00:38:04.049	0.60742				2
2024.07.02	00:38:23.848	0.60743				2
2024.07.02	00:38:50.847	0.60744				2
2024.07.02	00:38:56.517		0.60795			4
2024.07.02	00:38:58.945	0.60743				2
2024.07.02	00:39:01.420	0.60743				2
2024.07.02	00:39:04.645	0.60744				2
2024.07.02	00:39:31.648	0.60745				2
2024.07.02	00:39:37.743	0.60744				2
2024.07.02	00:39:42.805	0.60745				2
2024.07.02	00:39:58.945		0.60795			4
2024.07.02	00:40:00.499	0.60745				2
2024.07.02	00:40:07.949	0.60746				2
2024.07.02	00:40:54.445	0.60747				2
2024.07.02	00:41:13.793	0.60747	0.60795			6
2024.07.02	00:41:58.048	0.60748				2
2024.07.02	00:42:02.123	0.60748				2
2024.07.02	00:42:15.385	0.60746	0.60795			6
2024.07.02	00:42:46.650	0.60747				2
2024.07.02	00:43:01.095	0.60747				2
2024.07.02	00:43:03.005	0.60746				2
2024.07.02	00:43:15.722	0.60747	0.60795			6
2024.07.02	00:43:34.036	0.60741				2
2024.07.02	00:43:37.220	0.60740				2
2024.07.02	00:43:37.812	0.60741				2
2024.07.02	00:43:46.046	0.60740				2
2024.07.02	00:43:50.025	0.60741				2
2024.07.02	00:44:00.381	0.60740				2
2024.07.02	00:44:16.021		0.60795			4
2024.07.02	00:44:18.081	0.60741				2
2024.07.02	00:44:22.588	0.60747				2
2024.07.02	00:44:40.344	0.60746				2
2024.07.02	00:44:47.727	0.60747				2
2024.07.02	00:44:51.720	0.60746				2
2024.07.02	00:44:55.056	0.60747				2
2024.07.02	00:45:00.343	0.60747				2
2024.07.02	00:45:06.086	0.60756	0.60781			6
2024.07.02	00:45:26.029	0.60757				2
2024.07.02	00:45:30.281	0.60756				2
2024.07.02	00:45:45.161	0.60757				2
2024.07.02	00:45:45.890	0.60756				2
2024.07.02	00:46:11.195	0.60752	0.60768			6
2024.07.02	00:46:17.809	0.60753				2
2024.07.02	00:46:18.325	0.60752				2
2024.07.02	00:46:19.152	0.60754				2
2024.07.02	00:46:21.526	0.60755				2
2024.07.02	00:46:24.596	0.60746	0.60756			6
2024.07.02	00:46:25.225	0.60741				2
2024.07.02	00:46:35.854	0.60739	0.60762			6
2024.07.02	00:46:36.154		0.60755			4
2024.07.02	00:46:41.754	0.60741	0.60763			6
2024.07.02	00:46:42.089		0.60764			4
2024.07.02	00:46:49.216	0.60737	0.60770			6
2024.07.02	00:46:49.532		0.60771			4
2024.07.02	00:46:49.935	0.60740	0.60778			6
2024.07.02	00:46:50.236		0.60777			4
2024.07.02	00:46:55.761		0.60776			4
2024.07.02	00:46:57.474	0.60741	0.60775			6
2024.07.02	00:46:59.284	0.60745	0.60777			6
2024.07.02	00:47:00.368	0.60745				2
2024.07.02	00:47:01.459	0.60736				2
2024.07.02	00:47:01.974	0.60738	0.60779			6
2024.07.02	00:47:02.290	0.60745	0.60780			6
2024.07.02	00:47:02.601		0.60779			4
2024.07.02	00:47:02.921		0.60780			4
2024.07.02	00:47:04.440		0.60781			4
2024.07.02	00:47:05.196		0.60782			4
2024.07.02	00:47:08.337	0.60747	0.60783			6
2024.07.02	00:47:08.714		0.60782			4
2024.07.02	00:47:09.440		0.60783			4
2024.07.02	00:47:13.526	0.60748				2
2024.07.02	00:47:14.944	0.60750				2
2024.07.02	00:47:17.707	0.60748	0.60782			6
2024.07.02	00:47:18.225		0.60783			4
2024.07.02	00:47:19.625	0.60747				2
2024.07.02	00:47:24.030	0.60750				2
2024.07.02	00:47:40.077	0.60751				2
2024.07.02	00:47:49.225	0.60749				2
2024.07.02	00:47:50.091		0.60782			4
2024.07.02	00:48:00.279	0.60748				2
2024.07.02	00:48:07.642		0.60781			4
2024.07.02	00:48:10.474	0.60749				2
2024.07.02	00:48:10.829		0.60782			4
2024.07.02	00:48:20.622	0.60747				2
2024.07.02	00:48:40.949	0.60748				2
2024.07.02	00:48:51.108	0.60747				2
2024.07.02	00:49:01.424	0.60747				2
2024.07.02	00:49:11.313		0.60782			4
2024.07.02	00:49:28.031	0.60746	0.60781			6
2024.07.02	00:49:28.347		0.60782			4
2024.07.02	00:49:35.741		0.60781			4
2024.07.02	00:49:41.942		0.60782			4
2024.07.02	00:49:42.561		0.60783			4
2024.07.02	00:49:42.867		0.60781			4
2024.07.02	00:49:43.803		0.60783			4
2024.07.02	00:49:54.683		0.60781			4
2024.07.02	00:49:58.424		0.60783			4
2024.07.02	00:50:00.027	0.60746				2
2024.07.02	00:50:00.794		0.60781			4
2024.07.02	00:50:02.206	0.60747				2
2024.07.02	00:50:08.023	0.60748	0.60783			6
2024.07.02	00:50:16.253		0.60781			4
2024.07.02	00:50:30.865	0.60749	0.60784			6
2024.07.02	00:50:47.063		0.60781			4
2024.07.02	00:50:50.506		0.60784			4
2024.07.02	00:50:56.620		0.60782			4
2024.07.02	00:50:58.038		0.60784			4
2024.07.02	00:50:58.425		0.60782			4
2024.07.02	00:51:00.678	0.60749	0.60783			6
2024.07.02	00:51:02.340		0.60784			4
2024.07.02	00:51:04.163		0.60782			4
2024.07.02	00:51:13.426	0.60748	0.60784			6
2024.07.02	00:51:16.965		0.60782			4
2024.07.02	00:51:17.897		0.60783			4
2024.07.02	00:51:18.218		0.60784			4
2024.07.02	00:51:18.928		0.60782			4
2024.07.02	00:51:28.048	0.60749				2
2024.07.02	00:51:37.706		0.60783			4
2024.07.02	00:51:38.757		0.60781			4
2024.07.02	00:51:41.230		0.60782			4
2024.07.02	00:51:43.927		0.60781			4
2024.07.02	00:51:44.843		0.60782			4
2024.07.02	00:51:45.815		0.60781			4
2024.07.02	00:52:00.250	0.60749				2
2024.07.02	00:52:07.045	0.60748	0.60783			6
2024.07.02	00:52:08.611		0.60784			4
2024.07.02	00:52:08.923		0.60783			4
2024.07.02	00:52:09.552		0.60784			4
2024.07.02	00:52:09.863		0.60783			4
2024.07.02	00:52:10.814		0.60784			4
2024.07.02	00:52:15.752		0.60781			4
2024.07.02	00:52:16.662		0.60783			4
2024.07.02	00:52:16.964		0.60784			4
2024.07.02	00:52:22.080		0.60782			4
2024.07.02	00:52:22.885	0.60749				2
2024.07.02	00:52:30.329		0.60783			4
2024.07.02	00:52:35.126		0.60782			4
2024.07.02	00:52:37.706		0.60783			4
2024.07.02	00:52:38.026		0.60782			4
2024.07.02	00:52:42.703	0.60751	0.60783			6
2024.07.02	00:52:43.171		0.60784			4
2024.07.02	00:52:43.616		0.60783			4
2024.07.02	00:53:03.919	0.60751				2
2024.07.02	00:53:10.717		0.60784			4
2024.07.02	00:53:43.869		0.60783			4
2024.07.02	00:53:59.807	0.60753	0.60779			6
2024.07.02	00:54:00.113	0.60753				2
2024.07.02	00:54:00.419	0.60750				2
2024.07.02	00:54:00.953	0.60751				2
2024.07.02	00:54:59.908		0.60779			4
2024.07.02	00:55:00.306	0.60750	0.60778			6
2024.07.02	00:55:01.585		0.60779			4
2024.07.02	00:55:22.761		0.60778			4
2024.07.02	00:55:24.040		0.60779			4
2024.07.02	00:55:31.559	0.60748	0.60786			6
2024.07.02	00:55:31.863	0.60750				2
2024.07.02	00:55:32.807		0.60787			4
2024.07.02	00:55:37.021		0.60786			4
2024.07.02	00:55:37.330		0.60787			4
2024.07.02	00:55:44.459		0.60786			4
2024.07.02	00:55:44.760		0.60787			4
2024.07.02	00:55:52.757		0.60788			4
2024.07.02	00:56:04.350	0.60750				2
2024.07.02	00:56:12.292		0.60787			4
2024.07.02	00:56:16.079		0.60788			4
2024.07.02	00:56:18.518		0.60787			4
2024.07.02	00:56:22.775		0.60788			4
2024.07.02	00:56:37.746		0.60787			4
2024.07.02	00:56:45.017		0.60788			4
2024.07.02	00:56:45.323	0.60751	0.60790			6
2024.07.02	00:56:49.727	0.60754				2
2024.07.02	00:57:01.585	0.60754				2
2024.07.02	00:57:32.024		0.60791			4
2024.07.02	00:58:03.043	0.60754				2
2024.07.02	00:58:32.628		0.60791			4
2024.07.02	00:58:37.619		0.60788			4
2024.07.02	00:58:38.641		0.60787			4
2024.07.02	00:59:00.977	0.60754	0.60789			6
2024.07.02	01:00:00.283	0.60762	0.60783			6
2024.07.02	01:00:00.584		0.60771			4
2024.07.02	01:00:01.563	0.60756	0.60762			6
2024.07.02	01:00:02.400	0.60754	0.60760			6
2024.07.02	01:00:03.370	0.60755	0.60770			6
2024.07.02	01:00:07.226		0.60769			4
2024.07.02	01:00:08.392		0.60768			4
2024.07.02	01:00:08.805	0.60759	0.60775			6
2024.07.02	01:00:10.416		0.60776			4
2024.07.02	01:00:11.222	0.60770	0.60785			6
2024.07.02	01:00:12.029		0.60779			4
2024.07.02	01:00:12.334	0.60753	0.60772			6
2024.07.02	01:00:13.400	0.60752				2
2024.07.02	01:00:17.693		0.60770			4
2024.07.02	01:00:17.995	0.60753	0.60768			6
2024.07.02	01:00:19.415	0.60750				2
2024.07.02	01:00:19.769	0.60759	0.60763			6
2024.07.02	01:00:20.622		0.60764			4
2024.07.02	01:00:21.374	0.60756	0.60760			6
2024.07.02	01:00:21.712	0.60754	0.60758			6
2024.07.02	01:00:22.023	0.60752				2
2024.07.02	01:00:22.376	0.60754	0.60756			6
2024.07.02	01:00:22.712		0.60758			4
2024.07.02	01:00:25.089	0.60751	0.60757			6
2024.07.02	01:00:25.404	0.60749	0.60756			6
2024.07.02	01:00:27.928	0.60746				2
2024.07.02	01:00:28.301	0.60743	0.60752			6
2024.07.02	01:00:28.642	0.60739	0.60749			6
2024.07.02	01:00:36.231		0.60750			4
2024.07.02	01:00:39.040	0.60740				2
2024.07.02	01:00:40.397		0.60748			4
2024.07.02	01:00:43.150	0.60739	0.60745			6
2024.07.02	01:00:43.518		0.60749			4
2024.07.02	01:00:45.328	0.60740				2
2024.07.02	01:00:50.836	0.60742				2
2024.07.02	01:00:51.394	0.60740				2
2024.07.02	01:00:58.383	0.60741				2
2024.07.02	01:01:00.411	0.60744	0.60748			6
2024.07.02	01:01:03.535	0.60739	0.60743			6
2024.07.02	01:01:03.862	0.60740	0.60747			6
2024.07.02	01:01:10.389	0.60739				2
2024.07.02	01:01:10.883	0.60738	0.60743			6
2024.07.02	01:01:11.191	0.60736	0.60741			6
2024.07.02	01:01:11.948		0.60740			4
2024.07.02	01:01:12.400	0.60735				2
2024.07.02	01:01:17.619	0.60730	0.60735			6
2024.07.02	01:01:21.806	0.60729				2
2024.07.02	01:01:22.383	0.60730				2
2024.07.02	01:01:23.090		0.60736			4
2024.07.02	01:01:23.392	0.60729				2
2024.07.02	01:01:25.008		0.60735			4
2024.07.02	01:01:25.917		0.60736			4
2024.07.02	01:01:26.422	0.60728				2
2024.07.02	01:01:28.395		0.60734			4
2024.07.02	01:01:28.697		0.60735			4
2024.07.02	01:01:29.111		0.60734			4
2024.07.02	01:01:32.299		0.60732			4
2024.07.02	01:01:33.045		0.60731			4
2024.07.02	01:01:35.144		0.60732			4
2024.07.02	01:01:51.153	0.60720	0.60726			6
2024.07.02	01:01:51.920	0.60719	0.60727			6
2024.07.02	01:02:00.392	0.60718	0.60723			6
2024.07.02	01:02:20.770	0.60709	0.60713			6
2024.07.02	01:02:21.101	0.60710	0.60714			6
2024.07.02	01:02:21.435	0.60708	0.60712			6
2024.07.02	01:02:27.167	0.60709				2
2024.07.02	01:02:35.077	0.60707	0.60711			6
2024.07.02	01:02:35.381	0.60703	0.60708			6
2024.07.02	01:02:35.859	0.60704				2
2024.07.02	01:02:54.453		0.60710			4
2024.07.02	01:02:57.389		0.60709			4
2024.07.02	01:02:58.396		0.60710			4
2024.07.02	01:03:00.360	0.60704	0.60709			6
2024.07.02	01:03:02.652	0.60711	0.60716			6
2024.07.02	01:03:03.029	0.60709	0.60713			6
2024.07.02	01:03:03.335	0.60711				2
2024.07.02	01:03:03.954		0.60714			4
2024.07.02	01:03:04.310	0.60710	0.60713			6
2024.07.02	01:03:07.786	0.60711				2
2024.07.02	01:03:10.827		0.60714			4
2024.07.02	01:03:11.426		0.60713			4
2024.07.02	01:03:12.426	0.60710				2
2024.07.02	01:03:21.328		0.60715			4
2024.07.02	01:03:26.203	0.60709				2
2024.07.02	01:03:27.414		0.60716			4
2024.07.02	01:03:27.719	0.60710				2
2024.07.02	01:03:28.423	0.60709				2
2024.07.02	01:03:28.828		0.60715			4
2024.07.02	01:03:29.389		0.60716			4
2024.07.02	01:03:30.583		0.60715			4
2024.07.02	01:03:31.461		0.60716			4
2024.07.02	01:03:32.028		0.60715			4
2024.07.02	01:03:34.493		0.60716			4
2024.07.02	01:03:35.403		0.60715			4
2024.07.02	01:03:39.707	0.60710	0.60716			6
2024.07.02	01:03:40.418	0.60708	0.60714			6
2024.07.02	01:03:40.877		0.60713			4
2024.07.02	01:03:50.782	0.60707				2
2024.07.02	01:03:52.206	0.60708				2
2024.07.02	01:04:00.424	0.60708				2
2024.07.02	01:04:10.604	0.60707				2
2024.07.02	01:04:13.045	0.60708	0.60714			6
2024.07.02	01:04:13.398		0.60715			4
2024.07.02	01:04:14.403	0.60709				2
2024.07.02	01:04:26.909	0.60706	0.60712			6
2024.07.02	01:04:32.679	0.60705	0.60709			6
2024.07.02	01:04:33.011	0.60703	0.60708			6
2024.07.02	01:04:33.314	0.60702				2
2024.07.02	01:04:34.021		0.60707			4
2024.07.02	01:04:34.932	0.60701				2
2024.07.02	01:04:45.251		0.60706			4
2024.07.02	01:04:45.555	0.60702				2
2024.07.02	01:04:47.882		0.60707			4
2024.07.02	01:04:56.390	0.60701	0.60708			6
2024.07.02	01:04:57.412	0.60699	0.60705			6
2024.07.02	01:04:58.362	0.60702	0.60708			6
2024.07.02	01:05:00.027	0.60702				2
2024.07.02	01:05:00.439	0.60704	0.60709			6
2024.07.02	01:05:01.627		0.60710			4
2024.07.02	01:05:02.389		0.60709			4
2024.07.02	01:05:04.159		0.60710			4
2024.07.02	01:05:09.927		0.60709			4
2024.07.02	01:05:14.422		0.60710			4
2024.07.02	01:05:29.808		0.60709			4
2024.07.02	01:05:36.474		0.60710			4
2024.07.02	01:05:41.739	0.60706				2
2024.07.02	01:05:48.222	0.60707	0.60712			6
2024.07.02	01:05:48.856		0.60711			4
2024.07.02	01:06:00.361	0.60707	0.60712			6
2024.07.02	01:06:01.250		0.60711			4
2024.07.02	01:06:02.659	0.60706				2
2024.07.02	01:06:04.096		0.60712			4
2024.07.02	01:06:04.406		0.60711			4
2024.07.02	01:06:06.747	0.60694	0.60698			6
2024.07.02	01:06:07.056	0.60690	0.60694			6
2024.07.02	01:06:07.376	0.60681	0.60686			6
2024.07.02	01:06:07.679	0.60679	0.60682			6
2024.07.02	01:06:08.933	0.60678				2
2024.07.02	01:06:09.901	0.60679	0.60684			6
2024.07.02	01:06:10.283		0.60685			4
2024.07.02	01:06:10.882	0.60682	0.60688			6
2024.07.02	01:06:11.224		0.60687			4
2024.07.02	01:06:12.179	0.60683	0.60688			6
2024.07.02	01:06:13.442		0.60687			4
2024.07.02	01:06:14.186		0.60688			4
2024.07.02	01:06:15.185	0.60684				2
2024.07.02	01:06:18.678	0.60682	0.60687			6
2024.07.02	01:06:19.111	0.60683	0.60686			6
2024.07.02	01:06:28.114	0.60681	0.60685			6
2024.07.02	01:06:38.140		0.60686			4
2024.07.02	01:06:41.040	0.60683	0.60687			6
2024.07.02	01:06:41.521		0.60688			4
2024.07.02	01:07:00.157	0.60683				2
2024.07.02	01:07:00.463	0.60684	0.60689			6
2024.07.02	01:07:01.411	0.60685				2
2024.07.02	01:07:04.046		0.60690			4
2024.07.02	01:07:18.428		0.60689			4
2024.07.02	01:07:20.251	0.60686				2
2024.07.02	01:07:20.578		0.60690			4
2024.07.02	01:07:22.521	0.60688	0.60691			6
2024.07.02	01:08:00.495	0.60690	0.60693			6
2024.07.02	01:08:01.056		0.60691			4
2024.07.02	01:08:11.435	0.60689				2
2024.07.02	01:08:20.768	0.60690	0.60692			6
2024.07.02	01:08:22.526	0.60691				2
2024.07.02	01:08:23.072	0.60695	0.60698			6
2024.07.02	01:08:23.519	0.60696				2
2024.07.02	01:08:30.530	0.60695				2
2024.07.02	01:08:43.848		0.60699			4
2024.07.02	01:08:56.698	0.60696				2
2024.07.02	01:08:58.542	0.60697	0.60700			6
2024.07.02	01:08:58.994	0.60696				2
2024.07.02	01:09:00.295	0.60696				2
2024.07.02	01:09:00.630	0.60697				2
2024.07.02	01:09:43.901	0.60690	0.60693			6
2024.07.02	01:09:58.380	0.60689				2
2024.07.02	01:09:58.884	0.60688	0.60692			6
2024.07.02	01:10:00.303	0.60690	0.60693			6
2024.07.02	01:10:13.002	0.60689	0.60691			6
2024.07.02	01:10:22.126	0.60688				2
2024.07.02	01:10:30.538	0.60689				2
2024.07.02	01:10:31.396		0.60692			4
2024.07.02	01:10:40.755		0.60691			4
2024.07.02	01:10:44.300	0.60690	0.60692			6
2024.07.02	01:10:51.850	0.60689				2
2024.07.02	01:10:53.931	0.60690				2
2024.07.02	01:10:54.304	0.60689				2
2024.07.02	01:10:56.098	0.60690				2
2024.07.02	01:10:57.478	0.60689				2
2024.07.02	01:11:00.448	0.60691				2
2024.07.02	01:11:02.180		0.60693			4
2024.07.02	01:11:30.713	0.60686	0.60689			6
2024.07.02	01:11:41.079	0.60687				2
2024.07.02	01:11:41.381	0.60686				2
2024.07.02	01:11:57.325	0.60687	0.60690			6
2024.07.02	01:12:00.326	0.60686				2
2024.07.02	01:12:14.813	0.60688	0.60691			6
2024.07.02	01:12:25.428	0.60690	0.60693			6
2024.07.02	01:12:29.859	0.60689	0.60692			6
2024.07.02	01:12:30.168	0.60690	0.60693			6
2024.07.02	01:12:32.902	0.60689	0.60692			6
2024.07.02	01:13:00.470	0.60689	0.60693			6
2024.07.02	01:13:04.956	0.60694	0.60697			6
2024.07.02	01:13:05.279	0.60695	0.60698			6
2024.07.02	01:13:14.628	0.60696				2
2024.07.02	01:13:15.701	0.60695				2
2024.07.02	01:13:29.877	0.60696				2
2024.07.02	01:13:42.872	0.60695				2
2024.07.02	01:13:44.725	0.60700	0.60703			6
2024.07.02	01:13:47.803	0.60699	0.60702			6
2024.07.02	01:13:56.924	0.60698	0.60701			6
2024.07.02	01:14:00.408	0.60699	0.60703			6
2024.07.02	01:14:01.692	0.60700				2
2024.07.02	01:14:20.273	0.60702	0.60705			6
2024.07.02	01:14:21.045	0.60701	0.60704			6
2024.07.02	01:14:28.126		0.60705			4
2024.07.02	01:14:33.548	0.60700	0.60703			6
2024.07.02	01:14:44.863	0.60701	0.60704			6
2024.07.02	01:14:45.524	0.60702	0.60705			6
2024.07.02	01:14:55.380	0.60701	0.60704			6
2024.07.02	01:15:00.394	0.60703	0.60707			6
2024.07.02	01:15:00.699		0.60709			4
2024.07.02	01:15:01.067	0.60707	0.60713			6
2024.07.02	01:15:01.375	0.60708	0.60711			6
2024.07.02	01:15:01.907		0.60712			4
2024.07.02	01:15:02.799		0.60711			4
2024.07.02	01:15:05.502	0.60709	0.60712			6
2024.07.02	01:15:05.889		0.60713			4
2024.07.02	01:15:06.325		0.60712			4
2024.07.02	01:15:06.646	0.60711	0.60715			6
2024.07.02	01:15:13.632	0.60718	0.60721			6
2024.07.02	01:15:13.941	0.60719				2
2024.07.02	01:15:14.988		0.60722			4
2024.07.02	01:15:15.955		0.60721			4
2024.07.02	01:15:23.294		0.60724			4
2024.07.02	01:15:23.877		0.60723			4
2024.07.02	01:15:24.212		0.60722			4
2024.07.02	01:15:24.554	0.60718				2
2024.07.02	01:15:26.089		0.60723			4
2024.07.02	01:15:26.988		0.60722			4
2024.07.02	01:15:30.139	0.60717				2
2024.07.02	01:15:30.901	0.60716	0.60721			6
2024.07.02	01:15:32.449	0.60715				2
2024.07.02	01:15:46.643	0.60716				2
2024.07.02	01:15:50.225	0.60713	0.60719			6
2024.07.02	01:15:51.555		0.60718			4
2024.07.02	01:16:00.021	0.60714				2
2024.07.02	01:16:00.421		0.60719			4
2024.07.02	01:16:03.422	0.60715	0.60720			6
2024.07.02	01:16:03.752	0.60717	0.60721			6
2024.07.02	01:16:04.072		0.60722			4
2024.07.02	01:16:12.997	0.60716				2
2024.07.02	01:16:15.166		0.60721			4
2024.07.02	01:16:19.001	0.60717	0.60722			6
2024.07.02	01:16:32.788	0.60713	0.60717			6
2024.07.02	01:16:45.320	0.60714	0.60718			6
2024.07.02	01:16:52.741	0.60713				2
2024.07.02	01:17:00.412	0.60716	0.60720			6
2024.07.02	01:17:12.286	0.60715				2
2024.07.02	01:17:15.319	0.60714				2
2024.07.02	01:17:17.579		0.60718			4
2024.07.02	01:17:18.486	0.60713				2
2024.07.02	01:17:59.367	0.60712				2
2024.07.02	01:17:59.728	0.60713				2
2024.07.02	01:18:00.108	0.60713				2
2024.07.02	01:18:00.421	0.60714	0.60719			6
2024.07.02	01:18:14.972	0.60712	0.60717			6
2024.07.02	01:18:20.926	0.60713				2
2024.07.02	01:19:00.410	0.60714	0.60719			6
2024.07.02	01:19:01.706	0.60715				2
2024.07.02	01:19:13.387	0.60714				2
2024.07.02	01:19:22.457	0.60715	0.60720			6
2024.07.02	01:19:33.037		0.60719			4
2024.07.02	01:19:33.353		0.60720			4
2024.07.02	01:19:37.015	0.60714	0.60719			6
2024.07.02	01:19:45.694	0.60713	0.60718			6
2024.07.02	01:19:58.342	0.60714	0.60719			6
2024.07.02	01:20:00.364	0.60714				2
2024.07.02	01:20:00.678		0.60718			4
2024.07.02	01:20:01.057	0.60715	0.60719			6
2024.07.02	01:20:08.869	0.60716				2
2024.07.02	01:20:37.021	0.60715				2
2024.07.02	01:20:47.491	0.60714				2
2024.07.02	01:20:48.166	0.60715				2
2024.07.02	01:20:51.001	0.60714				2
2024.07.02	01:21:00.068	0.60714				2
2024.07.02	01:21:00.372	0.60715				2
2024.07.02	01:21:01.426		0.60719			4
2024.07.02	01:21:30.640		0.60720			4
2024.07.02	01:21:32.649	0.60714				2
2024.07.02	01:21:34.398		0.60719			4
2024.07.02	01:22:00.438	0.60714				2
2024.07.02	01:22:00.773	0.60715				2
2024.07.02	01:22:34.691		0.60719			4
2024.07.02	01:22:40.700	0.60714				2
2024.07.02	01:22:43.201	0.60715				2
2024.07.02	01:22:43.504		0.60720			4
2024.07.02	01:23:00.412	0.60716				2
2024.07.02	01:23:10.463	0.60715				2
2024.07.02	01:23:44.333		0.60720			4
2024.07.02	01:24:00.412	0.60718	0.60722			6
2024.07.02	01:24:03.073	0.60717	0.60720			6
2024.07.02	01:24:03.383	0.60716	0.60721			6
2024.07.02	01:24:05.377	0.60717	0.60722			6
2024.07.02	01:24:22.072	0.60716				2
2024.07.02	01:24:24.396		0.60721			4
2024.07.02	01:24:35.790	0.60717	0.60722			6
2024.07.02	01:25:00.003	0.60717				2
2024.07.02	01:25:00.359	0.60719	0.60723			6
2024.07.02	01:25:00.683		0.60724			4
2024.07.02	01:25:29.182	0.60721				2
2024.07.02	01:25:29.485	0.60719				2
2024.07.02	01:25:41.311		0.60722			4
2024.07.02	01:25:56.596	0.60721	0.60724			6
2024.07.02	01:26:00.414	0.60719	0.60723			6
2024.07.02	01:26:00.722	0.60720				2
2024.07.02	01:26:01.379	0.60719				2
2024.07.02	01:26:02.908	0.60720				2
2024.07.02	01:26:03.400	0.60719				2
2024.07.02	01:26:05.718	0.60720				2
2024.07.02	01:26:06.408	0.60719				2
2024.07.02	01:26:07.274	0.60720				2
2024.07.02	01:26:07.728	0.60719	0.60725			6
2024.07.02	01:26:08.030		0.60724			4
2024.07.02	01:26:09.886	0.60720	0.60725			6
2024.07.02	01:26:11.262		0.60724			4
2024.07.02	01:26:11.674		0.60725			4
2024.07.02	01:26:13.496		0.60724			4
2024.07.02	01:26:20.500		0.60725			4
2024.07.02	01:26:28.694		0.60724			4
2024.07.02	01:26:36.939		0.60723			4
2024.07.02	01:26:37.262		0.60722			4
2024.07.02	01:26:39.623	0.60718	0.60721			6
2024.07.02	01:26:40.021	0.60717				2
2024.07.02	01:26:41.485	0.60718				2
2024.07.02	01:26:41.789	0.60717				2
2024.07.02	01:26:45.734		0.60720			4
2024.07.02	01:26:51.400	0.60718				2
2024.07.02	01:26:53.223		0.60721			4
2024.07.02	01:26:56.616		0.60720			4
2024.07.02	01:26:56.918		0.60721			4
2024.07.02	01:27:00.443	0.60719				2
2024.07.02	01:27:03.144	0.60717	0.60720			6
2024.07.02	01:27:03.527		0.60719			4
2024.07.02	01:27:10.735	0.60716				2
2024.07.02	01:27:20.499		0.60721			4
2024.07.02	01:27:20.865		0.60719			4
2024.07.02	01:27:21.821		0.60721			4
2024.07.02	01:27:22.388		0.60719			4
2024.07.02	01:27:24.302		0.60721			4
2024.07.02	01:27:24.851	0.60717				2
2024.07.02	01:27:25.225		0.60722			4
2024.07.02	01:27:25.526		0.60720			4
2024.07.02	01:27:26.173		0.60722			4
2024.07.02	01:27:27.122		0.60720			4
2024.07.02	01:27:30.187		0.60722			4
2024.07.02	01:27:34.096		0.60720			4
2024.07.02	01:28:00.415	0.60717				2
2024.07.02	01:28:04.500	0.60716				2
2024.07.02	01:28:05.007		0.60719			4
2024.07.02	01:28:11.499		0.60721			4
2024.07.02	01:28:21.337		0.60719			4
2024.07.02	01:28:21.725		0.60720			4
2024.07.02	01:28:27.512		0.60721			4
2024.07.02	01:28:37.526		0.60720			4
2024.07.02	01:28:40.257	0.60717				2
2024.07.02	01:28:40.563	0.60716	0.60719			6
2024.07.02	01:29:00.027	0.60716				2
2024.07.02	01:29:00.371	0.60715	0.60718			6
2024.07.02	01:29:01.791	0.60716	0.60719			6
2024.07.02	01:29:02.791		0.60718			4
2024.07.02	01:29:04.380		0.60719			4
2024.07.02	01:29:05.368	0.60715				2
2024.07.02	01:29:06.390		0.60718			4
2024.07.02	01:29:07.434	0.60714				2
2024.07.02	01:29:07.738	0.60712	0.60714			6
2024.07.02	01:29:08.129	0.60713	0.60716			6
2024.07.02	01:29:11.893	0.60712	0.60715			6
2024.07.02	01:29:12.397		0.60714			4
2024.07.02	01:29:12.698		0.60713			4
2024.07.02	01:29:13.026		0.60714			4
2024.07.02	01:29:13.355		0.60715			4
2024.07.02	01:29:13.658		0.60714			4
2024.07.02	01:29:16.139		0.60715			4
2024.07.02	01:29:16.467		0.60714			4
2024.07.02	01:29:17.301		0.60715			4
2024.07.02	01:29:18.768		0.60714			4
2024.07.02	01:29:20.915		0.60715			4
2024.07.02	01:29:25.803		0.60716			4
2024.07.02	01:29:30.663		0.60715			4
2024.07.02	01:29:37.446		0.60714			4
2024.07.02	01:29:43.745	0.60715	0.60719			6
2024.07.02	01:29:44.047		0.60718			4
2024.07.02	01:30:00.392	0.60715				2
2024.07.02	01:30:00.778		0.60719			4
2024.07.02	01:30:01.325	0.60718	0.60721			6
2024.07.02	01:30:01.928	0.60717				2
2024.07.02	01:30:04.362	0.60718				2
2024.07.02	01:30:04.918	0.60717				2
2024.07.02	01:30:06.241	0.60718				2
2024.07.02	01:30:09.189	0.60715	0.60718			6
2024.07.02	01:30:09.532	0.60714				2
2024.07.02	01:30:17.058		0.60717			4
2024.07.02	01:30:19.141	0.60707	0.60710			6
2024.07.02	01:30:19.471	0.60706				2
2024.07.02	01:30:25.917	0.60708				2
2024.07.02	01:30:27.003	0.60707				2
2024.07.02	01:30:27.372	0.60706				2
2024.07.02	01:30:30.287		0.60707			4
2024.07.02	01:30:32.426	0.60707	0.60708			6
2024.07.02	01:30:39.171	0.60704	0.60706			6
2024.07.02	01:30:41.874	0.60703	0.60705			6
2024.07.02	01:30:42.256	0.60704				2
2024.07.02	01:30:46.175		0.60706			4
2024.07.02	01:30:46.984	0.60705				2
2024.07.02	01:30:50.303		0.60707			4
2024.07.02	01:30:59.504		0.60706			4
2024.07.02	01:31:00.029	0.60704	0.60705			6
2024.07.02	01:31:00.680	0.60705	0.60706			6
2024.07.02	01:31:03.666	0.60702	0.60703			6
2024.07.02	01:31:04.291	0.60701				2
2024.07.02	01:31:05.694	0.60702	0.60704			6
2024.07.02	01:31:06.889	0.60701	0.60703			6
2024.07.02	01:31:23.884	0.60697	0.60700			6
2024.07.02	01:31:24.313	0.60696				2
2024.07.02	01:31:24.868		0.60698			4
2024.07.02	01:31:28.403	0.60695				2
2024.07.02	01:31:30.313	0.60696				2
2024.07.02	01:31:34.792	0.60695	0.60697			6
2024.07.02	01:31:35.304	0.60696				2
2024.07.02	01:31:40.262	0.60695				2
2024.07.02	01:31:40.708	0.60697	0.60698			6
2024.07.02	01:31:41.313	0.60696				2
2024.07.02	01:31:44.708	0.60694	0.60696			6
2024.07.02	01:31:45.860	0.60695	0.60697			6
2024.07.02	01:31:46.172	0.60694	0.60696			6
2024.07.02	01:31:49.931		0.60697			4
2024.07.02	01:31:52.678		0.60696			4
2024.07.02	01:31:53.033		0.60697			4
2024.07.02	01:31:57.115		0.60696			4
2024.07.02	01:31:59.713	0.60695	0.60697			6
2024.07.02	01:32:00.170	0.60696				2
2024.07.02	01:32:00.491	0.60694				2
2024.07.02	01:32:01.483	0.60695				2
2024.07.02	01:32:05.977	0.60694	0.60696			6
2024.07.02	01:32:09.029	0.60695	0.60697			6
2024.07.02	01:32:17.282	0.60694	0.60696			6
2024.07.02	01:32:17.585		0.60697			4
2024.07.02	01:32:21.327		0.60696			4
2024.07.02	01:32:26.089		0.60697			4
2024.07.02	01:32:28.719	0.60693	0.60695			6
2024.07.02	01:32:30.562	0.60694	0.60696			6
2024.07.02	01:32:31.165	0.60695				2
2024.07.02	01:32:37.285	0.60696	0.60699			6
2024.07.02	01:32:37.975		0.60698			4
2024.07.02	01:32:41.407	0.60697	0.60699			6
2024.07.02	01:32:52.415	0.60698				2
2024.07.02	01:32:59.221	0.60695	0.60698			6
2024.07.02	01:32:59.530	0.60696				2
2024.07.02	01:33:05.089	0.60695				2
2024.07.02	01:33:09.557		0.60697			4
2024.07.02	01:33:11.482	0.60694	0.60696			6
2024.07.02	01:33:12.337	0.60693	0.60695			6
2024.07.02	01:33:17.704		0.60694			4
2024.07.02	01:33:43.374		0.60695			4
2024.07.02	01:33:50.122	0.60694				2
2024.07.02	01:33:50.437	0.60693				2
2024.07.02	01:34:00.467	0.60693				2
2024.07.02	01:34:02.752	0.60694	0.60696			6
2024.07.02	01:34:05.463		0.60697			4
2024.07.02	01:34:05.766	0.60695				2
2024.07.02	01:34:06.426	0.60694				2
2024.07.02	01:34:08.304		0.60696			4
2024.07.02	01:34:11.488	0.60695				2
2024.07.02	01:34:11.796	0.60694				2
2024.07.02	01:34:12.592		0.60697			4
2024.07.02	01:34:14.379	0.60695				2
2024.07.02	01:34:14.740	0.60694				2
2024.07.02	01:34:16.378	0.60695				2
2024.07.02	01:34:37.428	0.60694	0.60696			6
2024.07.02	01:35:00.432	0.60694				2
2024.07.02	01:35:00.742	0.60696	0.60698			6
2024.07.02	01:35:04.741	0.60697				2
2024.07.02	01:35:05.057	0.60695	0.60697			6
2024.07.02	01:35:16.203	0.60696				2
2024.07.02	01:35:16.527	0.60697	0.60699			6
2024.07.02	01:35:20.751	0.60696				2
2024.07.02	01:35:25.500	0.60697				2
2024.07.02	01:35:26.784	0.60696				2
2024.07.02	01:35:34.523	0.60697				2
2024.07.02	01:35:46.525	0.60696				2
2024.07.02	01:35:47.390	0.60697				2
2024.07.02	01:35:50.934	0.60696				2
2024.07.02	01:35:55.124	0.60697				2
2024.07.02	01:36:00.448	0.60694	0.60696			6
2024.07.02	01:36:09.204	0.60693				2
2024.07.02	01:36:16.281	0.60694				2
2024.07.02	01:36:17.172	0.60693				2
2024.07.02	01:36:19.454	0.60694				2
2024.07.02	01:36:22.394	0.60693				2
2024.07.02	01:36:27.409	0.60694				2
2024.07.02	01:36:27.801	0.60693				2
2024.07.02	01:36:29.893	0.60694				2
2024.07.02	01:36:36.498	0.60693	0.60695			6
2024.07.02	01:37:00.806	0.60693	0.60696			6
2024.07.02	01:37:05.201	0.60694	0.60697			6
2024.07.02	01:37:06.121		0.60696			4
2024.07.02	01:37:21.654	0.60693	0.60695			6
2024.07.02	01:37:28.753		0.60696			4
2024.07.02	01:37:30.354	0.60694				2
2024.07.02	01:37:31.626	0.60693				2
2024.07.02	01:37:31.929	0.60694				2
2024.07.02	01:38:00.420	0.60694				2
2024.07.02	01:38:29.128		0.60696			4
2024.07.02	01:38:37.632		0.60697			4
2024.07.02	01:39:00.170	0.60694				2
2024.07.02	01:39:09.775	0.60695				2
2024.07.02	01:39:17.450	0.60696				2
2024.07.02	01:39:17.754	0.60695				2
2024.07.02	01:39:18.958	0.60694	0.60696			6
2024.07.02	01:39:27.221	0.60693	0.60695			6
2024.07.02	01:39:42.562	0.60694				2
2024.07.02	01:39:42.950	0.60693				2
2024.07.02	01:39:44.557	0.60694	0.60696			6
2024.07.02	01:39:45.365	0.60696	0.60698			6
2024.07.02	01:40:00.361	0.60698	0.60699			6
2024.07.02	01:40:00.660	0.60699	0.60700			6
2024.07.02	01:40:00.966		0.60701			4
2024.07.02	01:40:54.665	0.60700				2
2024.07.02	01:40:54.968	0.60699				2
2024.07.02	01:41:00.438	0.60699				2
2024.07.02	01:41:00.786		0.60700			4
2024.07.02	01:41:01.089		0.60701			4
2024.07.02	01:41:27.960	0.60700	0.60702			6
2024.07.02	01:41:36.000	0.60699	0.60701			6
2024.07.02	01:41:59.000		0.60702			4
2024.07.02	01:42:00.196	0.60699				2
2024.07.02	01:42:04.268	0.60700				2
2024.07.02	01:42:14.103	0.60703	0.60704			6
2024.07.02	01:42:16.393	0.60702				2
2024.07.02	01:42:35.379	0.60704	0.60706			6
2024.07.02	01:42:39.088	0.60705				2
2024.07.02	01:42:39.391	0.60704				2
2024.07.02	01:43:06.330	0.60704				2
2024.07.02	01:43:16.424	0.60703	0.60705			6
2024.07.02	01:43:21.819	0.60699	0.60703			6
2024.07.02	01:43:22.126		0.60701			4
2024.07.02	01:44:00.411	0.60699				2
2024.07.02	01:44:21.623	0.60700				2
2024.07.02	01:44:26.592		0.60702			4
2024.07.02	01:44:33.223	0.60699				2
2024.07.02	01:44:54.284	0.60700				2
2024.07.02	01:44:59.288		0.60703			4
2024.07.02	01:44:59.760	0.60699				2
2024.07.02	01:45:00.196	0.60699	0.60702			6
2024.07.02	01:45:13.309	0.60701				2
2024.07.02	01:45:38.485	0.60696	0.60699			6
2024.07.02	01:45:43.374	0.60697	0.60700			6
2024.07.02	01:45:44.828	0.60698				2
2024.07.02	01:45:58.614		0.60701			4
2024.07.02	01:46:00.120	0.60698				2
2024.07.02	01:46:53.365	0.60694	0.60697			6
2024.07.02	01:47:14.427	0.60689	0.60692			6
2024.07.02	01:47:15.218	0.60690				2
2024.07.02	01:47:39.586	0.60689				2
2024.07.02	01:47:49.630	0.60690				2
2024.07.02	01:48:22.738	0.60689	0.60692			6
2024.07.02	01:48:23.954	0.60688				2
2024.07.02	01:48:27.941	0.60689				2
2024.07.02	01:48:28.242	0.60688	0.60691			6
2024.07.02	01:48:37.419	0.60687				2
2024.07.02	01:48:37.954	0.60688				2
2024.07.02	01:48:39.088	0.60687				2
2024.07.02	01:48:39.768		0.60690			4
2024.07.02	01:48:40.071		0.60691			4
2024.07.02	01:48:46.283	0.60688				2
2024.07.02	01:49:09.763	0.60687	0.60690			6
2024.07.02	01:49:10.130	0.60686				2
2024.07.02	01:49:10.478	0.60687	0.60691			6
2024.07.02	01:49:13.248	0.60688				2
2024.07.02	01:49:18.801	0.60689				2
2024.07.02	01:49:19.511	0.60688				2
2024.07.02	01:49:28.301	0.60689				2
2024.07.02	01:49:31.223	0.60688				2
2024.07.02	01:49:32.481	0.60689				2
2024.07.02	01:49:33.309	0.60688				2
2024.07.02	01:49:35.239	0.60689				2
2024.07.02	01:49:36.401	0.60688				2
2024.07.02	01:49:48.460	0.60689				2
2024.07.02	01:49:49.103		0.60692			4
2024.07.02	01:49:58.745	0.60688				2
2024.07.02	01:50:00.462	0.60688				2
2024.07.02	01:50:16.435	0.60687	0.60691			6
2024.07.02	01:50:39.796	0.60688				2
2024.07.02	01:50:40.388	0.60687				2
2024.07.02	01:50:43.782	0.60688				2
2024.07.02	01:50:46.318	0.60687				2
2024.07.02	01:50:47.388	0.60688				2
2024.07.02	01:50:49.964	0.60687				2
2024.07.02	01:50:52.472	0.60688				2
2024.07.02	01:51:00.188	0.60687				2
2024.07.02	01:51:02.176	0.60686				2
2024.07.02	01:51:04.426	0.60687				2
2024.07.02	01:51:05.990	0.60686				2
2024.07.02	01:51:06.404	0.60687				2
2024.07.02	01:51:09.598	0.60686				2
2024.07.02	01:51:10.160	0.60687				2
2024.07.02	01:51:16.250	0.60686				2
2024.07.02	01:51:16.795		0.60691			4
2024.07.02	01:51:18.821	0.60683	0.60686			6
2024.07.02	01:51:19.470	0.60682				2
2024.07.02	01:52:00.986	0.60679	0.60682			6
2024.07.02	01:52:05.235	0.60672	0.60674			6
2024.07.02	01:52:05.546	0.60671				2
2024.07.02	01:52:05.899	0.60672				2
2024.07.02	01:52:06.211	0.60671				2
2024.07.02	01:52:09.326		0.60675			4
2024.07.02	01:52:13.916	0.60672				2
2024.07.02	01:52:19.268	0.60674	0.60677			6
2024.07.02	01:52:30.890		0.60678			4
2024.07.02	01:52:47.845	0.60673				2
2024.07.02	01:52:52.338	0.60674	0.60679			6
2024.07.02	01:53:00.324	0.60674				2
2024.07.02	01:53:14.029	0.60673				2
2024.07.02	01:53:14.886	0.60674				2
2024.07.02	01:53:19.110		0.60678			4
2024.07.02	01:53:22.447		0.60679			4
2024.07.02	01:53:26.705	0.60673	0.60678			6
2024.07.02	01:53:31.303		0.60677			4
2024.07.02	01:54:00.124	0.60673				2
2024.07.02	01:54:06.393	0.60674				2
2024.07.02	01:54:06.695	0.60673				2
2024.07.02	01:54:31.378	0.60674	0.60677			6
2024.07.02	01:54:31.720	0.60673	0.60676			6
2024.07.02	01:54:32.021		0.60677			4
2024.07.02	01:54:32.322	0.60672				2
2024.07.02	01:54:32.726	0.60671				2
2024.07.02	01:54:33.326	0.60672				2
2024.07.02	01:54:35.421	0.60671				2
2024.07.02	01:54:36.676	0.60672				2
2024.07.02	01:54:54.541		0.60676			4
2024.07.02	01:54:54.845		0.60677			4
2024.07.02	01:54:55.637		0.60676			4
2024.07.02	01:54:55.978		0.60677			4
2024.07.02	01:55:00.371	0.60672				2
2024.07.02	01:55:01.351		0.60676			4
2024.07.02	01:55:01.720		0.60677			4
2024.07.02	01:55:05.842		0.60676			4
2024.07.02	01:55:06.231		0.60677			4
2024.07.02	01:55:12.655		0.60676			4
2024.07.02	01:55:12.990		0.60677			4
2024.07.02	01:55:32.845		0.60676			4
2024.07.02	01:55:42.905	0.60671				2
2024.07.02	01:55:46.911		0.60675			4
2024.07.02	01:55:49.275	0.60672	0.60676			6
2024.07.02	01:56:00.435	0.60672				2
2024.07.02	01:56:08.128		0.60675			4
2024.07.02	01:56:08.431		0.60676			4
2024.07.02	01:56:12.029		0.60675			4
2024.07.02	01:56:19.860	0.60673				2
2024.07.02	01:56:20.169	0.60672				2
2024.07.02	01:56:38.305	0.60674	0.60677			6
2024.07.02	01:56:47.368		0.60678			4
2024.07.02	01:57:01.079	0.60674				2
2024.07.02	01:57:21.052	0.60675				2
2024.07.02	01:57:21.354	0.60674				2
2024.07.02	01:57:47.465		0.60678			4
2024.07.02	01:58:00.192	0.60674				2
2024.07.02	01:58:47.513		0.60678			4
2024.07.02	01:58:53.612	0.60673	0.60677			6
2024.07.02	01:58:54.001	0.60672	0.60676			6
2024.07.02	01:59:01.075	0.60672				2
2024.07.02	01:59:12.039	0.60673				2
2024.07.02	01:59:12.346	0.60674	0.60677			6
2024.07.02	01:59:15.316	0.60675	0.60678			6
2024.07.02	01:59:20.483	0.60674				2
2024.07.02	01:59:41.358		0.60677			4
2024.07.02	01:59:42.364		0.60678			4
2024.07.02	01:59:50.794		0.60679			4
2024.07.02	01:59:56.321		0.60678			4
2024.07.02	02:00:00.316	0.60674	0.60679			6
2024.07.02	02:00:01.038		0.60678			4
2024.07.02	02:00:01.355	0.60673				2
2024.07.02	02:00:08.714	0.60671	0.60676			6
2024.07.02	02:00:09.023	0.60672				2
2024.07.02	02:00:09.328		0.60675			4
2024.07.02	02:00:14.495		0.60676			4
2024.07.02	02:00:16.689	0.60673	0.60677			6
2024.07.02	02:00:17.014	0.60675	0.60678			6
2024.07.02	02:00:21.061	0.60676				2
2024.07.02	02:00:21.366	0.60675				2
2024.07.02	02:00:22.789	0.60674	0.60679			6
2024.07.02	02:00:26.823		0.60678			4
2024.07.02	02:00:29.602	0.60675				2
2024.07.02	02:00:32.299	0.60674	0.60679			6
2024.07.02	02:00:38.820	0.60675	0.60678			6
2024.07.02	02:00:41.673	0.60674				2
2024.07.02	02:00:49.037	0.60675				2
2024.07.02	02:00:54.025	0.60674	0.60679			6
2024.07.02	02:01:00.658	0.60676	0.60680			6
2024.07.02	02:01:33.951		0.60681			4
2024.07.02	02:01:34.294		0.60680			4
2024.07.02	02:01:39.026		0.60681			4
2024.07.02	02:01:39.453		0.60680			4
2024.07.02	02:01:39.755		0.60681			4
2024.07.02	02:01:55.219	0.60679	0.60683			6
2024.07.02	02:01:55.536		0.60682			4
2024.07.02	02:01:56.677	0.60678				2
2024.07.02	02:02:00.420	0.60678				2
2024.07.02	02:02:00.870	0.60677	0.60681			6
2024.07.02	02:02:02.122		0.60680			4
2024.07.02	02:02:14.354	0.60676	0.60679			6
2024.07.02	02:02:14.966		0.60680			4
2024.07.02	02:02:17.025	0.60677	0.60681			6
2024.07.02	02:02:17.393		0.60680			4
2024.07.02	02:02:17.734	0.60675	0.60679			6
2024.07.02	02:02:18.810	0.60674				2
2024.07.02	02:02:27.124		0.60678			4
2024.07.02	02:02:27.594		0.60679			4
2024.07.02	02:02:30.024		0.60677			4
2024.07.02	02:02:32.430	0.60675				2
2024.07.02	02:02:40.769	0.60674				2
2024.07.02	02:02:42.015		0.60676			4
2024.07.02	02:02:44.261	0.60672	0.60677			6
2024.07.02	02:02:45.665	0.60673	0.60676			6
2024.07.02	02:02:47.923	0.60674				2
2024.07.02	02:02:57.405		0.60677			4
2024.07.02	02:03:00.540	0.60674				2
2024.07.02	02:03:04.413	0.60672	0.60676			6
2024.07.02	02:03:04.996		0.60675			4
2024.07.02	02:03:05.670	0.60673				2
2024.07.02	02:03:06.687	0.60672				2
2024.07.02	02:03:08.948	0.60671	0.60673			6
2024.07.02	02:03:10.284	0.60673	0.60675			6
2024.07.02	02:03:17.686	0.60675	0.60677			6
2024.07.02	02:03:18.304	0.60674	0.60676			6
2024.07.02	02:03:19.363	0.60675	0.60677			6
2024.07.02	02:03:32.391	0.60672	0.60675			6
2024.07.02	02:03:32.716	0.60673				2
2024.07.02	02:03:33.734		0.60676			4
2024.07.02	02:03:34.860		0.60675			4
2024.07.02	02:03:37.016	0.60672	0.60676			6
2024.07.02	02:03:42.662		0.60675			4
2024.07.02	02:03:42.968		0.60676			4
2024.07.02	02:03:43.494	0.60673	0.60677			6
2024.07.02	02:03:43.877		0.60676			4
2024.07.02	02:03:45.896		0.60675			4
2024.07.02	02:03:49.013	0.60671	0.60676			6
2024.07.02	02:03:50.721	0.60674				2
2024.07.02	02:03:56.312	0.60675	0.60677			6
2024.07.02	02:04:00.482	0.60675				2
2024.07.02	02:04:05.434	0.60676	0.60680			6
2024.07.02	02:04:09.748	0.60675	0.60679			6
2024.07.02	02:04:16.496	0.60676				2
2024.07.02	02:04:17.305		0.60680			4
2024.07.02	02:04:18.440	0.60675				2
2024.07.02	02:04:18.829	0.60674	0.60679			6
2024.07.02	02:04:19.731	0.60675				2
2024.07.02	02:04:20.999	0.60673	0.60677			6
2024.07.02	02:04:21.750	0.60674				2
2024.07.02	02:04:22.815	0.60673	0.60676			6
2024.07.02	02:04:26.351	0.60674	0.60677			6
2024.07.02	02:04:28.518	0.60675				2
2024.07.02	02:04:28.822	0.60674				2
2024.07.02	02:04:29.478	0.60673	0.60678			6
2024.07.02	02:04:44.918		0.60675			4
2024.07.02	02:04:45.222	0.60672	0.60676			6
2024.07.02	02:04:46.388	0.60673				2
2024.07.02	02:04:49.606	0.60672				2
2024.07.02	02:04:49.980	0.60673				2
2024.07.02	02:04:51.984	0.60672				2
2024.07.02	02:04:52.521		0.60677			4
2024.07.02	02:04:52.831		0.60676			4
2024.07.02	02:04:54.311		0.60677			4
2024.07.02	02:04:54.743	0.60673				2
2024.07.02	02:04:55.055	0.60672	0.60676			6
2024.07.02	02:04:56.227		0.60677			4
2024.07.02	02:04:57.177	0.60671	0.60676			6
2024.07.02	02:04:58.251	0.60674	0.60678			6
2024.07.02	02:05:00.424	0.60673	0.60677			6
2024.07.02	02:05:00.747	0.60674				2
2024.07.02	02:05:12.835		0.60676			4
2024.07.02	02:05:16.445	0.60672	0.60675			6
2024.07.02	02:05:18.751	0.60674	0.60677			6
2024.07.02	02:05:23.378	0.60673	0.60675			6
2024.07.02	02:05:23.911	0.60672	0.60674			6
2024.07.02	02:05:26.699		0.60675			4
2024.07.02	02:05:30.030	0.60671	0.60673			6
2024.07.02	02:05:30.628	0.60670				2
2024.07.02	02:05:32.450	0.60668				2
2024.07.02	02:05:33.536	0.60669				2
2024.07.02	02:05:45.069		0.60672			4
2024.07.02	02:05:45.382		0.60673			4
2024.07.02	02:05:52.248	0.60668				2
2024.07.02	02:05:55.983	0.60669				2
2024.07.02	02:06:03.565	0.60669				2
2024.07.02	02:06:09.951	0.60668	0.60672			6
2024.07.02	02:06:12.262		0.60673			4
2024.07.02	02:06:13.515	0.60667	0.60672			6
2024.07.02	02:06:14.103		0.60673			4
2024.07.02	02:06:14.413	0.60668	0.60672			6
2024.07.02	02:06:15.406	0.60667				2
2024.07.02	02:06:17.585		0.60673			4
2024.07.02	02:06:19.024	0.60668				2
2024.07.02	02:06:20.421	0.60667	0.60672			6
2024.07.02	02:06:21.522	0.60668	0.60671			6
2024.07.02	02:06:21.831		0.60672			4
2024.07.02	02:06:22.293		0.60671			4
2024.07.02	02:06:22.639	0.60667				2
2024.07.02	02:06:23.365	0.60668	0.60672			6
2024.07.02	02:06:23.812	0.60667				2
2024.07.02	02:06:35.559	0.60665	0.60668			6
2024.07.02	02:06:36.346		0.60669			4
2024.07.02	02:06:38.885	0.60664	0.60667			6
2024.07.02	02:06:40.630	0.60663	0.60666			6
2024.07.02	02:06:47.765	0.60664	0.60667			6
2024.07.02	02:06:48.110	0.60665	0.60668			6
2024.07.02	02:06:49.744	0.60667	0.60670			6
2024.07.02	02:06:55.067	0.60666	0.60671			6
2024.07.02	02:07:00.765	0.60666				2
2024.07.02	02:07:01.416	0.60667				2
2024.07.02	02:07:01.761		0.60670			4
2024.07.02	02:07:02.557	0.60665	0.60667			6
2024.07.02	02:07:02.871		0.60668			4
2024.07.02	02:07:04.063		0.60667			4
2024.07.02	02:07:06.171	0.60664				2
2024.07.02	02:07:08.937		0.60666			4
2024.07.02	02:07:09.263	0.60663				2
2024.07.02	02:07:18.654	0.60665				2
2024.07.02	02:07:18.956	0.60663				2
2024.07.02	02:07:33.647	0.60664	0.60667			6
2024.07.02	02:07:41.125	0.60663	0.60668			6
2024.07.02	02:08:00.041	0.60663				2
2024.07.02	02:08:06.810		0.60667			4
2024.07.02	02:08:09.088	0.60659	0.60662			6
2024.07.02	02:08:19.851	0.60660				2
2024.07.02	02:08:20.155	0.60659				2
2024.07.02	02:08:21.935	0.60662	0.60665			6
2024.07.02	02:08:28.354	0.60659	0.60662			6
2024.07.02	02:08:28.670	0.60660				2
2024.07.02	02:08:29.438	0.60659	0.60663			6
2024.07.02	02:08:30.533	0.60660	0.60662			6
2024.07.02	02:08:32.623	0.60659				2
2024.07.02	02:08:34.403	0.60664	0.60666			6
2024.07.02	02:08:34.760	0.60663				2
2024.07.02	02:08:35.526	0.60662				2
2024.07.02	02:08:40.091		0.60665			4
2024.07.02	02:08:42.289		0.60666			4
2024.07.02	02:08:42.620		0.60665			4
2024.07.02	02:08:43.476		0.60666			4
2024.07.02	02:08:44.238	0.60661	0.60665			6
2024.07.02	02:08:44.857	0.60662				2
2024.07.02	02:08:45.617		0.60666			4
2024.07.02	02:08:46.017	0.60663				2
2024.07.02	02:09:00.304	0.60663				2
2024.07.02	02:09:03.742	0.60665				2
2024.07.02	02:09:04.647		0.60667			4
2024.07.02	02:09:06.845	0.60664				2
2024.07.02	02:09:19.767	0.60665				2
2024.07.02	02:09:29.196	0.60663	0.60665			6
2024.07.02	02:09:31.700	0.60662				2
2024.07.02	02:09:32.889	0.60661	0.60663			6
2024.07.02	02:09:36.210	0.60660	0.60662			6
2024.07.02	02:09:46.401		0.60663			4
2024.07.02	02:09:48.753		0.60662			4
2024.07.02	02:09:53.187		0.60663			4
2024.07.02	02:09:53.501		0.60662			4
2024.07.02	02:10:00.428	0.60660				2
2024.07.02	02:10:04.576		0.60663			4
2024.07.02	02:10:10.426	0.60664	0.60666			6
2024.07.02	02:10:15.425		0.60667			4
2024.07.02	02:10:16.034		0.60666			4
2024.07.02	02:10:16.361	0.60663				2
2024.07.02	02:10:27.164	0.60662	0.60665			6
2024.07.02	02:10:28.786	0.60663				2
2024.07.02	02:10:29.643	0.60662				2
2024.07.02	02:10:37.687	0.60663				2
2024.07.02	02:10:47.468	0.60664				2
2024.07.02	02:10:47.775	0.60663				2
2024.07.02	02:10:50.704	0.60665	0.60666			6
2024.07.02	02:10:51.045	0.60664				2
2024.07.02	02:10:59.993	0.60665	0.60667			6
2024.07.02	02:11:00.302	0.60665				2
2024.07.02	02:11:16.578	0.60664	0.60666			6
2024.07.02	02:11:27.062	0.60666	0.60667			6
2024.07.02	02:11:27.363	0.60664	0.60666			6
2024.07.02	02:11:29.479	0.60663	0.60665			6
2024.07.02	02:11:42.993	0.60662	0.60664			6
2024.07.02	02:11:53.319	0.60663	0.60665			6
2024.07.02	02:11:53.634	0.60665	0.60666			6
2024.07.02	02:11:58.853	0.60664				2
2024.07.02	02:12:00.120	0.60664				2
2024.07.02	02:12:02.507	0.60663	0.60665			6
2024.07.02	02:12:23.994	0.60664	0.60666			6
2024.07.02	02:12:28.341	0.60663	0.60665			6
2024.07.02	02:12:31.858	0.60665	0.60666			6
2024.07.02	02:12:32.161	0.60663	0.60665			6
2024.07.02	02:12:38.109	0.60662	0.60666			6
2024.07.02	02:13:00.407	0.60662				2
2024.07.02	02:13:11.567	0.60663				2
2024.07.02	02:13:18.113	0.60662				2
2024.07.02	02:13:18.420	0.60663				2
2024.07.02	02:13:21.553	0.60662				2
2024.07.02	02:13:24.076		0.60665			4
2024.07.02	02:13:47.739	0.60663				2
2024.07.02	02:13:52.300	0.60662				2
2024.07.02	02:14:00.190	0.60662				2
2024.07.02	02:14:04.693	0.60663				2
2024.07.02	02:14:20.468	0.60662				2
2024.07.02	02:14:24.980	0.60663	0.60665			6
2024.07.02	02:14:26.101	0.60662				2
2024.07.02	02:14:28.359	0.60663				2
2024.07.02	02:15:00.465	0.60663				2
2024.07.02	02:15:00.827	0.60666	0.60668			6
2024.07.02	02:15:01.137	0.60665				2
2024.07.02	02:15:01.442	0.60664	0.60667			6
2024.07.02	02:15:42.670		0.60666			4
2024.07.02	02:15:42.972		0.60667			4
2024.07.02	02:16:00.510	0.60664				2
2024.07.02	02:16:09.542	0.60665				2
2024.07.02	02:16:11.723	0.60666	0.60668			6
2024.07.02	02:16:13.518	0.60664	0.60666			6
2024.07.02	02:16:16.218	0.60663				2
2024.07.02	02:16:22.356	0.60662	0.60664			6
2024.07.02	02:16:23.280	0.60661	0.60663			6
2024.07.02	02:16:23.701	0.60662	0.60664			6
2024.07.02	02:16:24.657		0.60665			4
2024.07.02	02:16:25.659		0.60664			4
2024.07.02	02:16:29.156	0.60663	0.60665			6
2024.07.02	02:16:30.930	0.60662	0.60666			6
2024.07.02	02:16:32.540		0.60665			4
2024.07.02	02:16:35.921	0.60663				2
2024.07.02	02:16:39.300	0.60662				2
2024.07.02	02:16:40.418	0.60663				2
2024.07.02	02:16:43.790	0.60662				2
2024.07.02	02:16:47.297	0.60663				2
2024.07.02	02:17:00.711	0.60663				2
2024.07.02	02:17:14.386	0.60662				2
2024.07.02	02:17:14.791	0.60663				2
2024.07.02	02:17:20.029	0.60662				2
2024.07.02	02:17:20.426	0.60663				2
2024.07.02	02:17:32.674		0.60665			4
2024.07.02	02:17:34.276	0.60664				2
2024.07.02	02:17:34.578	0.60663				2
2024.07.02	02:17:34.966	0.60664	0.60666			6
2024.07.02	02:17:41.775		0.60667			4
2024.07.02	02:17:51.251		0.60668			4
2024.07.02	02:17:51.956		0.60667			4
2024.07.02	02:18:00.410	0.60663				2
2024.07.02	02:18:52.820		0.60667			4
2024.07.02	02:19:00.129	0.60663				2
2024.07.02	02:19:02.707	0.60666	0.60669			6
2024.07.02	02:19:03.481	0.60665	0.60668			6
2024.07.02	02:19:08.202	0.60664	0.60667			6
2024.07.02	02:19:09.537	0.60666	0.60668			6
2024.07.02	02:19:11.767	0.60665				2
2024.07.02	02:19:14.349	0.60666				2
2024.07.02	02:19:15.148	0.60665				2
2024.07.02	02:19:17.928	0.60664	0.60667			6
2024.07.02	02:19:26.303	0.60666	0.60668			6
2024.07.02	02:19:30.703	0.60665				2
2024.07.02	02:19:31.031	0.60666	0.60669			6
2024.07.02	02:19:31.866		0.60668			4
2024.07.02	02:19:33.860	0.60665				2
2024.07.02	02:19:34.248		0.60667			4
2024.07.02	02:19:36.556	0.60666				2
2024.07.02	02:19:37.680		0.60668			4
2024.07.02	02:19:38.813	0.60665				2
2024.07.02	02:19:43.321		0.60667			4
2024.07.02	02:19:45.573	0.60666	0.60669			6
2024.07.02	02:19:45.897		0.60668			4
2024.07.02	02:19:52.191	0.60664	0.60667			6
2024.07.02	02:19:52.628	0.60666				2
2024.07.02	02:19:53.439	0.60665	0.60668			6
2024.07.02	02:19:57.973	0.60666				2
2024.07.02	02:19:59.092	0.60665				2
2024.07.02	02:20:00.224	0.60666				2
2024.07.02	02:20:08.100	0.60668	0.60669			6
2024.07.02	02:20:08.402	0.60665	0.60668			6
2024.07.02	02:20:08.719	0.60664	0.60666			6
2024.07.02	02:20:34.500	0.60666	0.60668			6
2024.07.02	02:20:39.926	0.60665	0.60667			6
2024.07.02	02:20:43.497		0.60668			4
2024.07.02	02:20:44.623		0.60667			4
2024.07.02	02:20:45.057	0.60666				2
2024.07.02	02:20:45.386	0.60665				2
2024.07.02	02:20:48.305	0.60666	0.60668			6
2024.07.02	02:20:49.132	0.60665	0.60667			6
2024.07.02	02:20:52.833	0.60664				2
2024.07.02	02:20:53.636		0.60666			4
2024.07.02	02:20:54.766	0.60665	0.60667			6
2024.07.02	02:20:55.897	0.60664				2
2024.07.02	02:20:56.869		0.60666			4
2024.07.02	02:20:57.233	0.60665	0.60667			6
2024.07.02	02:20:57.626		0.60668			4
2024.07.02	02:20:58.146		0.60667			4
2024.07.02	02:21:00.326	0.60665				2
2024.07.02	02:21:02.408	0.60664	0.60666			6
2024.07.02	02:21:03.621	0.60665	0.60667			6
2024.07.02	02:21:08.292	0.60664	0.60666			6
2024.07.02	02:21:17.921	0.60665	0.60667			6
2024.07.02	02:21:20.692	0.60664	0.60666			6
2024.07.02	02:21:26.315	0.60665	0.60667			6
2024.07.02	02:21:30.359	0.60664	0.60666			6
2024.07.02	02:21:56.866	0.60663	0.60665			6
2024.07.02	02:21:58.902	0.60664	0.60666			6
2024.07.02	02:22:00.061	0.60664				2
2024.07.02	02:22:00.670	0.60665				2
2024.07.02	02:22:00.975	0.60664				2
2024.07.02	02:22:23.504	0.60667	0.60669			6
2024.07.02	02:22:31.335	0.60666	0.60668			6
2024.07.02	02:22:34.719	0.60665	0.60667			6
2024.07.02	02:22:41.490	0.60666	0.60668			6
2024.07.02	02:22:53.319	0.60665	0.60667			6
2024.07.02	02:22:53.879	0.60666	0.60668			6
2024.07.02	02:22:57.977	0.60668	0.60669			6
2024.07.02	02:22:58.281	0.60666	0.60668			6
2024.07.02	02:23:00.368	0.60666				2
2024.07.02	02:23:09.469	0.60670	0.60672			6
2024.07.02	02:23:15.719	0.60669				2
2024.07.02	02:23:31.759	0.60670				2
2024.07.02	02:23:41.477	0.60672	0.60673			6
2024.07.02	02:23:41.781	0.60670	0.60672			6
2024.07.02	02:24:00.778	0.60670				2
2024.07.02	02:24:03.623	0.60668	0.60670			6
2024.07.02	02:24:12.984		0.60669			4
2024.07.02	02:24:20.038		0.60670			4
2024.07.02	02:24:46.290	0.60670	0.60672			6
2024.07.02	02:24:59.319	0.60671	0.60673			6
2024.07.02	02:25:00.142	0.60671				2
2024.07.02	02:25:00.442	0.60670				2
2024.07.02	02:25:01.601		0.60671			4
2024.07.02	02:25:09.248	0.60671	0.60672			6
2024.07.02	02:25:23.900		0.60673			4
2024.07.02	02:25:27.316	0.60670	0.60671			6
2024.07.02	02:25:53.681	0.60671	0.60672			6
2024.07.02	02:26:00.302	0.60674	0.60675			6
2024.07.02	02:26:12.729	0.60675	0.60676			6
2024.07.02	02:26:18.569	0.60671	0.60674			6
2024.07.02	02:26:22.621	0.60670				2
2024.07.02	02:26:30.756	0.60671				2
2024.07.02	02:26:36.362		0.60673			4
2024.07.02	02:26:37.761		0.60674			4
2024.07.02	02:26:41.400		0.60673			4
2024.07.02	02:26:45.240		0.60674			4
2024.07.02	02:26:56.532	0.60669	0.60672			6
2024.07.02	02:26:56.842	0.60670	0.60673			6
2024.07.02	02:27:00.186	0.60670				2
2024.07.02	02:27:07.437	0.60669				2
2024.07.02	02:27:09.188		0.60672			4
2024.07.02	02:27:10.213		0.60673			4
2024.07.02	02:27:19.295	0.60670				2
2024.07.02	02:27:27.163	0.60669				2
2024.07.02	02:27:31.873	0.60670				2
2024.07.02	02:27:32.184	0.60669				2
2024.07.02	02:27:42.588	0.60668	0.60672			6
2024.07.02	02:27:50.311		0.60671			4
2024.07.02	02:27:50.625	0.60669				2
2024.07.02	02:27:56.994	0.60665	0.60668			6
2024.07.02	02:27:57.317	0.60666				2
2024.07.02	02:28:00.023	0.60666				2
2024.07.02	02:28:05.376	0.60668	0.60671			6
2024.07.02	02:28:05.681	0.60667	0.60669			6
2024.07.02	02:28:15.037		0.60670			4
2024.07.02	02:28:22.150		0.60668			4
2024.07.02	02:28:22.578		0.60670			4
2024.07.02	02:28:27.298		0.60669			4
2024.07.02	02:28:38.246	0.60666				2
2024.07.02	02:28:40.260	0.60668				2
2024.07.02	02:28:40.562	0.60666				2
2024.07.02	02:28:42.389	0.60665	0.60668			6
2024.07.02	02:28:42.700	0.60666				2
2024.07.02	02:28:43.555	0.60665				2
2024.07.02	02:28:50.317		0.60667			4
2024.07.02	02:28:55.952	0.60666	0.60668			6
2024.07.02	02:28:57.077	0.60665				2
2024.07.02	02:28:58.104	0.60664	0.60669			6
2024.07.02	02:28:58.981	0.60665				2
2024.07.02	02:29:00.460	0.60665				2
2024.07.02	02:29:01.591	0.60664	0.60668			6
2024.07.02	02:29:02.720	0.60665	0.60669			6
2024.07.02	02:29:04.971		0.60668			4
2024.07.02	02:29:06.999	0.60663	0.60666			6
2024.07.02	02:29:07.319	0.60664	0.60667			6
2024.07.02	02:29:38.813	0.60663	0.60666			6
2024.07.02	02:29:43.723	0.60661	0.60664			6
2024.07.02	02:29:45.547		0.60665			4
2024.07.02	02:30:00.791	0.60661				2
2024.07.02	02:30:02.427	0.60662				2
2024.07.02	02:30:02.740		0.60664			4
2024.07.02	02:30:10.430	0.60663				2
2024.07.02	02:30:17.086	0.60662				2
2024.07.02	02:30:20.328		0.60665			4
2024.07.02	02:30:21.069	0.60664				2
2024.07.02	02:30:21.370	0.60662	0.60664			6
2024.07.02	02:30:43.737	0.60661	0.60663			6
2024.07.02	02:30:44.071	0.60662	0.60664			6
2024.07.02	02:30:45.445	0.60660	0.60665			6
2024.07.02	02:30:45.813	0.60662				2
2024.07.02	02:30:46.435	0.60661	0.60663			6
2024.07.02	02:30:46.742	0.60662	0.60664			6
2024.07.02	02:30:48.242	0.60660				2
2024.07.02	02:30:49.787		0.60665			4
2024.07.02	02:30:53.664	0.60661				2
2024.07.02	02:30:55.158		0.60664			4
2024.07.02	02:30:56.405	0.60662				2
2024.07.02	02:31:00.160	0.60662				2
2024.07.02	02:31:31.662	0.60661	0.60665			6
2024.07.02	02:31:32.925	0.60660				2
2024.07.02	02:31:33.779		0.60664			4
2024.07.02	02:31:34.161		0.60665			4
2024.07.02	02:31:37.431		0.60664			4
2024.07.02	02:31:41.049	0.60661				2
2024.07.02	02:31:42.416	0.60662				2
2024.07.02	02:31:42.872		0.60665			4
2024.07.02	02:31:45.305		0.60664			4
2024.07.02	02:31:50.536	0.60661	0.60665			6
2024.07.02	02:31:52.868	0.60660				2
2024.07.02	02:31:53.175	0.60661				2
2024.07.02	02:31:55.170	0.60660				2
2024.07.02	02:31:56.478		0.60664			4
2024.07.02	02:31:58.732		0.60663			4
2024.07.02	02:31:59.071	0.60659	0.60662			6
2024.07.02	02:32:00.185	0.60659				2
2024.07.02	02:32:08.343	0.60655	0.60658			6
2024.07.02	02:32:08.645	0.60654	0.60657			6
2024.07.02	02:32:10.522	0.60653	0.60658			6
2024.07.02	02:32:11.046	0.60654	0.60657			6
2024.07.02	02:32:11.461		0.60658			4
2024.07.02	02:32:11.983		0.60657			4
2024.07.02	02:32:13.736		0.60655			4
2024.07.02	02:32:18.327		0.60657			4
2024.07.02	02:32:37.154	0.60655	0.60658			6
2024.07.02	02:32:37.486	0.60656				2
2024.07.02	02:32:38.573	0.60657	0.60659			6
2024.07.02	02:32:38.896		0.60660			4
2024.07.02	02:32:43.642	0.60658				2
2024.07.02	02:32:47.313	0.60657	0.60659			6
2024.07.02	02:32:51.402	0.60656	0.60658			6
2024.07.02	02:33:01.454	0.60656				2
2024.07.02	02:33:04.710		0.60659			4
2024.07.02	02:33:20.662	0.60652	0.60655			6
2024.07.02	02:33:20.990	0.60653				2
2024.07.02	02:33:21.331	0.60654				2
2024.07.02	02:33:23.360	0.60655	0.60656			6
2024.07.02	02:33:23.715	0.60653				2
2024.07.02	02:33:31.361	0.60654				2
2024.07.02	02:33:42.094		0.60655			4
2024.07.02	02:33:46.182	0.60657	0.60659			6
2024.07.02	02:33:47.225	0.60655	0.60657			6
2024.07.02	02:33:49.926	0.60654	0.60656			6
2024.07.02	02:34:00.360	0.60654	0.60657			6
2024.07.02	02:34:06.000		0.60656			4
2024.07.02	02:34:08.953	0.60652	0.60654			6
2024.07.02	02:34:10.127		0.60655			4
2024.07.02	02:34:12.098		0.60653			4
2024.07.02	02:34:13.171		0.60654			4
2024.07.02	02:34:17.676		0.60655			4
2024.07.02	02:34:18.651	0.60653				2
2024.07.02	02:34:18.956	0.60652				2
2024.07.02	02:34:21.042	0.60653				2
2024.07.02	02:34:21.990	0.60652				2
2024.07.02	02:34:22.297	0.60653				2
2024.07.02	02:34:24.428	0.60652				2
2024.07.02	02:34:31.202	0.60653				2
2024.07.02	02:34:32.315	0.60652				2
2024.07.02	02:34:33.287	0.60653				2
2024.07.02	02:34:41.119	0.60655	0.60656			6
2024.07.02	02:34:43.671	0.60652	0.60653			6
2024.07.02	02:34:44.302	0.60653	0.60654			6
2024.07.02	02:34:46.077	0.60652				2
2024.07.02	02:34:48.331		0.60655			4
2024.07.02	02:34:52.818	0.60653				2
2024.07.02	02:35:00.370	0.60653				2
2024.07.02	02:35:09.051	0.60654	0.60656			6
2024.07.02	02:35:12.117		0.60655			4
2024.07.02	02:35:13.718	0.60652	0.60654			6
2024.07.02	02:35:14.600		0.60653			4
2024.07.02	02:35:14.923		0.60654			4
2024.07.02	02:35:22.921	0.60653	0.60655			6
2024.07.02	02:35:23.940	0.60651	0.60653			6
2024.07.02	02:35:24.256	0.60650	0.60652			6
2024.07.02	02:35:29.917		0.60653			4
2024.07.02	02:35:34.531		0.60652			4
2024.07.02	02:35:35.691	0.60649				2
2024.07.02	02:35:42.142	0.60648	0.60651			6
2024.07.02	02:35:45.671	0.60647	0.60650			6
2024.07.02	02:36:00.346	0.60647				2
2024.07.02	02:36:07.655	0.60648				2
2024.07.02	02:36:12.118	0.60647				2
2024.07.02	02:36:17.962	0.60649	0.60652			6
2024.07.02	02:36:39.053		0.60650			4
2024.07.02	02:36:39.358		0.60652			4
2024.07.02	02:36:41.746	0.60650				2
2024.07.02	02:36:48.809	0.60649	0.60651			6
2024.07.02	02:37:00.751	0.60649				2
2024.07.02	02:37:06.304	0.60648	0.60650			6
2024.07.02	02:37:07.418	0.60649	0.60651			6
2024.07.02	02:37:18.425	0.60648	0.60649			6
2024.07.02	02:37:19.501		0.60650			4
2024.07.02	02:37:28.837	0.60649	0.60651			6
2024.07.02	02:37:33.320	0.60650	0.60652			6
2024.07.02	02:37:36.790	0.60649				2
2024.07.02	02:37:37.203		0.60651			4
2024.07.02	02:37:49.137	0.60648	0.60650			6
2024.07.02	02:38:00.414	0.60648				2
2024.07.02	02:38:15.394	0.60647				2
2024.07.02	02:38:16.568		0.60649			4
2024.07.02	02:38:28.046	0.60645	0.60648			6
2024.07.02	02:38:35.627	0.60638	0.60640			6
2024.07.02	02:38:35.942		0.60641			4
2024.07.02	02:38:39.438		0.60639			4
2024.07.02	02:38:44.343	0.60637				2
2024.07.02	02:38:49.145	0.60638	0.60641			6
2024.07.02	02:38:54.937	0.60640	0.60642			6
2024.07.02	02:39:00.532	0.60640				2
2024.07.02	02:39:09.327		0.60641			4
2024.07.02	02:39:27.392		0.60642			4
2024.07.02	02:39:35.431	0.60641				2
2024.07.02	02:39:35.782	0.60640				2
2024.07.02	02:39:41.718	0.60641				2
2024.07.02	02:39:42.851	0.60643	0.60645			6
2024.07.02	02:39:49.851	0.60644				2
2024.07.02	02:39:50.155	0.60643				2
2024.07.02	02:40:02.344	0.60643				2
2024.07.02	02:40:27.629	0.60644	0.60646			6
2024.07.02	02:40:29.697		0.60647			4
2024.07.02	02:40:35.251	0.60645				2
2024.07.02	02:40:39.463		0.60646			4
2024.07.02	02:40:44.640	0.60644				2
2024.07.02	02:40:46.156		0.60647			4
2024.07.02	02:40:53.338		0.60648			4
2024.07.02	02:40:57.461		0.60649			4
2024.07.02	02:41:00.375	0.60644				2
2024.07.02	02:41:15.713	0.60643	0.60647			6
2024.07.02	02:41:16.027	0.60644				2
2024.07.02	02:41:29.868		0.60649			4
2024.07.02	02:41:40.899		0.60648			4
2024.07.02	02:42:00.416	0.60644				2
2024.07.02	02:42:07.691	0.60643				2
2024.07.02	02:42:17.188		0.60647			4
2024.07.02	02:42:17.592		0.60648			4
2024.07.02	02:42:27.780		0.60647			4
2024.07.02	02:42:28.836	0.60644				2
2024.07.02	02:42:49.456	0.60645	0.60648			6
2024.07.02	02:42:54.677		0.60647			4
2024.07.02	02:43:00.709	0.60645				2
2024.07.02	02:43:10.692		0.60648			4
2024.07.02	02:43:11.459	0.60647				2
2024.07.02	02:43:11.759	0.60645				2
2024.07.02	02:43:27.419	0.60644				2
2024.07.02	02:43:27.741	0.60645				2
2024.07.02	02:43:55.160	0.60644				2
2024.07.02	02:44:00.148	0.60644				2
2024.07.02	02:44:03.359		0.60647			4
2024.07.02	02:44:03.664		0.60648			4
2024.07.02	02:44:19.681	0.60645	0.60649			6
2024.07.02	02:44:25.561	0.60647	0.60650			6
2024.07.02	02:44:35.955		0.60649			4
2024.07.02	02:44:39.806		0.60648			4
2024.07.02	02:44:58.206		0.60649			4
2024.07.02	02:45:00.444	0.60646	0.60648			6
2024.07.02	02:45:00.928		0.60649			4
2024.07.02	02:45:15.720	0.60645	0.60648			6
2024.07.02	02:45:16.042	0.60646	0.60649			6
2024.07.02	02:45:21.116	0.60647	0.60650			6
2024.07.02	02:45:23.240	0.60648				2
2024.07.02	02:45:25.931	0.60649	0.60652			6
2024.07.02	02:45:26.263	0.60651	0.60653			6
2024.07.02	02:45:26.581	0.60649	0.60652			6
2024.07.02	02:45:32.602	0.60648	0.60650			6
2024.07.02	02:45:39.367		0.60651			4
2024.07.02	02:45:39.866	0.60650	0.60652			6
2024.07.02	02:45:48.652		0.60653			4
2024.07.02	02:45:51.675		0.60652			4
2024.07.02	02:45:52.879		0.60653			4
2024.07.02	02:46:00.449	0.60650				2
2024.07.02	02:46:02.416		0.60652			4
2024.07.02	02:46:04.762		0.60653			4
2024.07.02	02:46:05.897		0.60652			4
2024.07.02	02:46:10.343	0.60645	0.60647			6
2024.07.02	02:46:13.765		0.60648			4
2024.07.02	02:46:14.512		0.60647			4
2024.07.02	02:46:33.440	0.60644				2
2024.07.02	02:46:35.079	0.60647	0.60648			6
2024.07.02	02:46:35.383		0.60649			4
2024.07.02	02:46:36.362	0.60648	0.60650			6
2024.07.02	02:46:42.160	0.60647	0.60651			6
2024.07.02	02:46:45.336	0.60646				2
2024.07.02	02:46:46.151		0.60650			4
2024.07.02	02:47:00.030	0.60646				2
2024.07.02	02:47:00.416	0.60647	0.60651			6
2024.07.02	02:47:01.876	0.60651	0.60653			6
2024.07.02	02:47:02.181	0.60650				2
2024.07.02	02:47:02.485	0.60651	0.60654			6
2024.07.02	02:47:02.790	0.60650	0.60653			6
2024.07.02	02:47:06.082		0.60651			4
2024.07.02	02:47:11.940		0.60652			4
2024.07.02	02:47:15.749	0.60648	0.60651			6
2024.07.02	02:47:27.262	0.60646	0.60649			6
2024.07.02	02:47:28.201		0.60648			4
2024.07.02	02:47:29.715	0.60647	0.60649			6
2024.07.02	02:47:56.344	0.60646				2
2024.07.02	02:47:59.749	0.60647				2
2024.07.02	02:48:00.075	0.60647				2
2024.07.02	02:48:00.411	0.60643	0.60645			6
2024.07.02	02:48:00.722	0.60644				2
2024.07.02	02:48:01.060		0.60646			4
2024.07.02	02:48:01.863	0.60645	0.60647			6
2024.07.02	02:48:03.735	0.60643	0.60646			6
2024.07.02	02:48:07.357	0.60646	0.60648			6
2024.07.02	02:48:15.607	0.60645	0.60647			6
2024.07.02	02:48:15.922		0.60648			4
2024.07.02	02:48:16.836		0.60647			4
2024.07.02	02:48:17.150		0.60648			4
2024.07.02	02:48:17.501		0.60647			4
2024.07.02	02:48:20.641		0.60648			4
2024.07.02	02:48:22.189		0.60647			4
2024.07.02	02:48:22.671		0.60648			4
2024.07.02	02:48:24.216		0.60647			4
2024.07.02	02:48:24.681		0.60646			4
2024.07.02	02:48:24.983		0.60647			4
2024.07.02	02:48:27.721		0.60648			4
2024.07.02	02:48:28.246		0.60647			4
2024.07.02	02:48:28.834		0.60648			4
2024.07.02	02:48:29.479		0.60647			4
2024.07.02	02:48:30.921		0.60648			4
2024.07.02	02:48:38.484	0.60646				2
2024.07.02	02:48:39.174	0.60645				2
2024.07.02	02:48:48.123	0.60647	0.60649			6
2024.07.02	02:48:48.579	0.60646	0.60648			6
2024.07.02	02:48:49.994	0.60644	0.60646			6
2024.07.02	02:48:57.476	0.60645	0.60647			6
2024.07.02	02:49:00.203	0.60645				2
2024.07.02	02:49:04.377		0.60646			4
2024.07.02	02:49:06.425	0.60644				2
2024.07.02	02:49:07.628		0.60647			4
2024.07.02	02:49:10.734	0.60645				2
2024.07.02	02:49:18.647	0.60646	0.60648			6
2024.07.02	02:49:20.272	0.60645	0.60647			6
2024.07.02	02:49:21.957	0.60646				2
2024.07.02	02:49:22.272	0.60645				2
2024.07.02	02:49:32.404	0.60646	0.60648			6
2024.07.02	02:50:00.412	0.60645				2
2024.07.02	02:50:01.453		0.60647			4
2024.07.02	02:50:01.767	0.60642	0.60645			6
2024.07.02	02:50:02.089		0.60644			4
2024.07.02	02:50:08.117	0.60644	0.60645			6
2024.07.02	02:50:08.418	0.60642	0.60644			6
2024.07.02	02:50:12.653	0.60643				2
2024.07.02	02:50:12.957	0.60642				2
2024.07.02	02:50:26.337		0.60645			4
2024.07.02	02:50:27.042	0.60644	0.60646			6
2024.07.02	02:50:33.333	0.60637	0.60640			6
2024.07.02	02:50:42.342	0.60636	0.60638			6
2024.07.02	02:50:48.651		0.60637			4
2024.07.02	02:50:48.956		0.60638			4
2024.07.02	02:51:00.431	0.60636				2
2024.07.02	02:51:32.151	0.60638	0.60640			6
2024.07.02	02:51:36.337	0.60637				2
2024.07.02	02:51:46.796	0.60638	0.60641			6
2024.07.02	02:51:48.579	0.60639				2
2024.07.02	02:51:57.733		0.60642			4
2024.07.02	02:52:00.411	0.60639				2
2024.07.02	02:52:04.268		0.60641			4
2024.07.02	02:52:04.578		0.60642			4
2024.07.02	02:52:07.143		0.60641			4
2024.07.02	02:52:11.487		0.60642			4
2024.07.02	02:52:24.824	0.60640	0.60643			6
2024.07.02	02:52:32.235		0.60642			4
2024.07.02	02:52:47.831	0.60641	0.60643			6
2024.07.02	02:52:52.283	0.60642	0.60644			6
2024.07.02	02:53:00.241	0.60641	0.60643			6
2024.07.02	02:53:02.540	0.60642	0.60644			6
2024.07.02	02:53:41.320	0.60645	0.60647			6
2024.07.02	02:53:41.949	0.60644				2
2024.07.02	02:53:43.780		0.60646			4
2024.07.02	02:54:00.110	0.60644				2
2024.07.02	02:54:29.175	0.60646	0.60648			6
2024.07.02	02:54:34.241	0.60647	0.60649			6
2024.07.02	02:54:34.556	0.60646				2
2024.07.02	02:54:34.906	0.60645	0.60648			6
2024.07.02	02:54:35.225	0.60646				2
2024.07.02	02:54:58.121	0.60648	0.60649			6
2024.07.02	02:54:58.422		0.60650			4
2024.07.02	02:55:00.416	0.60647	0.60648			6
2024.07.02	02:55:04.289	0.60648	0.60649			6
2024.07.02	02:55:04.591	0.60647	0.60648			6
2024.07.02	02:55:16.271	0.60646	0.60647			6
2024.07.02	02:55:17.922		0.60648			4
2024.07.02	02:55:20.866		0.60647			4
2024.07.02	02:55:23.505		0.60648			4
2024.07.02	02:55:24.584		0.60647			4
2024.07.02	02:55:32.782		0.60648			4
2024.07.02	02:55:34.446		0.60647			4
2024.07.02	02:55:40.330	0.60647	0.60648			6
2024.07.02	02:55:48.873	0.60648	0.60651			6
2024.07.02	02:55:49.575	0.60649				2
2024.07.02	02:55:50.048		0.60650			4
2024.07.02	02:55:50.807	0.60648				2
2024.07.02	02:56:00.417	0.60648				2
2024.07.02	02:56:00.724	0.60649	0.60651			6
2024.07.02	02:56:13.364	0.60647	0.60650			6
2024.07.02	02:56:14.167	0.60648				2
2024.07.02	02:56:16.083	0.60649				2
2024.07.02	02:56:16.413	0.60648				2
2024.07.02	02:56:22.378	0.60647				2
2024.07.02	02:56:41.843	0.60648				2
2024.07.02	02:56:51.673		0.60651			4
2024.07.02	02:56:52.150	0.60645	0.60647			6
2024.07.02	02:56:54.244	0.60644				2
2024.07.02	02:56:55.439	0.60645				2
2024.07.02	02:57:00.359	0.60645				2
2024.07.02	02:57:02.375	0.60646				2
2024.07.02	02:57:03.455	0.60645				2
2024.07.02	02:57:10.125	0.60644	0.60646			6
2024.07.02	02:57:11.877	0.60645				2
2024.07.02	02:57:19.659	0.60642	0.60644			6
2024.07.02	02:57:27.829	0.60643				2
2024.07.02	02:57:33.290		0.60645			4
2024.07.02	02:57:42.183		0.60644			4
2024.07.02	02:57:44.800		0.60645			4
2024.07.02	02:57:47.088		0.60644			4
2024.07.02	02:58:00.406	0.60644	0.60646			6
2024.07.02	02:58:02.214	0.60645	0.60647			6
2024.07.02	02:58:02.532	0.60646				2
2024.07.02	02:58:05.390	0.60645				2
2024.07.02	02:58:10.064		0.60646			4
2024.07.02	02:58:28.966	0.60644				2
2024.07.02	02:58:30.726	0.60643				2
2024.07.02	02:58:34.434		0.60647			4
2024.07.02	02:58:48.770		0.60646			4
2024.07.02	02:58:49.071		0.60645			4
2024.07.02	02:58:49.381	0.60642				2
2024.07.02	02:59:00.419	0.60642	0.60644			6
2024.07.02	02:59:02.285	0.60643	0.60645			6
2024.07.02	02:59:02.605	0.60640	0.60642			6
2024.07.02	02:59:03.947	0.60641	0.60643			6
2024.07.02	02:59:05.441		0.60642			4
2024.07.02	02:59:05.749	0.60640				2
2024.07.02	02:59:10.154		0.60641			4
2024.07.02	02:59:12.345		0.60642			4
2024.07.02	02:59:13.442		0.60641			4
2024.07.02	02:59:15.431	0.60639				2
2024.07.02	02:59:34.022	0.60638				2
2024.07.02	02:59:34.542	0.60640	0.60643			6
2024.07.02	02:59:35.129	0.60639	0.60641			6
2024.07.02	02:59:44.988		0.60642			4
2024.07.02	02:59:45.637	0.60640				2
2024.07.02	02:59:49.182	0.60641	0.60643			6
2024.07.02	02:59:52.273		0.60642			4
2024.07.02	02:59:52.575		0.60643			4
2024.07.02	02:59:55.276	0.60640	0.60642			6
2024.07.02	02:59:57.426	0.60641	0.60643			6
2024.07.02	03:00:00.289	0.60641				2
2024.07.02	03:00:00.627	0.60640				2
2024.07.02	03:00:01.243	0.60639	0.60644			6
2024.07.02	03:00:01.680		0.60643			4
2024.07.02	03:00:02.313	0.60640	0.60644			6
2024.07.02	03:00:03.461	0.60641				2
2024.07.02	03:00:04.102	0.60640	0.60643			6
2024.07.02	03:00:05.187		0.60644			4
2024.07.02	03:00:05.504		0.60643			4
2024.07.02	03:00:07.225		0.60644			4
2024.07.02	03:00:07.837		0.60643			4
2024.07.02	03:00:09.888	0.60641	0.60644			6
2024.07.02	03:00:10.194	0.60639	0.60641			6
2024.07.02	03:00:10.897		0.60642			4
2024.07.02	03:00:20.148	0.60640				2
2024.07.02	03:00:20.462	0.60641	0.60644			6
2024.07.02	03:00:21.391		0.60645			4
2024.07.02	03:00:21.912	0.60643	0.60647			6
2024.07.02	03:00:23.369	0.60644				2
2024.07.02	03:00:23.755	0.60643				2
2024.07.02	03:00:31.726	0.60644	0.60648			6
2024.07.02	03:00:32.932		0.60647			4
2024.07.02	03:00:36.308	0.60645	0.60648			6
2024.07.02	03:00:36.747	0.60650	0.60654			6
2024.07.02	03:00:37.414		0.60653			4
2024.07.02	03:00:38.821	0.60651	0.60654			6
2024.07.02	03:00:39.505	0.60653	0.60656			6
2024.07.02	03:00:39.822	0.60656	0.60659			6
2024.07.02	03:00:40.463		0.60657			4
2024.07.02	03:00:40.765	0.60660	0.60661			6
2024.07.02	03:00:41.084	0.60662	0.60664			6
2024.07.02	03:00:41.525	0.60664	0.60667			6
2024.07.02	03:00:41.849		0.60666			4
2024.07.02	03:00:42.187	0.60665				2
2024.07.02	03:00:43.510	0.60664				2
2024.07.02	03:00:44.788	0.60663				2
2024.07.02	03:00:45.166	0.60662				2
2024.07.02	03:00:45.483	0.60663				2
2024.07.02	03:00:47.148		0.60667			4
2024.07.02	03:00:47.643	0.60664				2
2024.07.02	03:00:48.729	0.60663	0.60666			6
2024.07.02	03:00:49.033	0.60662				2
2024.07.02	03:00:50.157	0.60664	0.60667			6
2024.07.02	03:00:50.561	0.60663	0.60666			6
2024.07.02	03:00:52.473	0.60662	0.60664			6
2024.07.02	03:00:53.691	0.60663	0.60665			6
2024.07.02	03:00:56.816		0.60666			4
2024.07.02	03:01:00.381	0.60661	0.60664			6
2024.07.02	03:01:01.127		0.60663			4
2024.07.02	03:01:01.443	0.60660				2
2024.07.02	03:01:01.764	0.60656	0.60658			6
2024.07.02	03:01:02.085		0.60659			4
2024.07.02	03:01:03.251	0.60655				2
2024.07.02	03:01:03.572	0.60654	0.60656			6
2024.07.02	03:01:04.520		0.60657			4
2024.07.02	03:01:06.644	0.60655	0.60658			6
2024.07.02	03:01:06.950		0.60659			4
2024.07.02	03:01:07.601		0.60658			4
2024.07.02	03:01:07.905	0.60654	0.60657			6
2024.07.02	03:01:08.251	0.60655	0.60658			6
2024.07.02	03:01:09.246		0.60659			4
2024.07.02	03:01:10.203		0.60658			4
2024.07.02	03:01:12.472		0.60659			4
2024.07.02	03:01:13.602		0.60658			4
2024.07.02	03:01:19.564	0.60652	0.60655			6
2024.07.02	03:01:23.718	0.60653				2
2024.07.02	03:01:24.022	0.60650	0.60653			6
2024.07.02	03:01:25.036	0.60651				2
2024.07.02	03:01:26.207		0.60652			4
2024.07.02	03:01:28.037	0.60650				2
2024.07.02	03:01:28.698	0.60651				2
2024.07.02	03:01:29.153	0.60650	0.60651			6
2024.07.02	03:01:32.944	0.60647	0.60649			6
2024.07.02	03:01:35.540	0.60648				2
2024.07.02	03:01:37.277	0.60647				2
2024.07.02	03:01:38.584	0.60648				2
2024.07.02	03:01:38.939	0.60647				2
2024.07.02	03:01:45.023	0.60648				2
2024.07.02	03:01:45.883	0.60647				2
2024.07.02	03:01:49.237	0.60650	0.60651			6
2024.07.02	03:01:53.233	0.60647	0.60650			6
2024.07.02	03:01:53.848	0.60648	0.60649			6
2024.07.02	03:01:54.490	0.60647	0.60650			6
2024.07.02	03:01:55.861	0.60648	0.60649			6
2024.07.02	03:01:56.206		0.60650			4
2024.07.02	03:01:56.819		0.60649			4
2024.07.02	03:01:57.192	0.60647	0.60650			6
2024.07.02	03:01:57.508	0.60646	0.60647			6
2024.07.02	03:02:00.194	0.60646				2
2024.07.02	03:02:01.463	0.60640	0.60642			6
2024.07.02	03:02:01.780	0.60641				2
2024.07.02	03:02:02.180	0.60643	0.60644			6
2024.07.02	03:02:05.044		0.60645			4
2024.07.02	03:02:06.502	0.60644	0.60646			6
2024.07.02	03:02:07.122		0.60645			4
2024.07.02	03:02:18.577	0.60643	0.60644			6
2024.07.02	03:02:19.135		0.60645			4
2024.07.02	03:02:19.530	0.60644	0.60646			6
2024.07.02	03:02:21.724	0.60646	0.60647			6
2024.07.02	03:02:22.142	0.60647	0.60649			6
2024.07.02	03:02:23.189	0.60648				2
2024.07.02	03:02:23.956		0.60650			4
2024.07.02	03:02:24.264	0.60647				2
2024.07.02	03:02:26.278	0.60648	0.60649			6
2024.07.02	03:02:31.047	0.60650	0.60651			6
2024.07.02	03:02:31.364	0.60649	0.60650			6
2024.07.02	03:02:35.585	0.60650	0.60651			6
2024.07.02	03:02:37.883	0.60651	0.60653			6
2024.07.02	03:02:38.185	0.60652				2
2024.07.02	03:02:38.497	0.60651				2
2024.07.02	03:02:39.189	0.60652				2
2024.07.02	03:02:42.403	0.60651	0.60652			6
2024.07.02	03:02:45.212	0.60647	0.60650			6
2024.07.02	03:02:45.522	0.60648	0.60649			6
2024.07.02	03:02:46.342	0.60649	0.60650			6
2024.07.02	03:02:50.089	0.60650	0.60651			6
2024.07.02	03:02:54.319	0.60652	0.60653			6
2024.07.02	03:03:00.242	0.60650	0.60652			6
2024.07.02	03:03:02.021	0.60651				2
2024.07.02	03:03:02.589		0.60653			4
2024.07.02	03:03:03.841		0.60652			4
2024.07.02	03:03:04.142	0.60650				2
2024.07.02	03:03:09.552		0.60653			4
2024.07.02	03:03:09.899	0.60652	0.60654			6
2024.07.02	03:03:10.203	0.60651				2
2024.07.02	03:03:11.565	0.60652				2
2024.07.02	03:03:13.082	0.60651	0.60653			6
2024.07.02	03:03:13.502	0.60652				2
2024.07.02	03:03:13.878	0.60651				2
2024.07.02	03:03:14.890	0.60652				2
2024.07.02	03:03:16.580	0.60651	0.60654			6
2024.07.02	03:03:22.066		0.60652			4
2024.07.02	03:03:22.424		0.60653			4
2024.07.02	03:03:23.301	0.60650	0.60651			6
2024.07.02	03:03:23.634		0.60652			4
2024.07.02	03:03:23.948	0.60649	0.60651			6
2024.07.02	03:03:24.600	0.60650	0.60652			6
2024.07.02	03:03:25.877	0.60649				2
2024.07.02	03:03:30.667	0.60650				2
2024.07.02	03:03:33.783	0.60651				2
2024.07.02	03:03:34.400	0.60650				2
2024.07.02	03:03:34.734	0.60651	0.60653			6
2024.07.02	03:03:36.544	0.60650	0.60654			6
2024.07.02	03:03:37.089	0.60651				2
2024.07.02	03:03:37.393		0.60653			4
2024.07.02	03:03:37.961		0.60652			4
2024.07.02	03:03:38.262	0.60650				2
2024.07.02	03:03:40.706		0.60651			4
2024.07.02	03:03:41.100	0.60651	0.60652			6
2024.07.02	03:03:41.797	0.60650	0.60651			6
2024.07.02	03:03:44.866	0.60649				2
2024.07.02	03:03:48.828	0.60646	0.60648			6
2024.07.02	03:03:49.677		0.60647			4
2024.07.02	03:03:50.304		0.60648			4
2024.07.02	03:03:50.717	0.60645	0.60646			6
2024.07.02	03:03:51.018		0.60647			4
2024.07.02	03:03:52.407	0.60644	0.60646			6
2024.07.02	03:03:53.622		0.60645			4
2024.07.02	03:03:53.933	0.60643	0.60644			6
2024.07.02	03:03:57.123	0.60641	0.60643			6
2024.07.02	03:03:57.443	0.60642	0.60644			6
2024.07.02	03:03:58.720	0.60641	0.60643			6
2024.07.02	03:04:00.407	0.60641				2
2024.07.02	03:04:00.722	0.60640	0.60644			6
2024.07.02	03:04:01.027		0.60643			4
2024.07.02	03:04:10.041		0.60644			4
2024.07.02	03:04:10.675		0.60643			4
2024.07.02	03:04:11.060		0.60644			4
2024.07.02	03:04:11.388		0.60643			4
2024.07.02	03:04:12.196	0.60641				2
2024.07.02	03:04:12.849	0.60640				2
2024.07.02	03:04:13.519		0.60644			4
2024.07.02	03:04:21.005		0.60643			4
2024.07.02	03:04:23.146	0.60644	0.60646			6
2024.07.02	03:04:23.477	0.60645	0.60647			6
2024.07.02	03:04:45.948	0.60644	0.60645			6
2024.07.02	03:04:46.263	0.60638	0.60640			6
2024.07.02	03:04:51.277	0.60637	0.60638			6
2024.07.02	03:04:51.632	0.60636				2
2024.07.02	03:04:52.376	0.60638	0.60639			6
2024.07.02	03:04:52.707		0.60640			4
2024.07.02	03:04:53.222	0.60639	0.60641			6
2024.07.02	03:04:55.376	0.60638	0.60640			6
2024.07.02	03:05:00.592	0.60637	0.60639			6
2024.07.02	03:05:01.903	0.60638				2
2024.07.02	03:05:02.245	0.60636	0.60638			6
2024.07.02	03:05:11.998	0.60637				2
2024.07.02	03:05:13.629	0.60638	0.60639			6
2024.07.02	03:05:20.106	0.60637	0.60638			6
2024.07.02	03:05:20.415	0.60639	0.60641			6
2024.07.02	03:05:23.342		0.60640			4
2024.07.02	03:05:23.725		0.60641			4
2024.07.02	03:05:25.362	0.60640				2
2024.07.02	03:05:25.688	0.60639				2
2024.07.02	03:05:26.015	0.60638	0.60640			6
2024.07.02	03:05:39.927	0.60637	0.60639			6
2024.07.02	03:05:40.312		0.60638			4
2024.07.02	03:05:43.323	0.60636	0.60637			6
2024.07.02	03:05:45.981	0.60635				2
2024.07.02	03:05:46.290	0.60636				2
2024.07.02	03:05:52.742	0.60635				2
2024.07.02	03:05:55.696	0.60636				2
2024.07.02	03:05:56.486	0.60635				2
2024.07.02	03:05:57.053	0.60636				2
2024.07.02	03:05:57.922	0.60635				2
2024.07.02	03:05:58.604	0.60636				2
2024.07.02	03:06:00.925	0.60636				2
2024.07.02	03:06:02.190	0.60635				2
2024.07.02	03:06:03.615	0.60636				2
2024.07.02	03:06:07.306	0.60635				2
2024.07.02	03:06:07.984	0.60631	0.60632			6
2024.07.02	03:06:08.285		0.60633			4
2024.07.02	03:06:08.628	0.60632	0.60635			6
2024.07.02	03:06:12.854		0.60634			4
2024.07.02	03:06:14.981	0.60631				2
2024.07.02	03:06:17.650	0.60632				2
2024.07.02	03:06:19.381	0.60633	0.60635			6
2024.07.02	03:06:19.683	0.60635	0.60636			6
2024.07.02	03:06:19.990	0.60637	0.60639			6
2024.07.02	03:06:20.294		0.60640			4
2024.07.02	03:06:21.077	0.60635	0.60637			6
2024.07.02	03:06:21.392	0.60634				2
2024.07.02	03:06:22.121		0.60635			4
2024.07.02	03:06:24.131	0.60635	0.60636			6
2024.07.02	03:06:26.354	0.60634				2
2024.07.02	03:06:27.121	0.60632	0.60634			6
2024.07.02	03:06:29.647		0.60635			4
2024.07.02	03:06:30.350		0.60634			4
2024.07.02	03:06:32.736	0.60633				2
2024.07.02	03:06:34.469	0.60631	0.60633			6
2024.07.02	03:06:35.236	0.60633	0.60635			6
2024.07.02	03:06:35.940	0.60632				2
2024.07.02	03:06:36.268		0.60634			4
2024.07.02	03:06:36.941		0.60635			4
2024.07.02	03:06:37.692		0.60634			4
2024.07.02	03:06:40.984	0.60633	0.60635			6
2024.07.02	03:06:45.053	0.60634				2
2024.07.02	03:06:46.652	0.60633				2
2024.07.02	03:06:47.397	0.60634				2
2024.07.02	03:06:47.805		0.60636			4
2024.07.02	03:06:48.175	0.60633	0.60635			6
2024.07.02	03:06:48.488	0.60634				2
2024.07.02	03:06:49.288	0.60633				2
2024.07.02	03:06:50.971	0.60634	0.60636			6
2024.07.02	03:06:51.993	0.60633	0.60635			6
2024.07.02	03:06:52.349	0.60634				2
2024.07.02	03:06:53.202	0.60633				2
2024.07.02	03:06:54.270	0.60634	0.60636			6
2024.07.02	03:06:54.574	0.60635	0.60637			6
2024.07.02	03:07:00.081	0.60634				2
2024.07.02	03:07:01.613		0.60636			4
2024.07.02	03:07:03.708	0.60633	0.60635			6
2024.07.02	03:07:04.795	0.60632	0.60634			6
2024.07.02	03:07:05.441		0.60635			4
2024.07.02	03:07:07.765		0.60634			4
2024.07.02	03:07:11.293	0.60633	0.60635			6
2024.07.02	03:07:11.662		0.60636			4
2024.07.02	03:07:12.785		0.60635			4
2024.07.02	03:07:17.404		0.60636			4
2024.07.02	03:07:21.629	0.60634				2
2024.07.02	03:07:24.341		0.60637			4
2024.07.02	03:07:27.018	0.60631	0.60632			6
2024.07.02	03:07:27.322		0.60633			4
2024.07.02	03:07:28.841	0.60630	0.60632			6
2024.07.02	03:07:35.535	0.60629	0.60631			6
2024.07.02	03:07:36.706	0.60631	0.60633			6
2024.07.02	03:07:37.507	0.60630	0.60632			6
2024.07.02	03:07:41.598		0.60631			4
2024.07.02	03:07:42.209	0.60629				2
2024.07.02	03:07:52.022		0.60630			4
2024.07.02	03:07:52.349	0.60626	0.60628			6
2024.07.02	03:07:52.677		0.60629			4
2024.07.02	03:07:53.657		0.60628			4
2024.07.02	03:07:54.443		0.60629			4
2024.07.02	03:07:54.850	0.60627				2
2024.07.02	03:07:56.662		0.60630			4
2024.07.02	03:07:57.210		0.60629			4
2024.07.02	03:08:00.405	0.60628				2
2024.07.02	03:08:01.109		0.60630			4
2024.07.02	03:08:01.736		0.60629			4
2024.07.02	03:08:02.631	0.60627	0.60628			6
2024.07.02	03:08:02.940		0.60629			4
2024.07.02	03:08:03.289		0.60628			4
2024.07.02	03:08:04.899		0.60629			4
2024.07.02	03:08:05.203	0.60626	0.60628			6
2024.07.02	03:08:05.540		0.60627			4
2024.07.02	03:08:05.937		0.60628			4
2024.07.02	03:08:06.432		0.60629			4
2024.07.02	03:08:09.533	0.60628	0.60630			6
2024.07.02	03:08:12.747		0.60629			4
2024.07.02	03:08:13.409		0.60631			4
2024.07.02	03:08:14.646		0.60630			4
2024.07.02	03:08:15.977		0.60631			4
2024.07.02	03:08:16.727	0.60629				2
2024.07.02	03:08:17.046	0.60627	0.60630			6
2024.07.02	03:08:18.260	0.60628				2
2024.07.02	03:08:21.892		0.60631			4
2024.07.02	03:08:28.791	0.60629				2
2024.07.02	03:08:31.346	0.60628	0.60630			6
2024.07.02	03:08:37.853	0.60630	0.60631			6
2024.07.02	03:08:38.183	0.60628	0.60630			6
2024.07.02	03:08:39.952		0.60631			4
2024.07.02	03:08:42.752	0.60629				2
2024.07.02	03:08:52.943	0.60628	0.60630			6
2024.07.02	03:08:55.934	0.60627				2
2024.07.02	03:08:57.601	0.60628				2
2024.07.02	03:08:57.904	0.60629				2
2024.07.02	03:09:00.231	0.60629				2
2024.07.02	03:09:18.286	0.60630	0.60632			6
2024.07.02	03:09:20.123	0.60632	0.60633			6
2024.07.02	03:09:20.442		0.60635			4
2024.07.02	03:09:21.478	0.60631				2
2024.07.02	03:09:22.126		0.60634			4
2024.07.02	03:09:32.817	0.60632	0.60635			6
2024.07.02	03:09:33.124	0.60633				2
2024.07.02	03:09:33.508	0.60631	0.60634			6
2024.07.02	03:09:36.876		0.60635			4
2024.07.02	03:09:37.183		0.60634			4
2024.07.02	03:09:43.803	0.60630	0.60633			6
2024.07.02	03:09:44.148	0.60631	0.60634			6
2024.07.02	03:09:44.575	0.60632				2
2024.07.02	03:09:46.762		0.60635			4
2024.07.02	03:09:47.170	0.60633	0.60634			6
2024.07.02	03:09:48.905	0.60632	0.60636			6
2024.07.02	03:09:50.239		0.60635			4
2024.07.02	03:09:55.652	0.60633				2
2024.07.02	03:09:56.265		0.60636			4
2024.07.02	03:09:57.317	0.60634	0.60637			6
2024.07.02	03:09:58.540	0.60635				2
2024.07.02	03:10:00.377	0.60635				2
2024.07.02	03:10:03.053	0.60634				2
2024.07.02	03:10:04.966	0.60635				2
2024.07.02	03:10:06.230	0.60634				2
2024.07.02	03:10:08.318	0.60635				2
2024.07.02	03:10:13.682		0.60638			4
2024.07.02	03:10:14.403	0.60636				2
2024.07.02	03:10:15.207		0.60639			4
2024.07.02	03:10:15.523	0.60635	0.60637			6
2024.07.02	03:10:16.073	0.60634				2
2024.07.02	03:10:18.671	0.60636				2
2024.07.02	03:10:18.989	0.60634				2
2024.07.02	03:10:20.442	0.60635				2
2024.07.02	03:10:23.488	0.60634				2
2024.07.02	03:10:23.808		0.60636			4
2024.07.02	03:10:26.641	0.60635	0.60637			6
2024.07.02	03:10:29.561		0.60638			4
2024.07.02	03:10:31.978	0.60637	0.60639			6
2024.07.02	03:10:32.303	0.60636	0.60638			6
2024.07.02	03:10:33.390		0.60639			4
2024.07.02	03:10:34.181	0.60635	0.60638			6
2024.07.02	03:10:37.117	0.60637	0.60640			6
2024.07.02	03:10:38.342	0.60638				2
2024.07.02	03:10:39.010	0.60640	0.60642			6
2024.07.02	03:10:42.442	0.60641	0.60643			6
2024.07.02	03:10:42.753		0.60644			4
2024.07.02	03:10:43.065	0.60640	0.60643			6
2024.07.02	03:10:43.447	0.60641	0.60644			6
2024.07.02	03:10:43.800	0.60645	0.60648			6
2024.07.02	03:10:44.574	0.60646				2
2024.07.02	03:10:45.514	0.60647	0.60649			6
2024.07.02	03:10:48.465	0.60649	0.60651			6
2024.07.02	03:10:55.089	0.60648				2
2024.07.02	03:10:56.579	0.60647	0.60650			6
2024.07.02	03:10:56.882	0.60650	0.60652			6
2024.07.02	03:10:58.071	0.60649	0.60651			6
2024.07.02	03:11:00.008	0.60649				2
2024.07.02	03:11:03.454	0.60650				2
2024.07.02	03:11:03.770		0.60652			4
2024.07.02	03:11:04.082	0.60651	0.60653			6
2024.07.02	03:11:04.403	0.60650	0.60652			6
2024.07.02	03:11:05.639		0.60653			4
2024.07.02	03:11:06.999	0.60649	0.60652			6
2024.07.02	03:11:09.728		0.60651			4
2024.07.02	03:11:10.043	0.60648	0.60650			6
2024.07.02	03:11:10.399		0.60651			4
2024.07.02	03:11:12.079	0.60647	0.60649			6
2024.07.02	03:11:12.427	0.60648				2
2024.07.02	03:11:12.886		0.60650			4
2024.07.02	03:11:13.689	0.60649	0.60651			6
2024.07.02	03:11:14.318	0.60650				2
2024.07.02	03:11:14.663	0.60647	0.60650			6
2024.07.02	03:11:14.979	0.60648				2
2024.07.02	03:11:15.790	0.60649				2
2024.07.02	03:11:16.508	0.60648				2
2024.07.02	03:11:18.714	0.60649				2
2024.07.02	03:11:19.170	0.60648				2
2024.07.02	03:11:20.416	0.60649				2
2024.07.02	03:11:21.662	0.60650	0.60652			6
2024.07.02	03:11:24.237		0.60651			4
2024.07.02	03:11:26.782		0.60652			4
2024.07.02	03:11:27.113	0.60651				2
2024.07.02	03:11:28.382	0.60653	0.60654			6
2024.07.02	03:11:29.196	0.60651				2
2024.07.02	03:11:29.576		0.60653			4
2024.07.02	03:11:30.719		0.60652			4
2024.07.02	03:11:32.767	0.60650				2
2024.07.02	03:11:34.132	0.60651				2
2024.07.02	03:11:34.891	0.60652	0.60654			6
2024.07.02	03:11:36.767	0.60651				2
2024.07.02	03:11:40.666	0.60652	0.60653			6
2024.07.02	03:11:41.995		0.60654			4
2024.07.02	03:11:42.305	0.60651	0.60653			6
2024.07.02	03:11:43.043	0.60652	0.60654			6
2024.07.02	03:11:44.134	0.60653	0.60656			6
2024.07.02	03:11:44.460	0.60654				2
2024.07.02	03:11:44.762	0.60655	0.60657			6
2024.07.02	03:11:46.728	0.60657	0.60658			6
2024.07.02	03:11:48.396	0.60656				2
2024.07.02	03:11:49.755	0.60657				2
2024.07.02	03:11:50.278	0.60656				2
2024.07.02	03:11:54.025	0.60657				2
2024.07.02	03:11:56.938		0.60659			4
2024.07.02	03:11:57.324		0.60658			4
2024.07.02	03:11:59.884	0.60656				2
2024.07.02	03:12:00.207	0.60656	0.60657			6
2024.07.02	03:12:02.726	0.60657	0.60658			6
2024.07.02	03:12:03.298	0.60660	0.60661			6
2024.07.02	03:12:03.611	0.60662	0.60663			6
2024.07.02	03:12:07.369	0.60667	0.60668			6
2024.07.02	03:12:08.277	0.60666	0.60667			6
2024.07.02	03:12:13.767	0.60670	0.60671			6
2024.07.02	03:12:14.987		0.60672			4
2024.07.02	03:12:15.646	0.60674	0.60675			6
2024.07.02	03:12:17.386	0.60673				2
2024.07.02	03:12:18.852	0.60672	0.60673			6
2024.07.02	03:12:19.158	0.60671				2
2024.07.02	03:12:19.462	0.60673	0.60674			6
2024.07.02	03:12:20.690	0.60671	0.60673			6
2024.07.02	03:12:21.004	0.60672	0.60674			6
2024.07.02	03:12:23.989	0.60673				2
2024.07.02	03:12:27.556	0.60674	0.60676			6
2024.07.02	03:12:31.067	0.60673	0.60675			6
2024.07.02	03:12:31.696		0.60674			4
2024.07.02	03:12:32.931	0.60672				2
2024.07.02	03:12:33.597	0.60673				2
2024.07.02	03:12:38.718	0.60672	0.60673			6
2024.07.02	03:12:39.019		0.60674			4
2024.07.02	03:12:40.064	0.60673	0.60675			6
2024.07.02	03:12:40.723	0.60675	0.60677			6
2024.07.02	03:12:48.110	0.60674	0.60676			6
2024.07.02	03:12:48.497	0.60675	0.60677			6
2024.07.02	03:12:50.776	0.60674	0.60676			6
2024.07.02	03:12:51.081	0.60675	0.60677			6
2024.07.02	03:12:55.183	0.60674				2
2024.07.02	03:12:55.788		0.60676			4
2024.07.02	03:12:59.113	0.60675	0.60677			6
2024.07.02	03:13:00.202	0.60675				2
2024.07.02	03:13:04.117	0.60674	0.60676			6
2024.07.02	03:13:15.066	0.60675	0.60677			6
2024.07.02	03:13:19.358	0.60674	0.60676			6
2024.07.02	03:13:19.662	0.60671	0.60673			6
2024.07.02	03:13:24.599	0.60674	0.60676			6
2024.07.02	03:13:24.910	0.60671	0.60673			6
2024.07.02	03:13:25.523	0.60672	0.60674			6
2024.07.02	03:13:28.374	0.60670	0.60673			6
2024.07.02	03:13:28.709	0.60671	0.60674			6
2024.07.02	03:13:29.022	0.60669	0.60671			6
2024.07.02	03:13:30.658	0.60668	0.60670			6
2024.07.02	03:13:32.705	0.60669	0.60671			6
2024.07.02	03:13:33.322	0.60668	0.60670			6
2024.07.02	03:13:34.129	0.60670	0.60671			6
2024.07.02	03:13:38.336	0.60671	0.60672			6
2024.07.02	03:13:39.284	0.60673	0.60674			6
2024.07.02	03:13:40.518	0.60672	0.60673			6
2024.07.02	03:13:41.590	0.60673	0.60674			6
2024.07.02	03:13:41.902	0.60672	0.60673			6
2024.07.02	03:13:42.525	0.60671	0.60672			6
2024.07.02	03:13:44.122	0.60672	0.60673			6
2024.07.02	03:13:49.882	0.60671	0.60672			6
2024.07.02	03:13:53.317	0.60669	0.60670			6
2024.07.02	03:13:53.640	0.60670	0.60671			6
2024.07.02	03:14:00.415	0.60670				2
2024.07.02	03:14:06.232		0.60672			4
2024.07.02	03:14:09.654	0.60669	0.60671			6
2024.07.02	03:14:11.513	0.60670				2
2024.07.02	03:14:19.431		0.60672			4
2024.07.02	03:14:21.026		0.60671			4
2024.07.02	03:14:26.481		0.60672			4
2024.07.02	03:14:29.439	0.60671	0.60673			6
2024.07.02	03:14:29.742	0.60675	0.60677			6
2024.07.02	03:14:30.111	0.60673	0.60675			6
2024.07.02	03:14:30.416	0.60674	0.60676			6
2024.07.02	03:14:30.724	0.60675	0.60677			6
2024.07.02	03:14:34.087		0.60676			4
2024.07.02	03:14:40.704	0.60676	0.60677			6
2024.07.02	03:14:47.224	0.60677	0.60678			6
2024.07.02	03:14:47.531	0.60676	0.60677			6
2024.07.02	03:14:48.081	0.60679	0.60681			6
2024.07.02	03:14:48.403	0.60680	0.60682			6
2024.07.02	03:14:50.976	0.60681	0.60683			6
2024.07.02	03:14:59.379	0.60680	0.60682			6
2024.07.02	03:15:00.451	0.60676	0.60678			6
2024.07.02	03:15:02.060	0.60677				2
2024.07.02	03:15:02.418	0.60675	0.60677			6
2024.07.02	03:15:04.151		0.60676			4
2024.07.02	03:15:04.454	0.60672	0.60674			6
2024.07.02	03:15:05.125		0.60673			4
2024.07.02	03:15:06.837	0.60671				2
2024.07.02	03:15:07.438	0.60672				2
2024.07.02	03:15:07.841	0.60671	0.60672			6
2024.07.02	03:15:08.148	0.60670	0.60671			6
2024.07.02	03:15:10.735		0.60672			4
2024.07.02	03:15:29.638	0.60671	0.60673			6
2024.07.02	03:15:31.221	0.60672	0.60674			6
2024.07.02	03:15:31.524	0.60674	0.60676			6
