<DATE>	<TIME>	<BID>	<ASK>	<LAST>	<VOLUME>	<FLAGS>
2024.08.29	00:00:00.441	0.62403	0.62483			6
2024.08.29	00:00:00.759	0.62352	0.62488			6
2024.08.29	00:00:31.058	0.62354	0.62486			6
2024.08.29	00:00:32.332	0.62394	0.62472			6
2024.08.29	00:00:34.409	0.62397				2
2024.08.29	00:01:10.856	0.62394	0.62487			6
2024.08.29	00:02:00.323	0.62394				2
2024.08.29	00:02:11.156		0.62487			4
2024.08.29	00:03:00.749	0.62394				2
2024.08.29	00:03:21.011		0.62487			4
2024.08.29	00:03:58.267	0.62405				2
2024.08.29	00:03:59.509	0.62394				2
2024.08.29	00:04:01.134	0.62394				2
2024.08.29	00:04:31.047		0.62487			4
2024.08.29	00:04:33.806		0.62485			4
2024.08.29	00:04:55.184		0.62481			4
2024.08.29	00:04:56.373		0.62485			4
2024.08.29	00:05:01.011	0.62394				2
2024.08.29	00:05:10.800	0.62401				2
2024.08.29	00:05:26.601	0.62424				2
2024.08.29	00:05:41.222	0.62405				2
2024.08.29	00:05:42.554	0.62424				2
2024.08.29	00:05:43.232	0.62405				2
2024.08.29	00:05:46.353	0.62424				2
2024.08.29	00:05:56.901		0.62485			4
2024.08.29	00:06:01.602	0.62424				2
2024.08.29	00:06:47.315	0.62405				2
2024.08.29	00:06:48.358	0.62414	0.62483			6
2024.08.29	00:06:52.277	0.62422				2
2024.08.29	00:07:01.136	0.62422				2
2024.08.29	00:07:06.587	0.62421				2
2024.08.29	00:07:48.412		0.62483			4
2024.08.29	00:07:51.319	0.62403				2
2024.08.29	00:07:54.417	0.62421				2
2024.08.29	00:07:55.321	0.62403				2
2024.08.29	00:07:56.291	0.62421				2
2024.08.29	00:08:00.180	0.62403				2
2024.08.29	00:08:48.414		0.62483			4
2024.08.29	00:09:03.151	0.62403				2
2024.08.29	00:09:04.772	0.62415				2
2024.08.29	00:09:05.723	0.62403				2
2024.08.29	00:09:07.597		0.62481			4
2024.08.29	00:09:07.931		0.62483			4
2024.08.29	00:09:08.238		0.62481			4
2024.08.29	00:09:08.566		0.62483			4
2024.08.29	00:10:00.311	0.62403				2
2024.08.29	00:10:09.464		0.62483			4
2024.08.29	00:11:16.661	0.62400	0.62470			6
2024.08.29	00:11:17.390		0.62465			4
2024.08.29	00:11:30.962	0.62402	0.62464			6
2024.08.29	00:11:31.284	0.62394				2
2024.08.29	00:11:47.722		0.62463			4
2024.08.29	00:11:57.716		0.62464			4
2024.08.29	00:12:00.388	0.62395				2
2024.08.29	00:12:04.653	0.62394	0.62462			6
2024.08.29	00:12:25.478	0.62396	0.62464			6
2024.08.29	00:12:26.811	0.62395	0.62462			6
2024.08.29	00:12:27.118	0.62394				2
2024.08.29	00:12:45.019	0.62395				2
2024.08.29	00:12:49.442		0.62464			4
2024.08.29	00:12:50.545		0.62463			4
2024.08.29	00:13:00.138	0.62396				2
2024.08.29	00:13:06.602	0.62395	0.62462			6
2024.08.29	00:13:10.186		0.62461			4
2024.08.29	00:13:21.631	0.62412				2
2024.08.29	00:13:21.938	0.62395				2
2024.08.29	00:13:38.413	0.62396				2
2024.08.29	00:13:59.208		0.62464			4
2024.08.29	00:14:00.314	0.62398				2
2024.08.29	00:14:08.442		0.62463			4
2024.08.29	00:14:09.521		0.62464			4
2024.08.29	00:14:16.214	0.62399				2
2024.08.29	00:14:17.447		0.62461			4
2024.08.29	00:14:48.017	0.62400				2
2024.08.29	00:15:03.020	0.62400				2
2024.08.29	00:15:09.196		0.62460			4
2024.08.29	00:15:33.915	0.62401				2
2024.08.29	00:16:02.618	0.62401				2
2024.08.29	00:16:07.999	0.62400	0.62458			6
2024.08.29	00:16:21.017	0.62401				2
2024.08.29	00:17:04.028	0.62401				2
2024.08.29	00:17:17.025	0.62402	0.62462			6
2024.08.29	00:17:17.340	0.62401				2
2024.08.29	00:17:17.982	0.62402				2
2024.08.29	00:18:15.314	0.62402				2
2024.08.29	00:18:17.822	0.62403	0.62462			6
2024.08.29	00:18:20.882	0.62402				2
2024.08.29	00:18:29.624		0.62463			4
2024.08.29	00:18:30.014	0.62403				2
2024.08.29	00:18:30.593		0.62464			4
2024.08.29	00:18:31.443		0.62463			4
2024.08.29	00:18:42.614	0.62404				2
2024.08.29	00:18:47.871	0.62402				2
2024.08.29	00:19:07.180	0.62402				2
2024.08.29	00:19:30.015	0.62403				2
2024.08.29	00:19:31.261		0.62462			4
2024.08.29	00:20:01.563	0.62403				2
2024.08.29	00:20:41.961	0.62401	0.62462			6
2024.08.29	00:20:58.408	0.62400	0.62461			6
2024.08.29	00:21:02.421	0.62400	0.62462			6
2024.08.29	00:21:08.424	0.62401	0.62463			6
2024.08.29	00:22:01.014	0.62401				2
2024.08.29	00:22:09.250		0.62463			4
2024.08.29	00:22:10.455	0.62400				2
2024.08.29	00:22:15.866		0.62462			4
2024.08.29	00:22:32.723	0.62399				2
2024.08.29	00:22:48.914		0.62463			4
2024.08.29	00:23:02.336	0.62400				2
2024.08.29	00:24:58.508	0.62400	0.62463			6
2024.08.29	00:25:18.203	0.62399	0.62460			6
2024.08.29	00:26:01.357	0.62399				2
2024.08.29	00:26:31.011		0.62460			4
2024.08.29	00:26:31.414		0.62462			4
2024.08.29	00:26:59.047	0.62400				2
2024.08.29	00:27:17.255	0.62399				2
2024.08.29	00:28:24.015	0.62398	0.62462			6
2024.08.29	00:28:29.778	0.62399	0.62458			6
2024.08.29	00:29:06.314	0.62399				2
2024.08.29	00:29:28.098	0.62398				2
2024.08.29	00:29:45.026		0.62458			4
2024.08.29	00:30:00.451	0.62396				2
2024.08.29	00:30:27.988	0.62402	0.62452			6
2024.08.29	00:30:28.573	0.62401				2
2024.08.29	00:30:29.164		0.62453			4
2024.08.29	00:30:34.587	0.62400				2
2024.08.29	00:30:38.222		0.62451			4
2024.08.29	00:31:02.092	0.62400				2
2024.08.29	00:31:04.289	0.62401				2
2024.08.29	00:31:17.443	0.62400				2
2024.08.29	00:31:33.759	0.62399				2
2024.08.29	00:31:41.916		0.62451			4
2024.08.29	00:32:08.131	0.62399	0.62452			6
2024.08.29	00:32:10.466		0.62450			4
2024.08.29	00:32:28.332	0.62400	0.62452			6
2024.08.29	00:32:28.816		0.62450			4
2024.08.29	00:32:44.458	0.62399				2
2024.08.29	00:33:07.774	0.62399	0.62451			6
2024.08.29	00:33:17.033		0.62449			4
2024.08.29	00:33:19.338		0.62452			4
2024.08.29	00:33:23.331		0.62450			4
2024.08.29	00:33:23.826	0.62400				2
2024.08.29	00:33:24.872	0.62399				2
2024.08.29	00:33:48.303		0.62451			4
2024.08.29	00:34:01.115	0.62400	0.62452			6
2024.08.29	00:34:11.026		0.62450			4
2024.08.29	00:34:13.850	0.62399				2
2024.08.29	00:34:43.824		0.62451			4
2024.08.29	00:34:46.465		0.62450			4
2024.08.29	00:35:06.016	0.62399				2
2024.08.29	00:35:28.598	0.62397	0.62448			6
2024.08.29	00:35:31.853		0.62449			4
2024.08.29	00:35:41.207		0.62448			4
2024.08.29	00:35:51.551		0.62449			4
2024.08.29	00:36:02.317	0.62397				2
2024.08.29	00:36:08.540	0.62398				2
2024.08.29	00:36:14.442	0.62397				2
2024.08.29	00:36:21.958	0.62396	0.62452			6
2024.08.29	00:36:23.412	0.62395				2
2024.08.29	00:36:26.992	0.62394	0.62451			6
2024.08.29	00:36:53.749		0.62452			4
2024.08.29	00:36:54.236		0.62451			4
2024.08.29	00:37:11.023	0.62394				2
2024.08.29	00:37:52.813		0.62453			4
2024.08.29	00:37:56.823		0.62452			4
2024.08.29	00:38:06.850	0.62394				2
2024.08.29	00:38:10.134	0.62393				2
2024.08.29	00:38:22.444	0.62394				2
2024.08.29	00:38:22.959		0.62453			4
2024.08.29	00:38:25.887	0.62393				2
2024.08.29	00:38:30.018		0.62452			4
2024.08.29	00:38:40.738		0.62453			4
2024.08.29	00:38:43.147	0.62394				2
2024.08.29	00:38:43.807		0.62451			4
2024.08.29	00:38:44.541		0.62453			4
2024.08.29	00:38:54.604		0.62454			4
2024.08.29	00:39:01.949	0.62394				2
2024.08.29	00:39:21.318		0.62453			4
2024.08.29	00:39:44.116		0.62454			4
2024.08.29	00:39:55.130		0.62453			4
2024.08.29	00:39:55.446		0.62454			4
2024.08.29	00:40:01.951	0.62394				2
2024.08.29	00:40:47.717		0.62453			4
2024.08.29	00:40:51.157	0.62395	0.62455			6
2024.08.29	00:41:03.022	0.62395				2
2024.08.29	00:41:05.972	0.62394				2
2024.08.29	00:41:21.152	0.62393	0.62454			6
2024.08.29	00:42:00.785	0.62393				2
2024.08.29	00:42:15.737	0.62394				2
2024.08.29	00:42:21.949		0.62454			4
2024.08.29	00:42:40.353	0.62395	0.62455			6
2024.08.29	00:42:49.544	0.62396	0.62456			6
2024.08.29	00:42:52.444	0.62397				2
2024.08.29	00:42:54.024		0.62457			4
2024.08.29	00:43:01.148	0.62396				2
2024.08.29	00:43:38.527	0.62397				2
2024.08.29	00:44:02.797	0.62397	0.62459			6
2024.08.29	00:44:12.015	0.62396				2
2024.08.29	00:44:32.868	0.62397				2
2024.08.29	00:45:01.746	0.62396	0.62458			6
2024.08.29	00:45:06.408	0.62411	0.62446			6
2024.08.29	00:46:11.013	0.62411	0.62446			6
2024.08.29	00:47:01.765	0.62411				2
2024.08.29	00:47:12.848		0.62446			4
2024.08.29	00:47:37.067		0.62445			4
2024.08.29	00:47:37.517		0.62446			4
2024.08.29	00:47:54.179	0.62409	0.62445			6
2024.08.29	00:47:54.981	0.62410				2
2024.08.29	00:48:02.602	0.62409				2
2024.08.29	00:48:03.140	0.62410	0.62444			6
2024.08.29	00:48:03.698	0.62411				2
2024.08.29	00:48:22.452	0.62414	0.62440			6
2024.08.29	00:48:54.663		0.62439			4
2024.08.29	00:48:57.213		0.62440			4
2024.08.29	00:49:02.892	0.62414				2
2024.08.29	00:50:01.150	0.62414	0.62440			6
2024.08.29	00:50:22.801	0.62413	0.62442			6
2024.08.29	00:51:02.658	0.62413				2
2024.08.29	00:51:08.011		0.62443			4
2024.08.29	00:51:08.497	0.62409	0.62441			6
2024.08.29	00:51:10.306		0.62440			4
2024.08.29	00:51:25.724	0.62410				2
2024.08.29	00:52:01.361	0.62410				2
2024.08.29	00:52:18.496		0.62440			4
2024.08.29	00:52:28.236	0.62411				2
2024.08.29	00:52:31.403	0.62407	0.62435			6
2024.08.29	00:52:41.461	0.62408				2
2024.08.29	00:52:52.191	0.62401	0.62425			6
2024.08.29	00:52:52.564	0.62402				2
2024.08.29	00:52:53.670	0.62401				2
2024.08.29	00:52:56.346	0.62400	0.62420			6
2024.08.29	00:52:57.420	0.62406	0.62430			6
2024.08.29	00:53:00.912	0.62406				2
2024.08.29	00:53:02.354	0.62407				2
2024.08.29	00:53:03.657	0.62406				2
2024.08.29	00:53:16.112	0.62407				2
2024.08.29	00:53:54.707	0.62406				2
2024.08.29	00:53:57.502		0.62430			4
2024.08.29	00:54:02.708	0.62406				2
2024.08.29	00:54:15.068	0.62407				2
2024.08.29	00:54:22.449	0.62408				2
2024.08.29	00:54:25.182	0.62407				2
2024.08.29	00:54:27.337	0.62405	0.62425			6
2024.08.29	00:54:30.236	0.62404				2
2024.08.29	00:54:31.415	0.62407	0.62430			6
2024.08.29	00:54:33.526	0.62408				2
2024.08.29	00:54:39.655	0.62407				2
2024.08.29	00:54:41.785	0.62408				2
2024.08.29	00:55:02.346	0.62408				2
2024.08.29	00:55:04.070	0.62407				2
2024.08.29	00:55:05.836	0.62408				2
2024.08.29	00:55:14.698	0.62407				2
2024.08.29	00:55:17.120	0.62409				2
2024.08.29	00:55:20.925	0.62408				2
2024.08.29	00:55:22.171	0.62409				2
2024.08.29	00:55:23.100	0.62418	0.62433			6
2024.08.29	00:56:01.448	0.62418				2
2024.08.29	00:56:25.446		0.62433			4
2024.08.29	00:56:41.072	0.62422	0.62438			6
2024.08.29	00:56:41.610		0.62439			4
2024.08.29	00:56:43.733		0.62440			4
2024.08.29	00:56:52.433		0.62439			4
2024.08.29	00:56:56.436		0.62440			4
2024.08.29	00:56:56.741		0.62439			4
2024.08.29	00:57:02.774	0.62422	0.62440			6
2024.08.29	00:57:11.733		0.62439			4
2024.08.29	00:57:20.949		0.62441			4
2024.08.29	00:57:31.338		0.62443			4
2024.08.29	00:58:01.020	0.62422	0.62442			6
2024.08.29	00:58:01.371		0.62443			4
2024.08.29	00:58:41.492		0.62444			4
2024.08.29	00:59:00.545	0.62422				2
2024.08.29	00:59:10.068		0.62443			4
2024.08.29	00:59:11.479		0.62442			4
2024.08.29	00:59:11.785		0.62443			4
2024.08.29	00:59:16.954		0.62444			4
2024.08.29	00:59:40.050		0.62445			4
2024.08.29	00:59:55.342		0.62438			4
2024.08.29	00:59:55.910		0.62439			4
2024.08.29	01:00:00.281	0.62394	0.62455			6
2024.08.29	01:00:00.902	0.62402	0.62445			6
2024.08.29	01:00:01.217	0.62411				2
2024.08.29	01:00:01.524	0.62408	0.62441			6
2024.08.29	01:00:02.216	0.62406	0.62443			6
2024.08.29	01:00:02.562	0.62407	0.62444			6
2024.08.29	01:00:02.913	0.62408	0.62445			6
2024.08.29	01:00:03.218	0.62406	0.62443			6
2024.08.29	01:00:03.621		0.62436			4
2024.08.29	01:00:04.259	0.62405				2
2024.08.29	01:00:05.286	0.62408	0.62442			6
2024.08.29	01:00:05.596	0.62414	0.62446			6
2024.08.29	01:00:05.902	0.62415				2
2024.08.29	01:00:06.295	0.62413	0.62445			6
2024.08.29	01:00:06.625	0.62415	0.62446			6
2024.08.29	01:00:07.038	0.62417				2
2024.08.29	01:00:07.635	0.62416				2
2024.08.29	01:00:08.361	0.62418				2
2024.08.29	01:00:08.681	0.62416	0.62445			6
2024.08.29	01:00:10.127	0.62420				2
2024.08.29	01:00:10.437	0.62423	0.62450			6
2024.08.29	01:00:10.742	0.62424				2
2024.08.29	01:00:11.083	0.62427				2
2024.08.29	01:00:11.466	0.62425	0.62452			6
2024.08.29	01:00:18.556	0.62437	0.62459			6
2024.08.29	01:00:18.975		0.62460			4
2024.08.29	01:00:20.845		0.62461			4
2024.08.29	01:00:30.029		0.62443			4
2024.08.29	01:00:30.338		0.62459			4
2024.08.29	01:00:31.064		0.62461			4
2024.08.29	01:00:35.443		0.62459			4
2024.08.29	01:00:39.944		0.62456			4
2024.08.29	01:00:40.269	0.62439				2
2024.08.29	01:00:48.649		0.62454			4
2024.08.29	01:00:49.077		0.62453			4
2024.08.29	01:00:50.844		0.62460			4
2024.08.29	01:00:51.522		0.62458			4
2024.08.29	01:00:52.561		0.62459			4
2024.08.29	01:00:54.418		0.62458			4
2024.08.29	01:00:57.446	0.62436	0.62452			6
2024.08.29	01:01:00.059	0.62436				2
2024.08.29	01:01:01.343		0.62453			4
2024.08.29	01:01:03.386	0.62439	0.62455			6
2024.08.29	01:01:04.446		0.62459			4
2024.08.29	01:01:04.822	0.62443	0.62461			6
2024.08.29	01:01:05.444		0.62462			4
2024.08.29	01:01:08.564		0.62461			4
2024.08.29	01:01:10.122	0.62458	0.62470			6
2024.08.29	01:01:10.464	0.62453	0.62460			6
2024.08.29	01:01:11.798	0.62448				2
2024.08.29	01:01:13.391	0.62445				2
2024.08.29	01:01:13.691	0.62446				2
2024.08.29	01:01:23.943	0.62445				2
2024.08.29	01:01:30.290	0.62446				2
2024.08.29	01:01:49.218	0.62445				2
2024.08.29	01:01:50.417	0.62446	0.62463			6
2024.08.29	01:02:00.307	0.62446				2
2024.08.29	01:02:01.481		0.62462			4
2024.08.29	01:02:08.011		0.62459			4
2024.08.29	01:02:17.558	0.62444	0.62448			6
2024.08.29	01:02:18.182		0.62454			4
2024.08.29	01:02:18.483		0.62452			4
2024.08.29	01:02:21.032		0.62454			4
2024.08.29	01:02:25.315		0.62449			4
2024.08.29	01:02:27.093		0.62452			4
2024.08.29	01:02:45.365		0.62450			4
2024.08.29	01:03:00.980	0.62444				2
2024.08.29	01:03:47.428		0.62450			4
2024.08.29	01:03:58.174	0.62449				2
2024.08.29	01:03:59.446	0.62444				2
2024.08.29	01:04:00.392	0.62444				2
2024.08.29	01:04:18.065	0.62443				2
2024.08.29	01:04:28.941	0.62444				2
2024.08.29	01:04:31.070	0.62443				2
2024.08.29	01:04:39.157	0.62444				2
2024.08.29	01:04:50.344		0.62450			4
2024.08.29	01:04:56.065		0.62448			4
2024.08.29	01:04:56.365		0.62450			4
2024.08.29	01:04:58.038	0.62443				2
2024.08.29	01:05:00.403	0.62443				2
2024.08.29	01:05:06.651	0.62444				2
2024.08.29	01:05:22.525		0.62456			4
2024.08.29	01:05:26.484	0.62445				2
2024.08.29	01:05:40.711		0.62455			4
2024.08.29	01:05:47.278	0.62442	0.62451			6
2024.08.29	01:05:48.229	0.62441	0.62452			6
2024.08.29	01:05:50.951		0.62451			4
2024.08.29	01:06:01.008	0.62441				2
2024.08.29	01:06:23.624		0.62452			4
2024.08.29	01:06:26.053		0.62451			4
2024.08.29	01:06:26.416		0.62452			4
2024.08.29	01:06:33.936		0.62451			4
2024.08.29	01:06:51.845		0.62452			4
2024.08.29	01:06:55.142		0.62451			4
2024.08.29	01:06:59.402		0.62450			4
2024.08.29	01:07:00.542	0.62441				2
2024.08.29	01:07:01.067	0.62442	0.62452			6
2024.08.29	01:07:02.497	0.62443				2
2024.08.29	01:07:05.917	0.62447	0.62456			6
2024.08.29	01:07:06.353		0.62457			4
2024.08.29	01:07:06.918		0.62456			4
2024.08.29	01:07:08.949	0.62446				2
2024.08.29	01:07:11.044		0.62455			4
2024.08.29	01:07:13.426		0.62456			4
2024.08.29	01:07:15.549		0.62455			4
2024.08.29	01:07:33.219		0.62456			4
2024.08.29	01:07:37.109		0.62455			4
2024.08.29	01:07:38.167	0.62445	0.62453			6
2024.08.29	01:07:38.481	0.62444				2
2024.08.29	01:07:42.419		0.62454			4
2024.08.29	01:07:47.434		0.62453			4
2024.08.29	01:08:00.544	0.62444				2
2024.08.29	01:08:01.355		0.62454			4
2024.08.29	01:08:05.982	0.62441	0.62451			6
2024.08.29	01:08:06.326	0.62440				2
2024.08.29	01:08:21.244	0.62441				2
2024.08.29	01:08:27.413		0.62450			4
2024.08.29	01:08:31.346	0.62442	0.62451			6
2024.08.29	01:08:32.384		0.62452			4
2024.08.29	01:08:33.137		0.62451			4
2024.08.29	01:08:34.562	0.62441	0.62450			6
2024.08.29	01:08:55.717	0.62440	0.62447			6
2024.08.29	01:08:59.550	0.62439				2
2024.08.29	01:09:00.433	0.62439				2
2024.08.29	01:09:00.845	0.62440				2
2024.08.29	01:09:03.312	0.62442	0.62450			6
2024.08.29	01:09:04.788	0.62444				2
2024.08.29	01:09:05.441	0.62438	0.62446			6
2024.08.29	01:09:05.746	0.62435	0.62440			6
2024.08.29	01:09:14.365	0.62434	0.62435			6
2024.08.29	01:09:14.714	0.62431	0.62433			6
2024.08.29	01:09:15.901	0.62433	0.62435			6
2024.08.29	01:09:16.253	0.62431	0.62434			6
2024.08.29	01:09:17.945	0.62434	0.62435			6
2024.08.29	01:09:25.253	0.62433	0.62434			6
2024.08.29	01:09:32.362		0.62435			4
2024.08.29	01:09:45.897	0.62434				2
2024.08.29	01:09:50.213	0.62433				2
2024.08.29	01:09:52.791	0.62434				2
2024.08.29	01:09:57.374	0.62435	0.62436			6
2024.08.29	01:10:00.589	0.62435	0.62444			6
2024.08.29	01:10:00.920		0.62436			4
2024.08.29	01:10:15.932	0.62434	0.62435			6
2024.08.29	01:10:17.586	0.62435	0.62436			6
2024.08.29	01:10:19.824	0.62434	0.62435			6
2024.08.29	01:10:23.195	0.62431	0.62440			6
2024.08.29	01:10:33.752	0.62434	0.62441			6
2024.08.29	01:10:39.360	0.62432	0.62440			6
2024.08.29	01:10:44.296	0.62431				2
2024.08.29	01:10:48.606	0.62433				2
2024.08.29	01:10:48.935	0.62431				2
2024.08.29	01:10:53.513		0.62439			4
2024.08.29	01:11:00.348	0.62429	0.62435			6
2024.08.29	01:11:09.545	0.62428				2
2024.08.29	01:11:17.748	0.62430	0.62436			6
2024.08.29	01:11:18.307	0.62429				2
2024.08.29	01:11:19.301	0.62428				2
2024.08.29	01:11:21.126	0.62429				2
2024.08.29	01:11:26.110	0.62428				2
2024.08.29	01:11:27.822	0.62429				2
2024.08.29	01:11:36.862		0.62437			4
2024.08.29	01:11:39.518	0.62428	0.62435			6
2024.08.29	01:11:46.308		0.62434			4
2024.08.29	01:12:02.803	0.62429				2
2024.08.29	01:12:38.008		0.62435			4
2024.08.29	01:13:01.009	0.62429				2
2024.08.29	01:13:30.961		0.62436			4
2024.08.29	01:13:48.350	0.62430				2
2024.08.29	01:13:52.162	0.62429				2
2024.08.29	01:14:00.135	0.62433	0.62439			6
2024.08.29	01:14:02.652	0.62434				2
2024.08.29	01:14:05.637		0.62440			4
2024.08.29	01:14:08.265		0.62435			4
2024.08.29	01:14:09.299		0.62440			4
2024.08.29	01:14:11.314	0.62435				2
2024.08.29	01:14:13.382	0.62434				2
2024.08.29	01:14:14.724	0.62438	0.62444			6
2024.08.29	01:14:15.029	0.62435	0.62443			6
2024.08.29	01:14:15.363	0.62436				2
2024.08.29	01:14:17.941	0.62435				2
2024.08.29	01:14:20.663		0.62442			4
2024.08.29	01:14:21.095		0.62443			4
2024.08.29	01:14:27.269		0.62442			4
2024.08.29	01:14:27.611		0.62443			4
2024.08.29	01:14:33.059		0.62442			4
2024.08.29	01:14:38.721		0.62443			4
2024.08.29	01:14:42.907	0.62437	0.62444			6
2024.08.29	01:14:44.501	0.62439	0.62445			6
2024.08.29	01:14:44.803	0.62438				2
2024.08.29	01:14:45.485	0.62439				2
2024.08.29	01:14:50.603	0.62438				2
2024.08.29	01:14:52.347	0.62439				2
2024.08.29	01:14:53.022	0.62438				2
2024.08.29	01:14:57.946	0.62437				2
2024.08.29	01:14:58.574		0.62444			4
2024.08.29	01:14:59.827	0.62436				2
2024.08.29	01:15:00.190	0.62437				2
2024.08.29	01:15:01.570	0.62438	0.62445			6
2024.08.29	01:15:03.315	0.62435	0.62443			6
2024.08.29	01:15:04.132	0.62436				2
2024.08.29	01:15:10.114	0.62437				2
2024.08.29	01:15:11.282	0.62438				2
2024.08.29	01:15:12.363	0.62437				2
2024.08.29	01:15:14.621	0.62438				2
2024.08.29	01:15:16.872	0.62437				2
2024.08.29	01:15:17.996	0.62438				2
2024.08.29	01:15:21.102	0.62437				2
2024.08.29	01:15:22.499	0.62438				2
2024.08.29	01:15:23.631	0.62437				2
2024.08.29	01:15:24.395		0.62444			4
2024.08.29	01:15:32.562	0.62436	0.62440			6
2024.08.29	01:15:33.922	0.62435				2
2024.08.29	01:15:34.351	0.62436				2
2024.08.29	01:15:35.018	0.62437	0.62444			6
2024.08.29	01:15:39.577	0.62438				2
2024.08.29	01:15:40.372		0.62445			4
2024.08.29	01:15:43.401	0.62440				2
2024.08.29	01:15:46.601	0.62439				2
2024.08.29	01:15:50.096	0.62440				2
2024.08.29	01:15:50.696	0.62439				2
2024.08.29	01:15:51.631	0.62440				2
2024.08.29	01:16:00.406	0.62440				2
2024.08.29	01:16:01.353	0.62439				2
2024.08.29	01:16:21.219	0.62440	0.62443			6
2024.08.29	01:16:21.524	0.62435	0.62442			6
2024.08.29	01:16:28.249		0.62441			4
2024.08.29	01:16:30.452		0.62440			4
2024.08.29	01:16:30.931		0.62441			4
2024.08.29	01:16:48.921		0.62439			4
2024.08.29	01:16:49.225		0.62441			4
2024.08.29	01:16:55.584		0.62440			4
2024.08.29	01:17:00.245	0.62435				2
2024.08.29	01:17:01.099		0.62441			4
2024.08.29	01:17:15.305		0.62440			4
2024.08.29	01:17:15.621	0.62434				2
2024.08.29	01:17:16.260		0.62439			4
2024.08.29	01:17:19.712		0.62440			4
2024.08.29	01:17:20.421	0.62435				2
2024.08.29	01:17:20.729	0.62437	0.62441			6
2024.08.29	01:17:30.377	0.62438	0.62443			6
2024.08.29	01:17:31.176	0.62440	0.62445			6
2024.08.29	01:17:31.485	0.62441				2
2024.08.29	01:17:32.257	0.62440				2
2024.08.29	01:17:38.691		0.62446			4
2024.08.29	01:17:39.173		0.62445			4
2024.08.29	01:17:49.388	0.62441				2
2024.08.29	01:17:54.052	0.62440				2
2024.08.29	01:18:02.372	0.62440				2
2024.08.29	01:18:09.254	0.62441				2
2024.08.29	01:18:11.689	0.62440				2
2024.08.29	01:18:13.438	0.62441				2
2024.08.29	01:18:13.771	0.62440				2
2024.08.29	01:18:14.701	0.62441				2
2024.08.29	01:18:15.020	0.62440				2
2024.08.29	01:18:16.381	0.62441				2
2024.08.29	01:18:22.756	0.62440				2
2024.08.29	01:18:23.519	0.62441				2
2024.08.29	01:18:24.237		0.62444			4
2024.08.29	01:18:25.078		0.62446			4
2024.08.29	01:18:26.151		0.62445			4
2024.08.29	01:18:30.358	0.62442				2
2024.08.29	01:18:36.381	0.62440				2
2024.08.29	01:18:56.319	0.62441				2
2024.08.29	01:18:56.728		0.62444			4
2024.08.29	01:18:57.298		0.62445			4
2024.08.29	01:19:00.350	0.62441				2
2024.08.29	01:19:05.441		0.62444			4
2024.08.29	01:19:07.242		0.62445			4
2024.08.29	01:19:41.667	0.62442	0.62447			6
2024.08.29	01:19:42.544	0.62443				2
2024.08.29	01:19:47.061		0.62446			4
2024.08.29	01:19:49.428	0.62441	0.62445			6
2024.08.29	01:19:52.541		0.62446			4
2024.08.29	01:19:52.865		0.62445			4
2024.08.29	01:19:53.670		0.62446			4
2024.08.29	01:19:54.061	0.62442	0.62445			6
2024.08.29	01:19:54.565		0.62446			4
2024.08.29	01:19:54.953	0.62441	0.62444			6
2024.08.29	01:19:57.664		0.62443			4
2024.08.29	01:19:58.060		0.62444			4
2024.08.29	01:19:59.459		0.62445			4
2024.08.29	01:20:00.364	0.62441	0.62444			6
2024.08.29	01:20:06.515	0.62442				2
2024.08.29	01:20:06.819	0.62441				2
2024.08.29	01:20:13.364		0.62445			4
2024.08.29	01:20:14.480	0.62440	0.62444			6
2024.08.29	01:20:16.115	0.62441	0.62445			6
2024.08.29	01:20:17.507	0.62448	0.62451			6
2024.08.29	01:20:17.817		0.62452			4
2024.08.29	01:20:19.878		0.62451			4
2024.08.29	01:20:30.557		0.62452			4
2024.08.29	01:20:30.863	0.62445	0.62449			6
2024.08.29	01:20:39.584	0.62446				2
2024.08.29	01:20:42.271		0.62450			4
2024.08.29	01:20:42.581		0.62449			4
2024.08.29	01:20:47.561		0.62448			4
2024.08.29	01:20:48.054		0.62449			4
2024.08.29	01:20:53.012	0.62445				2
2024.08.29	01:20:57.709		0.62448			4
2024.08.29	01:21:00.425	0.62445				2
2024.08.29	01:21:02.498	0.62447				2
2024.08.29	01:21:02.801	0.62445	0.62449			6
2024.08.29	01:21:10.445		0.62448			4
2024.08.29	01:21:24.851		0.62449			4
2024.08.29	01:21:32.788	0.62448	0.62451			6
2024.08.29	01:21:49.572	0.62449				2
2024.08.29	01:21:54.654		0.62452			4
2024.08.29	01:21:55.255		0.62451			4
2024.08.29	01:21:56.471	0.62448				2
2024.08.29	01:21:57.404	0.62449	0.62452			6
2024.08.29	01:21:57.705	0.62448	0.62451			6
2024.08.29	01:21:58.450		0.62452			4
2024.08.29	01:21:58.785		0.62451			4
2024.08.29	01:22:00.772	0.62448				2
2024.08.29	01:22:09.921		0.62450			4
2024.08.29	01:22:24.129	0.62449				2
2024.08.29	01:22:24.432	0.62448				2
2024.08.29	01:22:29.283		0.62451			4
2024.08.29	01:22:34.415	0.62447	0.62450			6
2024.08.29	01:22:44.743	0.62446	0.62452			6
2024.08.29	01:22:45.670	0.62447	0.62453			6
2024.08.29	01:22:50.096	0.62448				2
2024.08.29	01:22:53.161		0.62452			4
2024.08.29	01:22:55.561	0.62447				2
2024.08.29	01:23:00.180	0.62447				2
2024.08.29	01:23:03.361		0.62451			4
2024.08.29	01:23:14.791	0.62450				2
2024.08.29	01:23:15.900	0.62447				2
2024.08.29	01:23:19.393		0.62452			4
2024.08.29	01:23:24.301		0.62451			4
2024.08.29	01:23:28.897	0.62450				2
2024.08.29	01:23:29.210	0.62447	0.62453			6
2024.08.29	01:23:36.955	0.62444	0.62449			6
2024.08.29	01:23:45.915		0.62448			4
2024.08.29	01:23:46.228		0.62449			4
2024.08.29	01:23:46.535	0.62439	0.62444			6
2024.08.29	01:23:47.689		0.62443			4
2024.08.29	01:23:48.821		0.62444			4
2024.08.29	01:23:50.946	0.62441	0.62445			6
2024.08.29	01:23:54.173	0.62440	0.62444			6
2024.08.29	01:24:00.424	0.62440				2
2024.08.29	01:24:03.561	0.62442	0.62446			6
2024.08.29	01:24:03.907	0.62441				2
2024.08.29	01:24:05.823	0.62442				2
2024.08.29	01:24:06.162	0.62441				2
2024.08.29	01:24:07.080	0.62442				2
2024.08.29	01:24:43.727	0.62443	0.62447			6
2024.08.29	01:24:44.042	0.62442	0.62446			6
2024.08.29	01:24:46.681	0.62443	0.62447			6
2024.08.29	01:24:50.902		0.62446			4
2024.08.29	01:24:51.741		0.62447			4
2024.08.29	01:24:52.050		0.62446			4
2024.08.29	01:24:52.552		0.62447			4
2024.08.29	01:24:53.681		0.62446			4
2024.08.29	01:24:54.170		0.62447			4
2024.08.29	01:25:00.431	0.62442	0.62446			6
2024.08.29	01:25:02.357	0.62443	0.62447			6
2024.08.29	01:25:04.893	0.62445				2
2024.08.29	01:25:05.198	0.62443				2
2024.08.29	01:25:18.446	0.62442	0.62446			6
2024.08.29	01:25:20.066		0.62445			4
2024.08.29	01:25:21.443	0.62440	0.62444			6
2024.08.29	01:25:22.135	0.62442				2
2024.08.29	01:25:24.764		0.62446			4
2024.08.29	01:25:36.793	0.62443				2
2024.08.29	01:25:43.367	0.62442	0.62444			6
2024.08.29	01:25:47.556	0.62441	0.62443			6
2024.08.29	01:25:48.051	0.62440				2
2024.08.29	01:25:57.781		0.62442			4
2024.08.29	01:26:00.437	0.62440				2
2024.08.29	01:26:08.321		0.62443			4
2024.08.29	01:26:09.894	0.62443	0.62446			6
2024.08.29	01:26:15.956	0.62442	0.62445			6
2024.08.29	01:26:16.262	0.62438	0.62441			6
2024.08.29	01:26:26.487	0.62440				2
2024.08.29	01:26:26.791	0.62438				2
2024.08.29	01:26:36.733	0.62437	0.62439			6
2024.08.29	01:26:42.169		0.62438			4
2024.08.29	01:26:50.307		0.62439			4
2024.08.29	01:26:51.367	0.62436	0.62438			6
2024.08.29	01:26:52.350		0.62441			4
2024.08.29	01:27:00.090	0.62437	0.62442			6
2024.08.29	01:27:10.351		0.62441			4
2024.08.29	01:27:23.708	0.62438	0.62442			6
2024.08.29	01:27:24.399		0.62439			4
2024.08.29	01:27:26.569	0.62436				2
2024.08.29	01:27:26.920	0.62437				2
2024.08.29	01:27:28.940	0.62436				2
2024.08.29	01:27:29.984	0.62437				2
2024.08.29	01:27:38.612	0.62438				2
2024.08.29	01:27:50.934		0.62440			4
2024.08.29	01:27:58.439	0.62441	0.62443			6
2024.08.29	01:27:59.064	0.62437	0.62441			6
2024.08.29	01:28:00.155	0.62437				2
2024.08.29	01:28:10.114		0.62442			4
2024.08.29	01:28:34.168	0.62439	0.62443			6
2024.08.29	01:28:35.228	0.62441	0.62444			6
2024.08.29	01:28:37.067	0.62444	0.62446			6
2024.08.29	01:28:38.305	0.62443				2
2024.08.29	01:28:39.551	0.62444				2
2024.08.29	01:28:40.567	0.62443				2
2024.08.29	01:28:42.761	0.62444				2
2024.08.29	01:28:43.095	0.62443				2
2024.08.29	01:28:51.572	0.62444				2
2024.08.29	01:28:55.327	0.62445	0.62447			6
2024.08.29	01:28:59.776	0.62446	0.62449			6
2024.08.29	01:29:00.516	0.62446				2
2024.08.29	01:29:03.813		0.62448			4
2024.08.29	01:29:14.421	0.62445				2
2024.08.29	01:29:19.293		0.62447			4
2024.08.29	01:29:19.598		0.62448			4
2024.08.29	01:29:20.501	0.62444				2
2024.08.29	01:29:35.275	0.62445				2
2024.08.29	01:29:36.099	0.62447	0.62451			6
2024.08.29	01:29:38.950	0.62446	0.62449			6
2024.08.29	01:29:41.126	0.62445				2
2024.08.29	01:29:41.443	0.62446				2
2024.08.29	01:29:43.380		0.62448			4
2024.08.29	01:29:45.832		0.62449			4
2024.08.29	01:29:46.585	0.62445				2
2024.08.29	01:29:48.378		0.62448			4
2024.08.29	01:30:00.092	0.62445				2
2024.08.29	01:30:00.404	0.62446				2
2024.08.29	01:30:01.817		0.62450			4
2024.08.29	01:30:02.854	0.62447	0.62451			6
2024.08.29	01:30:03.334	0.62446	0.62449			6
2024.08.29	01:30:03.988	0.62447				2
2024.08.29	01:30:07.302	0.62446				2
2024.08.29	01:30:08.065	0.62452	0.62453			6
2024.08.29	01:30:08.383	0.62454	0.62459			6
2024.08.29	01:30:10.770		0.62458			4
2024.08.29	01:30:11.100	0.62455				2
2024.08.29	01:30:14.821	0.62454				2
2024.08.29	01:30:19.963	0.62453	0.62457			6
2024.08.29	01:30:21.086	0.62454				2
2024.08.29	01:30:26.721	0.62456	0.62460			6
2024.08.29	01:30:27.022	0.62458	0.62462			6
2024.08.29	01:30:27.656		0.62461			4
2024.08.29	01:30:36.187	0.62457				2
2024.08.29	01:30:36.507	0.62456	0.62458			6
2024.08.29	01:30:36.809	0.62457	0.62459			6
2024.08.29	01:30:37.764	0.62453	0.62456			6
2024.08.29	01:30:38.356	0.62456	0.62457			6
2024.08.29	01:30:38.788	0.62454	0.62456			6
2024.08.29	01:30:40.916		0.62457			4
2024.08.29	01:30:41.256		0.62456			4
2024.08.29	01:30:44.166	0.62453				2
2024.08.29	01:30:48.891	0.62454				2
2024.08.29	01:30:49.205	0.62453				2
2024.08.29	01:30:49.934	0.62454				2
2024.08.29	01:30:50.273	0.62453				2
2024.08.29	01:31:00.301	0.62453				2
2024.08.29	01:31:01.316	0.62454				2
2024.08.29	01:31:01.618	0.62453				2
2024.08.29	01:31:01.995	0.62458	0.62460			6
2024.08.29	01:31:02.303	0.62457	0.62459			6
2024.08.29	01:31:02.741		0.62460			4
2024.08.29	01:31:04.093		0.62459			4
2024.08.29	01:31:08.084		0.62458			4
2024.08.29	01:31:08.386		0.62459			4
2024.08.29	01:31:19.202	0.62459	0.62460			6
2024.08.29	01:31:25.367	0.62461	0.62464			6
2024.08.29	01:31:25.731	0.62462				2
2024.08.29	01:31:26.103		0.62463			4
2024.08.29	01:31:26.416	0.62461				2
2024.08.29	01:31:26.901		0.62464			4
2024.08.29	01:31:35.355	0.62462				2
2024.08.29	01:31:38.617	0.62461				2
2024.08.29	01:31:39.947	0.62462				2
2024.08.29	01:31:40.657		0.62465			4
2024.08.29	01:31:50.543		0.62466			4
2024.08.29	01:31:58.943	0.62460	0.62465			6
2024.08.29	01:31:59.344		0.62464			4
2024.08.29	01:32:00.039	0.62460				2
2024.08.29	01:32:01.385	0.62461	0.62465			6
2024.08.29	01:32:02.359	0.62462				2
2024.08.29	01:32:20.702		0.62467			4
2024.08.29	01:32:22.681	0.62463				2
2024.08.29	01:32:23.012	0.62462				2
2024.08.29	01:32:30.361	0.62464	0.62468			6
2024.08.29	01:32:36.087	0.62463				2
2024.08.29	01:32:40.419		0.62467			4
2024.08.29	01:32:46.474	0.62464				2
2024.08.29	01:32:47.559	0.62463				2
2024.08.29	01:32:50.361	0.62464				2
2024.08.29	01:32:50.736	0.62463				2
2024.08.29	01:32:53.447	0.62466	0.62469			6
2024.08.29	01:33:00.486	0.62466				2
2024.08.29	01:33:09.694	0.62467				2
2024.08.29	01:33:10.000	0.62466				2
2024.08.29	01:33:45.239	0.62465	0.62468			6
2024.08.29	01:33:50.405	0.62466	0.62469			6
2024.08.29	01:33:50.801	0.62465	0.62468			6
2024.08.29	01:33:56.271	0.62464	0.62467			6
2024.08.29	01:33:58.903		0.62468			4
2024.08.29	01:34:00.089	0.62464				2
2024.08.29	01:34:00.445	0.62463	0.62467			6
2024.08.29	01:34:05.865	0.62464				2
2024.08.29	01:34:06.196	0.62463				2
2024.08.29	01:34:10.355	0.62464				2
2024.08.29	01:34:11.647	0.62463				2
2024.08.29	01:34:19.362	0.62464				2
2024.08.29	01:34:19.661	0.62463				2
2024.08.29	01:34:26.298	0.62462	0.62466			6
2024.08.29	01:34:26.644		0.62467			4
2024.08.29	01:34:36.652	0.62461	0.62465			6
2024.08.29	01:34:37.019	0.62462				2
2024.08.29	01:34:38.280	0.62461				2
2024.08.29	01:34:41.366	0.62463	0.62466			6
2024.08.29	01:34:43.169		0.62467			4
2024.08.29	01:34:51.652	0.62462	0.62465			6
2024.08.29	01:34:51.954	0.62463	0.62467			6
2024.08.29	01:34:52.859	0.62462	0.62466			6
2024.08.29	01:34:53.309	0.62463	0.62467			6
2024.08.29	01:35:00.667	0.62463				2
2024.08.29	01:35:02.376	0.62464				2
2024.08.29	01:35:06.300	0.62465				2
2024.08.29	01:35:08.487	0.62464				2
2024.08.29	01:35:09.682	0.62465				2
2024.08.29	01:35:36.361		0.62468			4
2024.08.29	01:35:43.253	0.62464				2
2024.08.29	01:35:45.502	0.62465				2
2024.08.29	01:35:47.718	0.62464				2
2024.08.29	01:35:50.017		0.62467			4
2024.08.29	01:35:50.760	0.62465	0.62468			6
2024.08.29	01:35:52.277		0.62467			4
2024.08.29	01:35:53.986		0.62468			4
2024.08.29	01:35:55.655		0.62467			4
2024.08.29	01:35:56.555		0.62468			4
2024.08.29	01:35:56.895		0.62467			4
2024.08.29	01:36:00.167	0.62465				2
2024.08.29	01:36:02.430		0.62468			4
2024.08.29	01:36:03.485		0.62467			4
2024.08.29	01:36:18.137		0.62468			4
2024.08.29	01:36:19.567		0.62467			4
2024.08.29	01:36:30.079		0.62468			4
2024.08.29	01:36:31.007	0.62464				2
2024.08.29	01:36:31.671	0.62465				2
2024.08.29	01:36:32.297	0.62464	0.62467			6
2024.08.29	01:36:43.324	0.62465				2
2024.08.29	01:36:43.625	0.62464				2
2024.08.29	01:36:44.985		0.62468			4
2024.08.29	01:36:46.081		0.62467			4
2024.08.29	01:36:55.893	0.62463	0.62466			6
2024.08.29	01:37:00.043	0.62463				2
2024.08.29	01:37:07.987		0.62465			4
2024.08.29	01:37:12.373	0.62464				2
2024.08.29	01:37:16.510	0.62463	0.62466			6
2024.08.29	01:37:20.872		0.62464			4
2024.08.29	01:37:21.200		0.62466			4
2024.08.29	01:37:31.104	0.62462	0.62465			6
2024.08.29	01:37:34.625		0.62466			4
2024.08.29	01:37:37.667		0.62465			4
2024.08.29	01:37:42.471	0.62461	0.62464			6
2024.08.29	01:37:50.237	0.62453	0.62458			6
2024.08.29	01:37:51.295		0.62457			4
2024.08.29	01:37:51.603	0.62452	0.62456			6
2024.08.29	01:37:52.356		0.62457			4
2024.08.29	01:37:52.684		0.62456			4
2024.08.29	01:37:53.758	0.62454	0.62457			6
2024.08.29	01:37:57.226		0.62458			4
2024.08.29	01:37:58.195		0.62457			4
2024.08.29	01:37:59.260		0.62458			4
2024.08.29	01:38:00.362	0.62454				2
2024.08.29	01:38:05.870		0.62459			4
2024.08.29	01:38:06.211		0.62458			4
2024.08.29	01:38:15.025		0.62459			4
2024.08.29	01:38:16.090	0.62455				2
2024.08.29	01:38:16.398	0.62456				2
2024.08.29	01:38:16.703		0.62460			4
2024.08.29	01:38:21.290		0.62459			4
2024.08.29	01:38:33.747	0.62455				2
2024.08.29	01:38:34.781	0.62456	0.62460			6
2024.08.29	01:38:35.083		0.62461			4
2024.08.29	01:38:36.503		0.62460			4
2024.08.29	01:38:40.461		0.62459			4
2024.08.29	01:38:41.002	0.62454	0.62457			6
2024.08.29	01:38:41.424		0.62458			4
2024.08.29	01:38:52.702		0.62457			4
2024.08.29	01:38:53.022	0.62453				2
2024.08.29	01:39:00.256	0.62453				2
2024.08.29	01:39:01.681	0.62454				2
2024.08.29	01:39:02.559		0.62458			4
2024.08.29	01:39:03.636		0.62457			4
2024.08.29	01:39:07.352		0.62458			4
2024.08.29	01:39:10.730		0.62457			4
2024.08.29	01:39:11.042	0.62453				2
2024.08.29	01:39:11.861	0.62454	0.62458			6
2024.08.29	01:39:13.602	0.62456				2
2024.08.29	01:39:13.921		0.62459			4
2024.08.29	01:39:14.640	0.62454	0.62457			6
2024.08.29	01:39:19.185		0.62458			4
2024.08.29	01:39:20.904		0.62457			4
2024.08.29	01:39:23.114		0.62458			4
2024.08.29	01:39:26.623		0.62457			4
2024.08.29	01:40:00.430	0.62454				2
2024.08.29	01:40:27.477		0.62457			4
2024.08.29	01:40:48.114	0.62452	0.62455			6
2024.08.29	01:40:48.938	0.62453	0.62457			6
2024.08.29	01:40:58.488	0.62451	0.62455			6
2024.08.29	01:40:58.802	0.62453				2
2024.08.29	01:40:59.125	0.62451	0.62454			6
2024.08.29	01:40:59.426	0.62453	0.62456			6
2024.08.29	01:41:00.031	0.62453				2
2024.08.29	01:41:02.871		0.62455			4
2024.08.29	01:41:03.183		0.62456			4
2024.08.29	01:41:11.086		0.62457			4
2024.08.29	01:41:11.405		0.62456			4
2024.08.29	01:41:12.146		0.62457			4
2024.08.29	01:41:12.546		0.62456			4
2024.08.29	01:41:13.566	0.62454	0.62457			6
2024.08.29	01:41:14.486	0.62456				2
2024.08.29	01:41:14.791	0.62454				2
2024.08.29	01:41:16.814		0.62456			4
2024.08.29	01:41:17.247		0.62457			4
2024.08.29	01:41:17.730		0.62458			4
2024.08.29	01:41:18.589	0.62455				2
2024.08.29	01:41:28.601		0.62459			4
2024.08.29	01:41:30.018		0.62458			4
2024.08.29	01:41:30.353		0.62459			4
2024.08.29	01:41:30.826		0.62458			4
2024.08.29	01:41:36.244	0.62456				2
2024.08.29	01:41:36.793	0.62455				2
2024.08.29	01:41:57.703	0.62457				2
2024.08.29	01:41:58.007	0.62455				2
2024.08.29	01:41:59.438	0.62453	0.62456			6
2024.08.29	01:41:59.778	0.62454				2
2024.08.29	01:42:00.101	0.62453				2
2024.08.29	01:42:01.060	0.62454				2
2024.08.29	01:42:02.863		0.62458			4
2024.08.29	01:42:04.765	0.62453	0.62456			6
2024.08.29	01:42:07.282	0.62452	0.62454			6
2024.08.29	01:42:07.585	0.62451				2
2024.08.29	01:42:07.906	0.62452	0.62455			6
2024.08.29	01:42:08.556	0.62451	0.62454			6
2024.08.29	01:42:11.117	0.62450	0.62453			6
2024.08.29	01:42:11.422	0.62449	0.62452			6
2024.08.29	01:42:11.731	0.62450	0.62453			6
2024.08.29	01:42:16.520	0.62451				2
2024.08.29	01:42:17.059		0.62454			4
2024.08.29	01:42:18.257	0.62456	0.62459			6
2024.08.29	01:42:19.627		0.62458			4
2024.08.29	01:42:19.975		0.62459			4
2024.08.29	01:42:24.974	0.62457	0.62461			6
2024.08.29	01:42:29.586	0.62459	0.62462			6
2024.08.29	01:42:41.690	0.62460	0.62461			6
2024.08.29	01:42:41.995	0.62458				2
2024.08.29	01:42:44.709		0.62462			4
2024.08.29	01:42:50.508	0.62459				2
2024.08.29	01:42:58.092		0.62463			4
2024.08.29	01:42:58.461		0.62464			4
2024.08.29	01:42:59.129		0.62463			4
2024.08.29	01:43:00.013	0.62459				2
2024.08.29	01:43:01.378	0.62458	0.62462			6
2024.08.29	01:43:13.403	0.62459	0.62463			6
2024.08.29	01:43:13.721		0.62462			4
2024.08.29	01:43:14.820		0.62463			4
2024.08.29	01:43:15.945		0.62464			4
2024.08.29	01:43:19.060	0.62460	0.62463			6
2024.08.29	01:43:19.441	0.62459	0.62464			6
2024.08.29	01:43:21.610	0.62461				2
2024.08.29	01:43:23.485	0.62460				2
2024.08.29	01:43:25.001	0.62456	0.62460			6
2024.08.29	01:43:25.304	0.62457	0.62459			6
2024.08.29	01:43:25.616	0.62456				2
2024.08.29	01:43:53.012	0.62455				2
2024.08.29	01:43:55.536		0.62458			4
2024.08.29	01:43:57.709		0.62456			4
2024.08.29	01:43:58.025		0.62458			4
2024.08.29	01:43:58.335	0.62456	0.62459			6
2024.08.29	01:43:59.231	0.62455				2
2024.08.29	01:44:00.304	0.62455				2
2024.08.29	01:44:02.205	0.62454				2
2024.08.29	01:44:03.271	0.62455				2
2024.08.29	01:44:05.926	0.62454				2
2024.08.29	01:44:06.792	0.62455				2
2024.08.29	01:44:14.433	0.62454				2
2024.08.29	01:44:14.742	0.62455				2
2024.08.29	01:44:15.999	0.62454				2
2024.08.29	01:44:16.311	0.62455	0.62460			6
2024.08.29	01:44:17.301		0.62459			4
2024.08.29	01:44:21.745	0.62456				2
2024.08.29	01:44:27.541		0.62460			4
2024.08.29	01:44:30.722	0.62454	0.62458			6
2024.08.29	01:44:31.042		0.62457			4
2024.08.29	01:44:33.076		0.62458			4
2024.08.29	01:44:34.169		0.62457			4
2024.08.29	01:44:35.074		0.62458			4
2024.08.29	01:44:35.828	0.62455	0.62459			6
2024.08.29	01:44:36.888	0.62457				2
2024.08.29	01:44:37.193	0.62455				2
2024.08.29	01:44:40.224	0.62454	0.62458			6
2024.08.29	01:44:40.537	0.62455				2
2024.08.29	01:44:41.893		0.62459			4
2024.08.29	01:44:46.383		0.62458			4
2024.08.29	01:44:47.541		0.62459			4
2024.08.29	01:44:48.034		0.62458			4
2024.08.29	01:44:48.376		0.62459			4
2024.08.29	01:44:49.479		0.62458			4
2024.08.29	01:44:51.239		0.62459			4
2024.08.29	01:44:52.347		0.62458			4
2024.08.29	01:44:53.567	0.62454	0.62459			6
2024.08.29	01:44:53.900	0.62455	0.62458			6
2024.08.29	01:44:54.207	0.62454	0.62459			6
2024.08.29	01:44:55.221		0.62458			4
2024.08.29	01:44:57.725		0.62459			4
2024.08.29	01:44:58.721		0.62458			4
2024.08.29	01:45:00.370	0.62454				2
2024.08.29	01:45:04.404		0.62459			4
2024.08.29	01:45:29.709	0.62455				2
2024.08.29	01:45:30.015	0.62454				2
2024.08.29	01:45:44.572	0.62448	0.62453			6
2024.08.29	01:45:45.575	0.62445	0.62450			6
2024.08.29	01:45:45.901	0.62446				2
2024.08.29	01:45:46.784	0.62443	0.62448			6
2024.08.29	01:45:48.963	0.62445	0.62450			6
2024.08.29	01:45:50.885	0.62447	0.62451			6
2024.08.29	01:45:51.417		0.62452			4
2024.08.29	01:45:53.900	0.62448				2
2024.08.29	01:45:57.249	0.62447				2
2024.08.29	01:46:00.246	0.62447				2
2024.08.29	01:46:00.558		0.62451			4
2024.08.29	01:46:01.037		0.62452			4
2024.08.29	01:46:02.001	0.62448	0.62453			6
2024.08.29	01:46:07.680	0.62447	0.62450			6
2024.08.29	01:46:07.984		0.62452			4
2024.08.29	01:46:08.788	0.62448				2
2024.08.29	01:46:09.477		0.62453			4
2024.08.29	01:46:10.338	0.62452	0.62457			6
2024.08.29	01:46:10.642		0.62455			4
2024.08.29	01:46:11.184		0.62457			4
2024.08.29	01:46:16.193		0.62455			4
2024.08.29	01:46:17.234	0.62451				2
2024.08.29	01:46:21.560		0.62453			4
2024.08.29	01:46:23.194		0.62455			4
2024.08.29	01:46:29.131	0.62452				2
2024.08.29	01:46:36.475		0.62456			4
2024.08.29	01:46:36.813		0.62457			4
2024.08.29	01:46:40.346	0.62453				2
2024.08.29	01:46:45.383	0.62452				2
2024.08.29	01:46:46.071	0.62453				2
2024.08.29	01:46:52.661		0.62455			4
2024.08.29	01:46:53.182		0.62457			4
2024.08.29	01:47:00.432	0.62453				2
2024.08.29	01:47:01.466	0.62456	0.62459			6
2024.08.29	01:47:04.246		0.62460			4
2024.08.29	01:47:10.807	0.62457				2
2024.08.29	01:47:32.351		0.62459			4
2024.08.29	01:47:35.744	0.62461	0.62465			6
2024.08.29	01:47:36.473	0.62462				2
2024.08.29	01:47:44.358	0.62459	0.62463			6
2024.08.29	01:47:54.901		0.62462			4
2024.08.29	01:48:00.323	0.62459				2
2024.08.29	01:48:02.993		0.62463			4
2024.08.29	01:48:11.169		0.62462			4
2024.08.29	01:48:11.592		0.62463			4
2024.08.29	01:48:20.832	0.62458	0.62462			6
2024.08.29	01:48:21.315		0.62461			4
2024.08.29	01:48:22.168		0.62462			4
2024.08.29	01:48:47.684		0.62461			4
2024.08.29	01:48:59.581		0.62462			4
2024.08.29	01:49:04.444	0.62458				2
2024.08.29	01:49:13.988	0.62459				2
2024.08.29	01:49:14.295		0.62463			4
2024.08.29	01:49:24.441		0.62462			4
2024.08.29	01:49:32.857	0.62462	0.62465			6
2024.08.29	01:49:33.175	0.62460	0.62464			6
2024.08.29	01:49:36.654	0.62461				2
2024.08.29	01:49:47.182		0.62465			4
2024.08.29	01:49:52.384		0.62464			4
2024.08.29	01:49:55.779		0.62463			4
2024.08.29	01:49:58.716		0.62464			4
2024.08.29	01:50:01.010	0.62461				2
2024.08.29	01:50:27.421		0.62465			4
2024.08.29	01:50:33.394		0.62464			4
2024.08.29	01:50:33.838		0.62465			4
2024.08.29	01:50:40.445	0.62460	0.62461			6
2024.08.29	01:50:40.765	0.62448	0.62454			6
2024.08.29	01:50:41.068	0.62450				2
2024.08.29	01:50:44.730	0.62449				2
2024.08.29	01:50:45.776	0.62450				2
2024.08.29	01:50:47.163	0.62449	0.62452			6
2024.08.29	01:50:47.471		0.62453			4
2024.08.29	01:50:49.002	0.62452	0.62456			6
2024.08.29	01:50:49.306	0.62451	0.62455			6
2024.08.29	01:50:52.352	0.62452	0.62457			6
2024.08.29	01:50:53.566		0.62456			4
2024.08.29	01:50:56.043		0.62455			4
2024.08.29	01:50:58.129	0.62454	0.62458			6
2024.08.29	01:51:00.388	0.62453				2
2024.08.29	01:51:02.562	0.62454				2
2024.08.29	01:51:03.845		0.62457			4
2024.08.29	01:51:08.645	0.62453				2
2024.08.29	01:51:10.000	0.62454				2
2024.08.29	01:51:12.738		0.62459			4
2024.08.29	01:51:23.330	0.62461	0.62465			6
2024.08.29	01:51:35.424	0.62462	0.62464			6
2024.08.29	01:51:36.126		0.62465			4
2024.08.29	01:51:52.351	0.62461				2
2024.08.29	01:52:00.429	0.62461				2
2024.08.29	01:52:03.003	0.62462	0.62466			6
2024.08.29	01:52:08.619	0.62461	0.62465			6
2024.08.29	01:52:11.184		0.62464			4
2024.08.29	01:52:15.569		0.62465			4
2024.08.29	01:52:17.703		0.62464			4
2024.08.29	01:52:18.004		0.62466			4
2024.08.29	01:52:18.808	0.62462				2
2024.08.29	01:52:19.479	0.62461	0.62464			6
2024.08.29	01:52:20.022		0.62465			4
2024.08.29	01:52:23.561	0.62462	0.62466			6
2024.08.29	01:52:24.233	0.62461	0.62465			6
2024.08.29	01:52:25.693		0.62462			4
2024.08.29	01:52:26.012		0.62465			4
2024.08.29	01:52:31.041	0.62460	0.62463			6
2024.08.29	01:52:35.115	0.62467	0.62471			6
2024.08.29	01:52:35.500		0.62470			4
2024.08.29	01:52:43.801		0.62472			4
2024.08.29	01:52:47.806	0.62469				2
2024.08.29	01:52:53.349	0.62468				2
2024.08.29	01:52:53.851		0.62471			4
2024.08.29	01:52:55.058		0.62470			4
2024.08.29	01:52:57.341		0.62469			4
2024.08.29	01:53:00.051	0.62468				2
2024.08.29	01:53:22.490	0.62467				2
2024.08.29	01:53:24.496	0.62466				2
2024.08.29	01:53:24.803		0.62471			4
2024.08.29	01:53:27.588	0.62465	0.62470			6
2024.08.29	01:53:33.881		0.62469			4
2024.08.29	01:53:38.429	0.62464				2
2024.08.29	01:53:42.022	0.62465				2
2024.08.29	01:53:54.759		0.62468			4
2024.08.29	01:53:59.980	0.62466	0.62470			6
2024.08.29	01:54:00.293	0.62465	0.62468			6
2024.08.29	01:54:00.609		0.62469			4
2024.08.29	01:54:02.081		0.62470			4
2024.08.29	01:54:03.240	0.62467	0.62471			6
2024.08.29	01:54:04.454	0.62468				2
2024.08.29	01:54:11.934	0.62467	0.62470			6
2024.08.29	01:54:12.412	0.62468	0.62471			6
2024.08.29	01:54:28.112		0.62472			4
2024.08.29	01:54:33.709	0.62463	0.62467			6
2024.08.29	01:54:35.826		0.62468			4
2024.08.29	01:54:37.592		0.62466			4
2024.08.29	01:54:38.741		0.62467			4
2024.08.29	01:54:39.213		0.62466			4
2024.08.29	01:54:42.925		0.62467			4
2024.08.29	01:54:43.362	0.62464				2
2024.08.29	01:54:43.667	0.62466	0.62470			6
2024.08.29	01:54:58.558		0.62471			4
2024.08.29	01:54:59.845		0.62470			4
2024.08.29	01:55:00.341	0.62466				2
2024.08.29	01:55:03.946	0.62464	0.62468			6
2024.08.29	01:55:04.260	0.62467	0.62470			6
2024.08.29	01:55:06.907	0.62466	0.62469			6
2024.08.29	01:55:11.283		0.62468			4
2024.08.29	01:55:12.325		0.62469			4
2024.08.29	01:55:14.577		0.62470			4
2024.08.29	01:55:15.588		0.62469			4
2024.08.29	01:55:23.595	0.62464	0.62467			6
2024.08.29	01:55:32.220	0.62463	0.62466			6
2024.08.29	01:55:32.525		0.62467			4
2024.08.29	01:55:56.914	0.62464				2
2024.08.29	01:55:57.218	0.62463				2
2024.08.29	01:56:00.175	0.62463				2
2024.08.29	01:56:11.230	0.62462	0.62465			6
2024.08.29	01:56:13.184	0.62463	0.62467			6
2024.08.29	01:56:15.286		0.62466			4
2024.08.29	01:56:15.590		0.62467			4
2024.08.29	01:56:28.784		0.62466			4
2024.08.29	01:56:32.124		0.62467			4
2024.08.29	01:56:36.733	0.62464				2
2024.08.29	01:56:40.567	0.62463				2
2024.08.29	01:57:00.341	0.62463				2
2024.08.29	01:57:17.252		0.62466			4
2024.08.29	01:57:18.928	0.62464	0.62467			6
2024.08.29	01:57:19.821	0.62462	0.62465			6
2024.08.29	01:57:21.289		0.62467			4
2024.08.29	01:57:27.425		0.62466			4
2024.08.29	01:57:28.446		0.62465			4
2024.08.29	01:57:36.107		0.62466			4
2024.08.29	01:57:39.134	0.62463	0.62465			6
2024.08.29	01:57:39.439	0.62461	0.62463			6
2024.08.29	01:57:40.187		0.62462			4
2024.08.29	01:57:45.605		0.62463			4
2024.08.29	01:57:47.314	0.62466	0.62467			6
2024.08.29	01:57:47.622	0.62467	0.62471			6
2024.08.29	01:57:53.394		0.62469			4
2024.08.29	01:58:00.096	0.62469	0.62470			6
2024.08.29	01:58:00.399	0.62467	0.62469			6
2024.08.29	01:58:06.676		0.62468			4
2024.08.29	01:58:06.994		0.62469			4
2024.08.29	01:58:16.873	0.62466				2
2024.08.29	01:58:17.669	0.62467				2
2024.08.29	01:58:22.775		0.62468			4
2024.08.29	01:58:23.478		0.62469			4
2024.08.29	01:58:34.152	0.62465	0.62467			6
2024.08.29	01:58:34.478		0.62468			4
2024.08.29	01:58:40.347		0.62469			4
2024.08.29	01:58:41.104		0.62468			4
2024.08.29	01:58:41.476		0.62469			4
2024.08.29	01:58:50.721		0.62468			4
2024.08.29	01:58:51.024		0.62469			4
2024.08.29	01:58:51.375		0.62468			4
2024.08.29	01:58:51.920		0.62469			4
2024.08.29	01:59:00.198	0.62465				2
2024.08.29	01:59:01.646		0.62468			4
2024.08.29	01:59:01.967	0.62464				2
2024.08.29	01:59:03.903		0.62469			4
2024.08.29	01:59:05.286		0.62468			4
2024.08.29	01:59:08.406		0.62469			4
2024.08.29	01:59:09.358		0.62468			4
2024.08.29	01:59:09.664		0.62467			4
2024.08.29	01:59:10.004		0.62468			4
2024.08.29	01:59:14.043		0.62469			4
2024.08.29	01:59:14.663		0.62468			4
2024.08.29	01:59:18.560		0.62469			4
2024.08.29	01:59:19.080		0.62468			4
2024.08.29	01:59:20.802		0.62469			4
2024.08.29	01:59:22.427		0.62468			4
2024.08.29	01:59:23.046		0.62469			4
2024.08.29	01:59:24.511		0.62468			4
2024.08.29	01:59:25.312		0.62469			4
2024.08.29	01:59:27.914		0.62468			4
2024.08.29	01:59:28.532		0.62469			4
2024.08.29	01:59:30.806		0.62468			4
2024.08.29	01:59:37.305	0.62463				2
2024.08.29	01:59:37.923	0.62462	0.62467			6
2024.08.29	01:59:40.361		0.62466			4
2024.08.29	01:59:42.438	0.62461				2
2024.08.29	01:59:45.901	0.62462				2
2024.08.29	01:59:46.529	0.62461	0.62465			6
2024.08.29	01:59:50.253	0.62462				2
2024.08.29	01:59:52.066		0.62466			4
2024.08.29	01:59:53.569		0.62465			4
2024.08.29	01:59:59.006	0.62461				2
2024.08.29	02:00:00.317	0.62464	0.62468			6
2024.08.29	02:00:00.630	0.62463				2
2024.08.29	02:00:10.398	0.62464				2
2024.08.29	02:00:10.732	0.62463				2
2024.08.29	02:00:11.098		0.62469			4
2024.08.29	02:00:15.972	0.62464				2
2024.08.29	02:00:16.361	0.62463				2
2024.08.29	02:00:26.608		0.62468			4
2024.08.29	02:00:27.522		0.62469			4
2024.08.29	02:00:29.620		0.62467			4
2024.08.29	02:00:29.924	0.62464	0.62469			6
2024.08.29	02:00:30.250		0.62467			4
2024.08.29	02:00:30.560		0.62469			4
2024.08.29	02:00:31.512	0.62463				2
2024.08.29	02:00:38.635	0.62466	0.62471			6
2024.08.29	02:00:40.093		0.62469			4
2024.08.29	02:00:44.673		0.62470			4
2024.08.29	02:00:44.977		0.62469			4
2024.08.29	02:00:55.872	0.62467	0.62470			6
2024.08.29	02:00:56.255	0.62466				2
2024.08.29	02:00:56.683		0.62469			4
2024.08.29	02:00:57.013		0.62470			4
2024.08.29	02:00:57.319		0.62469			4
2024.08.29	02:01:00.405	0.62466	0.62470			6
2024.08.29	02:01:00.715		0.62469			4
2024.08.29	02:01:01.046		0.62468			4
2024.08.29	02:01:01.567		0.62469			4
2024.08.29	02:01:04.731		0.62470			4
2024.08.29	02:01:07.188		0.62469			4
2024.08.29	02:01:10.196		0.62470			4
2024.08.29	02:01:10.509		0.62469			4
2024.08.29	02:01:10.842		0.62470			4
2024.08.29	02:01:11.201		0.62469			4
2024.08.29	02:01:11.518		0.62470			4
2024.08.29	02:01:12.676		0.62469			4
2024.08.29	02:01:14.472		0.62470			4
2024.08.29	02:01:17.672		0.62469			4
2024.08.29	02:01:19.153	0.62464	0.62468			6
2024.08.29	02:01:19.464	0.62465				2
2024.08.29	02:01:22.024	0.62466	0.62470			6
2024.08.29	02:01:23.306	0.62468	0.62472			6
2024.08.29	02:01:31.565	0.62469				2
2024.08.29	02:01:32.232	0.62467				2
2024.08.29	02:01:40.993	0.62471	0.62474			6
2024.08.29	02:01:41.828	0.62470				2
2024.08.29	02:01:42.146	0.62469				2
2024.08.29	02:01:44.809		0.62473			4
2024.08.29	02:01:47.516	0.62465	0.62469			6
2024.08.29	02:01:49.554	0.62464	0.62468			6
2024.08.29	02:01:49.867	0.62465	0.62469			6
2024.08.29	02:02:01.005	0.62464	0.62468			6
2024.08.29	02:02:06.488		0.62467			4
2024.08.29	02:02:06.794		0.62468			4
2024.08.29	02:02:16.448	0.62466	0.62469			6
2024.08.29	02:02:19.198	0.62467	0.62471			6
2024.08.29	02:02:19.882	0.62466				2
2024.08.29	02:02:20.491	0.62467				2
2024.08.29	02:02:30.123	0.62466				2
2024.08.29	02:02:30.874	0.62467				2
2024.08.29	02:02:31.886	0.62466				2
2024.08.29	02:02:32.232		0.62470			4
2024.08.29	02:02:34.123	0.62468	0.62471			6
2024.08.29	02:02:34.424		0.62472			4
2024.08.29	02:02:38.936	0.62469	0.62473			6
2024.08.29	02:02:41.295	0.62471	0.62474			6
2024.08.29	02:02:42.193	0.62469				2
2024.08.29	02:02:42.526		0.62473			4
2024.08.29	02:02:43.128	0.62467	0.62471			6
2024.08.29	02:02:45.207		0.62470			4
2024.08.29	02:02:50.178	0.62466				2
2024.08.29	02:02:55.094	0.62467				2
2024.08.29	02:02:57.186	0.62464	0.62468			6
2024.08.29	02:02:58.500	0.62465	0.62469			6
2024.08.29	02:03:00.143	0.62465				2
2024.08.29	02:03:01.383	0.62466	0.62470			6
2024.08.29	02:03:02.505	0.62467				2
2024.08.29	02:03:10.011	0.62466				2
2024.08.29	02:03:15.809		0.62469			4
2024.08.29	02:03:21.022	0.62468	0.62470			6
2024.08.29	02:03:22.768	0.62467	0.62469			6
2024.08.29	02:03:24.177	0.62466				2
2024.08.29	02:03:31.288	0.62467	0.62470			6
2024.08.29	02:03:32.480	0.62468				2
2024.08.29	02:03:35.320	0.62465	0.62468			6
2024.08.29	02:03:36.257	0.62466	0.62469			6
2024.08.29	02:03:44.280	0.62465				2
2024.08.29	02:03:46.787	0.62467				2
2024.08.29	02:03:54.293		0.62471			4
2024.08.29	02:03:54.601	0.62468				2
2024.08.29	02:03:55.677	0.62467				2
2024.08.29	02:03:56.537	0.62468				2
2024.08.29	02:03:57.421	0.62467				2
2024.08.29	02:03:57.745	0.62466	0.62470			6
2024.08.29	02:03:58.406	0.62469				2
2024.08.29	02:03:58.742	0.62466				2
2024.08.29	02:04:00.403	0.62466				2
2024.08.29	02:04:01.353	0.62467				2
2024.08.29	02:04:04.888		0.62469			4
2024.08.29	02:04:05.202		0.62470			4
2024.08.29	02:04:05.513	0.62465	0.62469			6
2024.08.29	02:04:09.165	0.62466	0.62470			6
2024.08.29	02:04:10.661	0.62468				2
2024.08.29	02:04:17.560	0.62469				2
2024.08.29	02:04:18.597	0.62468				2
2024.08.29	02:04:19.547	0.62467				2
2024.08.29	02:04:21.230	0.62466				2
2024.08.29	02:04:21.837	0.62467				2
2024.08.29	02:04:22.284	0.62468				2
2024.08.29	02:04:22.886	0.62466				2
2024.08.29	02:04:25.906		0.62469			4
2024.08.29	02:04:26.222		0.62470			4
2024.08.29	02:04:26.855	0.62468				2
2024.08.29	02:04:27.420	0.62467				2
2024.08.29	02:04:27.829	0.62468				2
2024.08.29	02:04:29.197	0.62466				2
2024.08.29	02:04:29.692	0.62467				2
2024.08.29	02:04:30.979	0.62468				2
2024.08.29	02:04:32.958	0.62467				2
2024.08.29	02:04:34.150	0.62468				2
2024.08.29	02:04:35.050	0.62467				2
2024.08.29	02:04:36.123	0.62468				2
2024.08.29	02:04:45.530	0.62467				2
2024.08.29	02:04:52.348	0.62468				2
2024.08.29	02:04:52.854	0.62467				2
2024.08.29	02:04:55.268		0.62468			4
2024.08.29	02:04:55.665	0.62468	0.62469			6
2024.08.29	02:04:56.031	0.62467	0.62468			6
2024.08.29	02:04:56.343		0.62470			4
2024.08.29	02:05:00.264	0.62467				2
2024.08.29	02:05:03.308	0.62469				2
2024.08.29	02:05:03.612	0.62467				2
2024.08.29	02:05:07.915	0.62468				2
2024.08.29	02:05:09.681	0.62467				2
2024.08.29	02:05:10.735	0.62468				2
2024.08.29	02:05:11.071	0.62467				2
2024.08.29	02:05:12.185	0.62468				2
2024.08.29	02:05:13.332	0.62467				2
2024.08.29	02:05:14.170	0.62468				2
2024.08.29	02:05:14.510	0.62467				2
2024.08.29	02:05:15.373	0.62468				2
2024.08.29	02:05:16.244	0.62467				2
2024.08.29	02:05:16.705	0.62468				2
2024.08.29	02:05:17.230	0.62467				2
2024.08.29	02:05:29.329	0.62468				2
2024.08.29	02:05:30.604	0.62469				2
2024.08.29	02:05:31.053	0.62468				2
2024.08.29	02:05:40.353	0.62469	0.62472			6
2024.08.29	02:05:41.150	0.62471	0.62475			6
2024.08.29	02:05:41.452		0.62474			4
2024.08.29	02:05:46.346		0.62475			4
2024.08.29	02:05:46.753		0.62474			4
2024.08.29	02:05:47.066		0.62475			4
2024.08.29	02:05:49.687	0.62472				2
2024.08.29	02:05:49.989	0.62471				2
2024.08.29	02:05:50.879	0.62472				2
2024.08.29	02:05:58.692	0.62471				2
2024.08.29	02:06:00.409	0.62471				2
2024.08.29	02:06:00.768		0.62474			4
2024.08.29	02:06:01.516		0.62475			4
2024.08.29	02:06:04.133	0.62472				2
2024.08.29	02:06:04.496	0.62471				2
2024.08.29	02:06:11.912		0.62474			4
2024.08.29	02:06:12.926		0.62475			4
2024.08.29	02:06:15.120	0.62472				2
2024.08.29	02:06:26.728	0.62467	0.62471			6
2024.08.29	02:06:27.031	0.62470	0.62473			6
2024.08.29	02:06:32.319	0.62471	0.62475			6
2024.08.29	02:06:33.837		0.62474			4
2024.08.29	02:06:34.142	0.62472	0.62475			6
2024.08.29	02:06:35.747	0.62471	0.62473			6
2024.08.29	02:06:36.050	0.62470	0.62472			6
2024.08.29	02:06:37.621	0.62469				2
2024.08.29	02:06:43.047		0.62473			4
2024.08.29	02:06:44.263	0.62470				2
2024.08.29	02:06:52.895		0.62474			4
2024.08.29	02:06:54.936		0.62473			4
2024.08.29	02:06:57.371		0.62474			4
2024.08.29	02:06:58.943		0.62473			4
2024.08.29	02:07:00.157	0.62470				2
2024.08.29	02:07:02.051	0.62469	0.62472			6
2024.08.29	02:07:02.365	0.62470				2
2024.08.29	02:07:02.807		0.62473			4
2024.08.29	02:07:04.999	0.62469	0.62472			6
2024.08.29	02:07:11.024	0.62468				2
2024.08.29	02:07:13.548		0.62471			4
2024.08.29	02:07:19.100		0.62472			4
2024.08.29	02:07:31.767	0.62469				2
2024.08.29	02:07:33.360	0.62468	0.62471			6
2024.08.29	02:07:38.791		0.62472			4
2024.08.29	02:07:40.540	0.62469				2
2024.08.29	02:07:42.308		0.62473			4
2024.08.29	02:07:43.264		0.62472			4
2024.08.29	02:07:45.066	0.62470	0.62473			6
2024.08.29	02:07:47.498	0.62472	0.62475			6
2024.08.29	02:07:49.041	0.62469	0.62471			6
2024.08.29	02:07:50.651		0.62472			4
2024.08.29	02:08:00.252	0.62469				2
2024.08.29	02:08:10.062	0.62470				2
2024.08.29	02:08:10.364		0.62473			4
2024.08.29	02:08:18.101	0.62469				2
2024.08.29	02:08:24.715	0.62475	0.62477			6
2024.08.29	02:08:25.114	0.62476	0.62478			6
2024.08.29	02:08:27.897	0.62474	0.62476			6
2024.08.29	02:08:32.128	0.62475				2
2024.08.29	02:08:32.429	0.62474				2
2024.08.29	02:08:36.184		0.62477			4
2024.08.29	02:08:44.262	0.62475				2
2024.08.29	02:08:47.309	0.62474				2
2024.08.29	02:08:47.664	0.62475				2
2024.08.29	02:08:54.768	0.62477	0.62480			6
2024.08.29	02:08:55.834	0.62476	0.62479			6
2024.08.29	02:08:56.149		0.62478			4
2024.08.29	02:08:56.822	0.62477	0.62480			6
2024.08.29	02:08:59.095	0.62476				2
2024.08.29	02:09:00.480	0.62476	0.62479			6
2024.08.29	02:09:07.120		0.62480			4
2024.08.29	02:09:10.522	0.62477				2
2024.08.29	02:09:14.512	0.62476				2
2024.08.29	02:09:16.331		0.62479			4
2024.08.29	02:09:16.681	0.62477	0.62480			6
2024.08.29	02:09:19.698	0.62476	0.62479			6
2024.08.29	02:09:24.002		0.62480			4
2024.08.29	02:09:24.887	0.62478				2
2024.08.29	02:09:27.674	0.62477				2
2024.08.29	02:09:28.001	0.62478				2
2024.08.29	02:10:00.495	0.62479	0.62481			6
2024.08.29	02:10:01.771		0.62480			4
2024.08.29	02:10:02.480	0.62478				2
2024.08.29	02:10:03.128		0.62481			4
2024.08.29	02:10:10.988		0.62479			4
2024.08.29	02:10:11.352		0.62481			4
2024.08.29	02:10:14.492	0.62480				2
2024.08.29	02:10:14.800	0.62478				2
2024.08.29	02:10:54.548	0.62479				2
2024.08.29	02:10:59.301	0.62478				2
2024.08.29	02:10:59.603	0.62479				2
2024.08.29	02:11:00.423	0.62478				2
2024.08.29	02:11:04.916	0.62477				2
2024.08.29	02:11:11.615		0.62481			4
2024.08.29	02:11:12.924		0.62480			4
2024.08.29	02:11:19.353		0.62481			4
2024.08.29	02:11:41.005	0.62478				2
2024.08.29	02:11:58.817		0.62480			4
2024.08.29	02:12:00.207	0.62478				2
2024.08.29	02:12:00.536		0.62481			4
2024.08.29	02:12:02.917	0.62479	0.62480			6
2024.08.29	02:12:03.243		0.62481			4
2024.08.29	02:12:09.771		0.62482			4
2024.08.29	02:12:10.345		0.62481			4
2024.08.29	02:12:17.467	0.62478	0.62480			6
2024.08.29	02:12:20.916		0.62481			4
2024.08.29	02:12:21.219		0.62480			4
2024.08.29	02:12:26.272	0.62479				2
2024.08.29	02:12:30.393	0.62478				2
2024.08.29	02:12:35.083		0.62481			4
2024.08.29	02:12:46.507	0.62480				2
2024.08.29	02:12:46.814	0.62478				2
2024.08.29	02:12:56.140		0.62480			4
2024.08.29	02:13:00.418	0.62478	0.62481			6
2024.08.29	02:13:00.724	0.62479	0.62482			6
2024.08.29	02:13:05.399		0.62481			4
2024.08.29	02:13:05.982	0.62478				2
2024.08.29	02:13:21.633	0.62479				2
2024.08.29	02:13:22.300	0.62478				2
2024.08.29	02:13:22.605	0.62479				2
2024.08.29	02:13:22.968	0.62478				2
2024.08.29	02:13:33.332		0.62482			4
2024.08.29	02:13:38.510		0.62481			4
2024.08.29	02:13:44.298	0.62479				2
2024.08.29	02:14:04.543	0.62479	0.62482			6
2024.08.29	02:14:06.433		0.62481			4
2024.08.29	02:14:14.703	0.62478	0.62480			6
2024.08.29	02:14:38.828		0.62479			4
2024.08.29	02:14:41.153	0.62477	0.62478			6
2024.08.29	02:14:46.121	0.62476	0.62477			6
2024.08.29	02:14:48.559		0.62479			4
2024.08.29	02:14:49.191		0.62480			4
2024.08.29	02:14:49.744	0.62477				2
2024.08.29	02:14:50.348		0.62481			4
2024.08.29	02:14:51.169	0.62478				2
2024.08.29	02:14:54.630	0.62481	0.62483			6
2024.08.29	02:14:54.934	0.62479	0.62482			6
2024.08.29	02:14:56.912		0.62481			4
2024.08.29	02:15:00.476	0.62478	0.62480			6
2024.08.29	02:15:01.162	0.62479	0.62481			6
2024.08.29	02:15:04.822	0.62482	0.62484			6
2024.08.29	02:15:05.786		0.62485			4
2024.08.29	02:15:13.501		0.62484			4
2024.08.29	02:15:20.023	0.62483	0.62486			6
2024.08.29	02:15:21.362		0.62485			4
2024.08.29	02:15:31.781		0.62486			4
2024.08.29	02:15:33.307	0.62484				2
2024.08.29	02:15:49.716	0.62485				2
2024.08.29	02:15:50.019	0.62484				2
2024.08.29	02:15:55.454	0.62487	0.62489			6
2024.08.29	02:15:56.391	0.62489	0.62491			6
2024.08.29	02:16:00.425	0.62489				2
2024.08.29	02:16:01.437	0.62488	0.62489			6
2024.08.29	02:16:01.873	0.62487				2
2024.08.29	02:16:02.220		0.62490			4
2024.08.29	02:16:07.995	0.62488				2
2024.08.29	02:16:14.242	0.62489	0.62491			6
2024.08.29	02:16:41.621		0.62490			4
2024.08.29	02:16:41.956	0.62488				2
2024.08.29	02:16:42.262		0.62491			4
2024.08.29	02:16:44.132	0.62489				2
2024.08.29	02:16:45.014	0.62488				2
2024.08.29	02:16:45.708	0.62489				2
2024.08.29	02:16:58.823	0.62488	0.62490			6
2024.08.29	02:17:01.998	0.62488	0.62489			6
2024.08.29	02:17:11.827	0.62490	0.62492			6
2024.08.29	02:17:15.220	0.62493	0.62495			6
2024.08.29	02:17:31.634		0.62494			4
2024.08.29	02:17:38.200		0.62495			4
2024.08.29	02:17:52.141		0.62494			4
2024.08.29	02:17:54.412		0.62496			4
2024.08.29	02:17:57.263	0.62497	0.62499			6
2024.08.29	02:17:57.657		0.62498			4
2024.08.29	02:18:11.047	0.62497	0.62499			6
2024.08.29	02:18:12.256		0.62498			4
2024.08.29	02:18:26.043	0.62498	0.62499			6
2024.08.29	02:18:27.586	0.62497	0.62498			6
2024.08.29	02:18:32.951	0.62492	0.62494			6
2024.08.29	02:18:37.224		0.62495			4
2024.08.29	02:18:38.268	0.62494	0.62496			6
2024.08.29	02:18:38.785	0.62493	0.62495			6
2024.08.29	02:18:40.821	0.62494	0.62497			6
2024.08.29	02:18:42.331	0.62496	0.62499			6
2024.08.29	02:18:48.894	0.62497				2
2024.08.29	02:18:49.200	0.62496				2
2024.08.29	02:18:52.098		0.62498			4
2024.08.29	02:18:57.375	0.62495				2
2024.08.29	02:19:00.289	0.62495				2
2024.08.29	02:19:01.442	0.62498	0.62500			6
2024.08.29	02:19:02.095	0.62497				2
2024.08.29	02:19:09.545		0.62499			4
2024.08.29	02:19:33.031	0.62496				2
2024.08.29	02:19:40.146		0.62498			4
2024.08.29	02:19:42.872		0.62499			4
2024.08.29	02:19:45.983	0.62499	0.62500			6
2024.08.29	02:19:46.284	0.62497				2
2024.08.29	02:19:48.251		0.62498			4
2024.08.29	02:19:59.743	0.62496				2
2024.08.29	02:20:00.378	0.62496				2
2024.08.29	02:20:10.408	0.62500	0.62502			6
2024.08.29	02:20:12.618	0.62502	0.62504			6
2024.08.29	02:20:16.736	0.62503	0.62505			6
2024.08.29	02:20:18.470		0.62504			4
2024.08.29	02:20:19.741	0.62502	0.62503			6
2024.08.29	02:20:21.109	0.62503	0.62504			6
2024.08.29	02:20:55.672	0.62502	0.62503			6
2024.08.29	02:20:57.740	0.62501	0.62502			6
2024.08.29	02:21:00.260	0.62501				2
2024.08.29	02:21:00.644	0.62496	0.62497			6
2024.08.29	02:21:03.926	0.62497	0.62498			6
2024.08.29	02:21:10.231	0.62498	0.62499			6
2024.08.29	02:21:11.576		0.62500			4
2024.08.29	02:21:27.104	0.62499	0.62501			6
2024.08.29	02:21:27.455	0.62498	0.62500			6
2024.08.29	02:21:32.961	0.62499	0.62501			6
2024.08.29	02:21:38.720	0.62498				2
2024.08.29	02:21:39.217		0.62500			4
2024.08.29	02:21:43.249		0.62502			4
2024.08.29	02:21:48.071	0.62500				2
2024.08.29	02:21:48.392	0.62498				2
2024.08.29	02:21:49.555	0.62499				2
2024.08.29	02:21:56.547		0.62501			4
2024.08.29	02:21:56.874	0.62497	0.62499			6
2024.08.29	02:22:00.100	0.62497				2
2024.08.29	02:22:02.685		0.62498			4
2024.08.29	02:22:12.793		0.62499			4
2024.08.29	02:22:22.715		0.62500			4
2024.08.29	02:22:26.942		0.62499			4
2024.08.29	02:22:27.308	0.62494	0.62497			6
2024.08.29	02:22:27.610	0.62496	0.62499			6
2024.08.29	02:22:27.923	0.62495				2
2024.08.29	02:22:29.221	0.62497	0.62500			6
2024.08.29	02:22:35.302	0.62499				2
2024.08.29	02:22:35.606	0.62497				2
2024.08.29	02:22:40.396	0.62498	0.62501			6
2024.08.29	02:22:50.947		0.62500			4
2024.08.29	02:22:58.121	0.62500	0.62501			6
2024.08.29	02:22:58.874	0.62499	0.62500			6
2024.08.29	02:23:00.203	0.62499				2
2024.08.29	02:23:02.060	0.62498				2
2024.08.29	02:23:05.312		0.62499			4
2024.08.29	02:23:08.527	0.62497				2
2024.08.29	02:23:11.981	0.62493	0.62494			6
2024.08.29	02:23:12.348		0.62496			4
2024.08.29	02:23:18.520	0.62492	0.62495			6
2024.08.29	02:23:19.511		0.62496			4
2024.08.29	02:23:28.327	0.62493				2
2024.08.29	02:23:36.542	0.62492	0.62495			6
2024.08.29	02:23:36.907	0.62493	0.62496			6
2024.08.29	02:23:37.245	0.62494				2
2024.08.29	02:23:40.160	0.62493				2
2024.08.29	02:23:44.702		0.62495			4
2024.08.29	02:23:45.569	0.62492	0.62496			6
2024.08.29	02:23:58.144	0.62493				2
2024.08.29	02:23:58.826	0.62492				2
2024.08.29	02:24:00.234	0.62492				2
2024.08.29	02:24:00.564		0.62495			4
2024.08.29	02:24:09.232	0.62493				2
2024.08.29	02:24:11.408	0.62492				2
2024.08.29	02:24:13.758	0.62493				2
2024.08.29	02:24:14.325	0.62492				2
2024.08.29	02:24:58.934	0.62491				2
2024.08.29	02:25:00.607	0.62491	0.62495			6
2024.08.29	02:25:12.119	0.62492				2
2024.08.29	02:25:12.424	0.62491				2
2024.08.29	02:25:14.869	0.62493				2
2024.08.29	02:25:25.736	0.62491	0.62493			6
2024.08.29	02:25:26.045	0.62490				2
2024.08.29	02:25:26.685		0.62492			4
2024.08.29	02:25:30.594	0.62491	0.62493			6
2024.08.29	02:25:34.136	0.62490				2
2024.08.29	02:25:36.311	0.62487	0.62491			6
2024.08.29	02:25:36.620		0.62490			4
2024.08.29	02:25:37.520	0.62488	0.62491			6
2024.08.29	02:25:37.822	0.62489				2
2024.08.29	02:25:41.286	0.62487	0.62488			6
2024.08.29	02:26:00.159	0.62487				2
2024.08.29	02:26:30.864		0.62489			4
2024.08.29	02:26:34.264		0.62490			4
2024.08.29	02:26:34.579	0.62485	0.62486			6
2024.08.29	02:26:38.813		0.62487			4
2024.08.29	02:26:43.266	0.62483	0.62486			6
2024.08.29	02:26:43.589	0.62482	0.62485			6
2024.08.29	02:26:56.829	0.62481				2
2024.08.29	02:26:58.826	0.62480				2
2024.08.29	02:27:00.421	0.62479	0.62483			6
2024.08.29	02:27:00.726	0.62478	0.62481			6
2024.08.29	02:27:04.328	0.62479				2
2024.08.29	02:27:13.296		0.62482			4
2024.08.29	02:27:14.107	0.62478				2
2024.08.29	02:27:14.520	0.62477				2
2024.08.29	02:27:15.869	0.62479				2
2024.08.29	02:27:16.921		0.62481			4
2024.08.29	02:27:17.274		0.62482			4
2024.08.29	02:27:28.005	0.62481	0.62485			6
2024.08.29	02:27:28.789	0.62480				2
2024.08.29	02:27:29.849	0.62482				2
2024.08.29	02:27:32.161	0.62481				2
2024.08.29	02:27:39.713	0.62482				2
2024.08.29	02:27:45.609	0.62481				2
2024.08.29	02:27:48.657	0.62482				2
2024.08.29	02:28:03.680	0.62483				2
2024.08.29	02:28:04.743	0.62482				2
2024.08.29	02:28:07.225	0.62488	0.62489			6
2024.08.29	02:28:09.226		0.62491			4
2024.08.29	02:28:59.038	0.62489				2
2024.08.29	02:28:59.895	0.62488				2
2024.08.29	02:29:00.313	0.62488				2
2024.08.29	02:29:04.517		0.62492			4
2024.08.29	02:29:04.848	0.62489				2
2024.08.29	02:29:07.821	0.62492	0.62496			6
2024.08.29	02:29:10.431		0.62495			4
2024.08.29	02:29:13.732	0.62494				2
2024.08.29	02:29:14.033	0.62492				2
2024.08.29	02:29:16.937		0.62496			4
2024.08.29	02:29:19.226	0.62488	0.62491			6
2024.08.29	02:29:32.616	0.62489				2
2024.08.29	02:29:35.949	0.62487				2
2024.08.29	02:29:36.262		0.62490			4
2024.08.29	02:29:47.082		0.62491			4
2024.08.29	02:29:57.685		0.62489			4
2024.08.29	02:29:57.993		0.62491			4
2024.08.29	02:29:58.794	0.62488				2
2024.08.29	02:30:00.552	0.62488				2
2024.08.29	02:30:05.693	0.62489				2
2024.08.29	02:30:07.448		0.62492			4
2024.08.29	02:30:07.810	0.62488				2
2024.08.29	02:30:22.482	0.62489				2
2024.08.29	02:30:27.335	0.62491	0.62494			6
2024.08.29	02:30:27.643		0.62495			4
2024.08.29	02:30:45.793		0.62494			4
2024.08.29	02:30:48.857		0.62495			4
2024.08.29	02:30:53.783	0.62488	0.62492			6
2024.08.29	02:30:57.491		0.62491			4
2024.08.29	02:31:00.330	0.62488				2
2024.08.29	02:31:07.865		0.62492			4
2024.08.29	02:31:13.544	0.62489				2
2024.08.29	02:31:18.257	0.62490	0.62494			6
2024.08.29	02:31:27.411	0.62491	0.62495			6
2024.08.29	02:31:27.737	0.62492				2
2024.08.29	02:31:32.223	0.62493	0.62497			6
2024.08.29	02:31:51.218	0.62494				2
2024.08.29	02:32:00.066	0.62494				2
2024.08.29	02:32:02.228	0.62495				2
2024.08.29	02:32:07.029	0.62497	0.62500			6
2024.08.29	02:32:07.342	0.62498				2
2024.08.29	02:32:07.886	0.62497				2
2024.08.29	02:32:10.465	0.62498				2
2024.08.29	02:32:29.815	0.62496				2
2024.08.29	02:32:30.662	0.62493	0.62497			6
2024.08.29	02:32:31.001	0.62494				2
2024.08.29	02:32:32.005		0.62496			4
2024.08.29	02:32:32.393		0.62497			4
2024.08.29	02:32:45.996		0.62496			4
2024.08.29	02:32:46.304		0.62497			4
2024.08.29	02:32:48.294	0.62495				2
2024.08.29	02:32:57.693	0.62494				2
2024.08.29	02:33:00.092	0.62494				2
2024.08.29	02:33:22.331	0.62495	0.62498			6
2024.08.29	02:33:45.419		0.62496			4
2024.08.29	02:33:45.717		0.62498			4
2024.08.29	02:33:48.226	0.62492	0.62496			6
2024.08.29	02:33:50.278	0.62493				2
2024.08.29	02:33:54.491	0.62494				2
2024.08.29	02:33:55.744		0.62497			4
2024.08.29	02:34:00.733	0.62494				2
2024.08.29	02:34:21.324	0.62496	0.62500			6
2024.08.29	02:34:25.271	0.62494	0.62496			6
2024.08.29	02:34:52.668		0.62497			4
2024.08.29	02:35:00.279	0.62494				2
2024.08.29	02:35:00.917	0.62495				2
2024.08.29	02:35:06.757		0.62496			4
2024.08.29	02:35:17.911	0.62494				2
2024.08.29	02:35:29.114	0.62495				2
2024.08.29	02:35:39.044	0.62501	0.62502			6
2024.08.29	02:35:39.351	0.62500				2
2024.08.29	02:35:40.356	0.62498	0.62501			6
2024.08.29	02:35:58.814		0.62500			4
2024.08.29	02:36:25.609	0.62497	0.62499			6
2024.08.29	02:36:28.547		0.62500			4
2024.08.29	02:36:39.961	0.62493	0.62496			6
2024.08.29	02:36:43.318	0.62494				2
2024.08.29	02:36:43.621	0.62493				2
2024.08.29	02:37:00.017	0.62493				2
2024.08.29	02:37:28.119		0.62494			4
2024.08.29	02:37:28.429		0.62496			4
2024.08.29	02:37:36.637	0.62492	0.62495			6
2024.08.29	02:37:44.895	0.62493				2
2024.08.29	02:37:49.759	0.62492				2
2024.08.29	02:37:51.343		0.62496			4
2024.08.29	02:37:53.372	0.62493				2
2024.08.29	02:38:00.030	0.62493				2
2024.08.29	02:38:51.656		0.62496			4
2024.08.29	02:38:55.334	0.62495	0.62497			6
2024.08.29	02:39:00.525	0.62495				2
2024.08.29	02:39:03.660	0.62494				2
2024.08.29	02:39:09.950	0.62495				2
2024.08.29	02:39:11.072	0.62494				2
2024.08.29	02:39:16.820	0.62493	0.62496			6
2024.08.29	02:40:00.058	0.62493				2
2024.08.29	02:40:07.019		0.62495			4
2024.08.29	02:40:07.416		0.62496			4
2024.08.29	02:40:55.887	0.62499	0.62501			6
2024.08.29	02:40:56.208	0.62498				2
2024.08.29	02:41:01.450	0.62498				2
2024.08.29	02:41:02.374	0.62499				2
2024.08.29	02:41:05.813	0.62498				2
2024.08.29	02:41:07.291	0.62499				2
2024.08.29	02:41:07.594	0.62498				2
2024.08.29	02:41:12.413	0.62499				2
2024.08.29	02:41:23.707	0.62498				2
2024.08.29	02:41:24.452	0.62499				2
2024.08.29	02:41:32.084		0.62500			4
2024.08.29	02:41:32.393		0.62501			4
2024.08.29	02:41:32.751	0.62500				2
2024.08.29	02:41:34.437	0.62498				2
2024.08.29	02:41:38.501		0.62500			4
2024.08.29	02:41:38.821		0.62501			4
2024.08.29	02:41:44.667	0.62497				2
2024.08.29	02:41:46.939		0.62500			4
2024.08.29	02:41:50.886	0.62493	0.62496			6
2024.08.29	02:41:57.303	0.62492	0.62494			6
2024.08.29	02:41:57.617		0.62495			4
2024.08.29	02:41:58.341		0.62494			4
2024.08.29	02:42:00.313	0.62492				2
2024.08.29	02:42:03.202		0.62495			4
2024.08.29	02:42:09.307	0.62493				2
2024.08.29	02:42:23.715	0.62492				2
2024.08.29	02:42:26.430	0.62493				2
2024.08.29	02:42:31.246	0.62492				2
2024.08.29	02:42:50.253	0.62493				2
2024.08.29	02:42:58.905	0.62497	0.62500			6
2024.08.29	02:42:59.222	0.62494	0.62497			6
2024.08.29	02:42:59.952	0.62496	0.62498			6
2024.08.29	02:43:00.450	0.62494	0.62497			6
2024.08.29	02:43:06.197	0.62496	0.62499			6
2024.08.29	02:43:06.544	0.62497				2
2024.08.29	02:43:11.382	0.62498	0.62501			6
2024.08.29	02:43:13.305	0.62497	0.62500			6
2024.08.29	02:43:14.010	0.62496				2
2024.08.29	02:43:31.829	0.62497				2
2024.08.29	02:43:43.236		0.62501			4
2024.08.29	02:43:54.522	0.62498				2
2024.08.29	02:43:54.827	0.62497				2
2024.08.29	02:44:00.309	0.62497				2
2024.08.29	02:44:23.507	0.62503	0.62506			6
2024.08.29	02:44:37.718	0.62504				2
2024.08.29	02:44:38.491	0.62505				2
2024.08.29	02:44:38.792	0.62504				2
2024.08.29	02:44:50.921	0.62506	0.62507			6
2024.08.29	02:44:51.238	0.62504	0.62506			6
2024.08.29	02:44:51.562	0.62506	0.62507			6
2024.08.29	02:44:51.887	0.62503	0.62506			6
2024.08.29	02:44:52.602	0.62509	0.62511			6
2024.08.29	02:44:52.956	0.62508				2
2024.08.29	02:44:57.967	0.62510				2
2024.08.29	02:44:58.349	0.62508				2
2024.08.29	02:45:00.124	0.62507				2
2024.08.29	02:45:01.821	0.62510	0.62512			6
2024.08.29	02:45:06.033	0.62509				2
2024.08.29	02:45:06.363	0.62508				2
2024.08.29	02:45:06.752	0.62509	0.62511			6
2024.08.29	02:45:08.718		0.62512			4
2024.08.29	02:45:13.609	0.62507	0.62510			6
2024.08.29	02:45:13.921	0.62506	0.62509			6
2024.08.29	02:45:16.732	0.62507	0.62510			6
2024.08.29	02:45:17.106	0.62506				2
2024.08.29	02:45:17.417	0.62507				2
2024.08.29	02:45:18.397	0.62506	0.62509			6
2024.08.29	02:45:19.283	0.62507	0.62510			6
2024.08.29	02:45:20.821		0.62509			4
2024.08.29	02:45:21.215		0.62510			4
2024.08.29	02:45:21.610		0.62508			4
2024.08.29	02:45:22.007	0.62506	0.62510			6
2024.08.29	02:45:33.194	0.62507				2
2024.08.29	02:45:39.366	0.62506				2
2024.08.29	02:45:46.669	0.62503	0.62507			6
2024.08.29	02:45:47.775	0.62504				2
2024.08.29	02:45:50.531	0.62505				2
2024.08.29	02:45:50.868	0.62503	0.62506			6
2024.08.29	02:45:51.906	0.62502				2
2024.08.29	02:45:52.371	0.62503				2
2024.08.29	02:45:53.720		0.62505			4
2024.08.29	02:45:54.026		0.62506			4
2024.08.29	02:46:00.763	0.62503				2
2024.08.29	02:46:10.264	0.62502	0.62505			6
2024.08.29	02:46:10.580		0.62504			4
2024.08.29	02:46:17.748	0.62501				2
2024.08.29	02:46:21.322	0.62497	0.62501			6
2024.08.29	02:46:22.296	0.62496	0.62498			6
2024.08.29	02:46:22.612	0.62497	0.62500			6
2024.08.29	02:46:23.226	0.62499	0.62501			6
2024.08.29	02:46:32.391		0.62502			4
2024.08.29	02:46:39.630	0.62498	0.62501			6
2024.08.29	02:46:57.107		0.62500			4
2024.08.29	02:46:58.441	0.62493	0.62496			6
2024.08.29	02:47:00.094	0.62493				2
2024.08.29	02:47:08.136	0.62489	0.62490			6
2024.08.29	02:47:08.443	0.62487				2
2024.08.29	02:47:09.757	0.62488				2
2024.08.29	02:47:13.181	0.62486				2
2024.08.29	02:47:14.903	0.62487				2
2024.08.29	02:47:15.559	0.62488				2
2024.08.29	02:47:17.242	0.62487				2
2024.08.29	02:47:21.463	0.62488				2
2024.08.29	02:47:21.785	0.62489				2
2024.08.29	02:47:22.410	0.62488				2
2024.08.29	02:47:23.695	0.62491	0.62495			6
2024.08.29	02:47:27.301		0.62494			4
2024.08.29	02:47:30.874	0.62492	0.62495			6
2024.08.29	02:47:34.856	0.62491	0.62494			6
2024.08.29	02:47:38.069	0.62493	0.62495			6
2024.08.29	02:47:39.251	0.62491	0.62494			6
2024.08.29	02:47:47.509	0.62493	0.62495			6
2024.08.29	02:47:54.713		0.62496			4
2024.08.29	02:47:57.972	0.62492				2
2024.08.29	02:47:58.828	0.62488	0.62491			6
2024.08.29	02:48:00.352	0.62488				2
2024.08.29	02:48:01.056	0.62489	0.62492			6
2024.08.29	02:48:04.725	0.62490	0.62493			6
2024.08.29	02:48:24.183	0.62487	0.62491			6
2024.08.29	02:48:26.806	0.62489				2
2024.08.29	02:48:27.409	0.62488				2
2024.08.29	02:48:33.450	0.62489				2
2024.08.29	02:48:47.624		0.62492			4
2024.08.29	02:48:58.815	0.62488	0.62491			6
2024.08.29	02:49:00.902	0.62488				2
2024.08.29	02:49:21.980	0.62487				2
2024.08.29	02:49:33.031	0.62486	0.62489			6
2024.08.29	02:49:33.341	0.62485				2
2024.08.29	02:49:37.915		0.62487			4
2024.08.29	02:49:39.958	0.62487	0.62490			6
2024.08.29	02:49:42.530		0.62488			4
2024.08.29	02:49:42.832		0.62490			4
2024.08.29	02:49:44.864	0.62488				2
2024.08.29	02:49:45.182		0.62491			4
2024.08.29	02:49:48.508	0.62485	0.62489			6
2024.08.29	02:49:59.290		0.62488			4
2024.08.29	02:50:01.415	0.62485	0.62487			6
2024.08.29	02:50:02.348	0.62484				2
2024.08.29	02:50:02.675	0.62483				2
2024.08.29	02:50:03.040		0.62486			4
2024.08.29	02:50:06.735		0.62487			4
2024.08.29	02:50:12.919		0.62486			4
2024.08.29	02:50:58.520		0.62485			4
2024.08.29	02:50:58.824		0.62486			4
2024.08.29	02:51:00.527	0.62483				2
2024.08.29	02:51:02.058	0.62480	0.62483			6
2024.08.29	02:51:02.408		0.62484			4
2024.08.29	02:51:03.086	0.62481	0.62485			6
2024.08.29	02:51:05.600	0.62483				2
2024.08.29	02:51:08.658	0.62484				2
2024.08.29	02:51:09.260	0.62482				2
2024.08.29	02:51:19.041	0.62483				2
2024.08.29	02:51:28.936	0.62482				2
2024.08.29	02:51:31.974	0.62483				2
2024.08.29	02:51:32.848	0.62482				2
2024.08.29	02:51:35.466	0.62483	0.62486			6
2024.08.29	02:51:50.475	0.62482	0.62485			6
2024.08.29	02:51:52.556	0.62483	0.62486			6
2024.08.29	02:51:56.502	0.62482				2
2024.08.29	02:51:58.674	0.62481	0.62484			6
2024.08.29	02:52:00.394	0.62481				2
2024.08.29	02:52:02.887	0.62480				2
2024.08.29	02:52:04.039		0.62482			4
2024.08.29	02:52:04.417		0.62484			4
2024.08.29	02:52:05.397	0.62483	0.62486			6
2024.08.29	02:52:05.705	0.62480	0.62482			6
2024.08.29	02:52:06.022	0.62483	0.62485			6
2024.08.29	02:52:06.326	0.62481	0.62484			6
2024.08.29	02:52:06.877	0.62483	0.62485			6
2024.08.29	02:52:13.456	0.62482				2
2024.08.29	02:52:29.135	0.62483	0.62486			6
2024.08.29	02:52:29.449		0.62487			4
2024.08.29	02:52:29.764	0.62484				2
2024.08.29	02:52:31.297	0.62485				2
2024.08.29	02:52:31.602	0.62484				2
2024.08.29	02:52:33.170	0.62485				2
2024.08.29	02:52:52.906	0.62486				2
2024.08.29	02:53:00.749	0.62488	0.62490			6
2024.08.29	02:53:03.537	0.62489	0.62491			6
2024.08.29	02:53:09.236	0.62490	0.62492			6
2024.08.29	02:53:09.613	0.62492	0.62494			6
2024.08.29	02:53:12.371	0.62493	0.62495			6
2024.08.29	02:53:19.942	0.62492				2
2024.08.29	02:53:20.245	0.62491	0.62493			6
2024.08.29	02:53:24.842	0.62490				2
2024.08.29	02:53:25.314	0.62491	0.62494			6
2024.08.29	02:53:26.880	0.62492				2
2024.08.29	02:53:27.258	0.62491	0.62493			6
2024.08.29	02:53:30.715	0.62492	0.62494			6
2024.08.29	02:53:41.642	0.62493	0.62496			6
2024.08.29	02:53:43.379	0.62491	0.62495			6
2024.08.29	02:53:45.289	0.62493	0.62496			6
2024.08.29	02:53:47.350	0.62492	0.62495			6
2024.08.29	02:53:48.153	0.62491				2
2024.08.29	02:53:50.751	0.62492				2
2024.08.29	02:53:52.318	0.62491				2
2024.08.29	02:53:53.052		0.62494			4
2024.08.29	02:53:56.552	0.62492	0.62495			6
2024.08.29	02:53:56.866	0.62493	0.62496			6
2024.08.29	02:53:57.581	0.62491	0.62494			6
2024.08.29	02:54:00.763	0.62491				2
2024.08.29	02:54:02.047	0.62489	0.62492			6
2024.08.29	02:54:03.105	0.62487	0.62491			6
2024.08.29	02:54:03.423	0.62488	0.62492			6
2024.08.29	02:54:12.361		0.62491			4
2024.08.29	02:54:16.638	0.62487				2
2024.08.29	02:54:22.421		0.62490			4
2024.08.29	02:54:30.601	0.62488	0.62492			6
2024.08.29	02:54:30.903	0.62489	0.62491			6
2024.08.29	02:54:34.643		0.62492			4
2024.08.29	02:54:44.892		0.62491			4
2024.08.29	02:54:46.494	0.62488	0.62492			6
2024.08.29	02:54:50.895		0.62491			4
2024.08.29	02:54:51.365	0.62489	0.62492			6
2024.08.29	02:54:55.683	0.62488				2
2024.08.29	02:54:56.701		0.62491			4
2024.08.29	02:54:57.023	0.62486	0.62489			6
2024.08.29	02:54:58.020		0.62490			4
2024.08.29	02:54:58.410		0.62488			4
2024.08.29	02:54:59.452	0.62482	0.62485			6
2024.08.29	02:55:00.121	0.62483	0.62486			6
2024.08.29	02:55:00.422	0.62481	0.62484			6
2024.08.29	02:55:03.296	0.62482				2
2024.08.29	02:55:07.043		0.62485			4
2024.08.29	02:55:11.841	0.62483	0.62484			6
2024.08.29	02:55:12.145	0.62484	0.62485			6
2024.08.29	02:55:13.446	0.62483				2
2024.08.29	02:55:13.760	0.62482				2
2024.08.29	02:55:20.811		0.62484			4
2024.08.29	02:55:21.150	0.62481				2
2024.08.29	02:55:28.372		0.62485			4
2024.08.29	02:55:29.315		0.62484			4
2024.08.29	02:55:34.164	0.62483	0.62486			6
2024.08.29	02:55:38.325	0.62484	0.62487			6
2024.08.29	02:55:40.347	0.62482				2
2024.08.29	02:55:40.651		0.62485			4
2024.08.29	02:55:43.881	0.62483	0.62486			6
2024.08.29	02:55:44.422	0.62482				2
2024.08.29	02:55:45.081	0.62483				2
2024.08.29	02:55:46.509	0.62482				2
2024.08.29	02:55:47.001	0.62483				2
2024.08.29	02:55:47.341	0.62482				2
2024.08.29	02:55:48.318	0.62483				2
2024.08.29	02:55:48.882	0.62482				2
2024.08.29	02:55:52.080	0.62483				2
2024.08.29	02:55:52.794	0.62484	0.62487			6
2024.08.29	02:55:58.766	0.62483	0.62486			6
2024.08.29	02:56:00.358	0.62483				2
2024.08.29	02:56:09.995	0.62482				2
2024.08.29	02:56:12.128	0.62483				2
2024.08.29	02:56:19.021	0.62484				2
2024.08.29	02:56:21.389	0.62483				2
2024.08.29	02:56:22.801	0.62482	0.62485			6
2024.08.29	02:56:23.117	0.62483				2
2024.08.29	02:56:24.804	0.62478	0.62481			6
2024.08.29	02:56:25.143	0.62479				2
2024.08.29	02:56:26.343	0.62478				2
2024.08.29	02:56:26.662	0.62476	0.62479			6
2024.08.29	02:56:27.506	0.62480	0.62481			6
2024.08.29	02:56:30.716		0.62482			4
2024.08.29	02:56:40.153	0.62481				2
2024.08.29	02:56:40.548		0.62483			4
2024.08.29	02:56:43.530	0.62480				2
2024.08.29	02:56:44.936		0.62481			4
2024.08.29	02:57:00.466	0.62480				2
2024.08.29	02:57:01.331	0.62478	0.62479			6
2024.08.29	02:57:01.963	0.62479	0.62480			6
2024.08.29	02:57:06.828	0.62478				2
2024.08.29	02:57:08.509	0.62476	0.62477			6
2024.08.29	02:57:08.826	0.62477	0.62478			6
2024.08.29	02:57:16.455	0.62476	0.62477			6
2024.08.29	02:57:17.071	0.62475				2
2024.08.29	02:57:19.039		0.62478			4
2024.08.29	02:57:21.245	0.62476				2
2024.08.29	02:57:21.755	0.62478	0.62480			6
2024.08.29	02:57:22.484	0.62477				2
2024.08.29	02:57:24.138	0.62478				2
2024.08.29	02:57:34.091	0.62474	0.62477			6
2024.08.29	02:57:35.619	0.62473	0.62475			6
2024.08.29	02:57:41.819	0.62469	0.62472			6
2024.08.29	02:57:42.551	0.62470				2
2024.08.29	02:57:47.522	0.62468	0.62471			6
2024.08.29	02:57:50.065		0.62470			4
2024.08.29	02:57:58.107		0.62471			4
2024.08.29	02:57:59.148	0.62469				2
2024.08.29	02:58:00.325	0.62469				2
2024.08.29	02:58:00.715	0.62465	0.62467			6
2024.08.29	02:58:01.024	0.62464				2
2024.08.29	02:58:02.186	0.62466	0.62469			6
2024.08.29	02:58:02.490		0.62470			4
2024.08.29	02:58:02.870	0.62467				2
2024.08.29	02:58:03.673	0.62468				2
2024.08.29	02:58:03.977		0.62471			4
2024.08.29	02:58:09.193	0.62469				2
2024.08.29	02:58:11.763	0.62468				2
2024.08.29	02:58:19.405	0.62466	0.62467			6
2024.08.29	02:58:19.719	0.62465				2
2024.08.29	02:58:28.948	0.62463	0.62465			6
2024.08.29	02:58:29.297	0.62462				2
2024.08.29	02:58:32.217	0.62461	0.62463			6
2024.08.29	02:58:35.171	0.62456	0.62459			6
2024.08.29	02:58:35.488	0.62458	0.62461			6
2024.08.29	02:58:41.495	0.62457				2
2024.08.29	02:58:42.155		0.62460			4
2024.08.29	02:58:43.192	0.62458	0.62461			6
2024.08.29	02:58:53.224	0.62459				2
2024.08.29	02:58:56.988	0.62460				2
2024.08.29	02:58:59.705	0.62457	0.62460			6
2024.08.29	02:59:00.021	0.62457				2
2024.08.29	02:59:01.493	0.62459	0.62462			6
2024.08.29	02:59:07.900	0.62460				2
2024.08.29	02:59:10.124	0.62461	0.62464			6
2024.08.29	02:59:14.496	0.62460				2
2024.08.29	02:59:14.871	0.62459	0.62463			6
2024.08.29	02:59:24.370		0.62462			4
2024.08.29	02:59:26.385		0.62463			4
2024.08.29	02:59:29.688		0.62462			4
2024.08.29	02:59:30.914	0.62460	0.62463			6
2024.08.29	02:59:36.374	0.62463	0.62465			6
2024.08.29	02:59:36.721	0.62464				2
2024.08.29	02:59:37.068	0.62463				2
2024.08.29	02:59:45.715		0.62467			4
2024.08.29	02:59:49.976	0.62467	0.62470			6
2024.08.29	02:59:50.314	0.62468				2
2024.08.29	02:59:51.023	0.62469				2
2024.08.29	02:59:51.341	0.62468	0.62471			6
2024.08.29	03:00:00.163	0.62468				2
2024.08.29	03:00:00.505	0.62469	0.62472			6
2024.08.29	03:00:00.964	0.62468	0.62471			6
2024.08.29	03:00:01.267	0.62467	0.62470			6
2024.08.29	03:00:01.579	0.62468				2
2024.08.29	03:00:02.708		0.62471			4
2024.08.29	03:00:03.053	0.62469				2
2024.08.29	03:00:03.364	0.62468				2
2024.08.29	03:00:05.164	0.62469				2
2024.08.29	03:00:05.483		0.62472			4
2024.08.29	03:00:05.788	0.62470				2
2024.08.29	03:00:06.129	0.62469				2
2024.08.29	03:00:06.665	0.62468	0.62471			6
2024.08.29	03:00:09.034		0.62470			4
2024.08.29	03:00:09.345		0.62471			4
2024.08.29	03:00:09.651	0.62469	0.62472			6
2024.08.29	03:00:10.667	0.62470				2
2024.08.29	03:00:11.708	0.62469				2
2024.08.29	03:00:12.464	0.62470				2
2024.08.29	03:00:13.113	0.62469				2
2024.08.29	03:00:13.724	0.62470				2
2024.08.29	03:00:15.381	0.62471				2
2024.08.29	03:00:15.761	0.62470				2
2024.08.29	03:00:17.683	0.62469				2
2024.08.29	03:00:17.987	0.62470				2
2024.08.29	03:00:18.307	0.62469				2
2024.08.29	03:00:23.337	0.62473	0.62474			6
2024.08.29	03:00:23.643	0.62478	0.62481			6
2024.08.29	03:00:25.984	0.62477	0.62480			6
2024.08.29	03:00:27.221		0.62479			4
2024.08.29	03:00:27.975	0.62476				2
2024.08.29	03:00:28.287	0.62479	0.62481			6
2024.08.29	03:00:29.854	0.62480	0.62482			6
2024.08.29	03:00:30.514	0.62478	0.62481			6
2024.08.29	03:00:31.119	0.62477	0.62480			6
2024.08.29	03:00:31.789	0.62479	0.62482			6
2024.08.29	03:00:32.445		0.62480			4
2024.08.29	03:00:35.309	0.62484	0.62485			6
2024.08.29	03:00:36.877	0.62485	0.62486			6
2024.08.29	03:00:37.556	0.62482				2
2024.08.29	03:00:37.925		0.62485			4
2024.08.29	03:00:41.078	0.62483				2
2024.08.29	03:00:41.390		0.62486			4
2024.08.29	03:00:44.922	0.62481	0.62485			6
2024.08.29	03:00:46.252	0.62480				2
2024.08.29	03:00:47.249	0.62481				2
2024.08.29	03:00:47.553	0.62480				2
2024.08.29	03:00:48.342	0.62481				2
2024.08.29	03:00:49.753	0.62477	0.62480			6
2024.08.29	03:00:50.062	0.62475	0.62479			6
2024.08.29	03:00:50.699		0.62478			4
2024.08.29	03:00:51.956		0.62479			4
2024.08.29	03:00:52.267		0.62478			4
2024.08.29	03:00:52.628		0.62479			4
2024.08.29	03:00:52.972		0.62478			4
2024.08.29	03:00:53.274		0.62479			4
2024.08.29	03:00:53.628		0.62478			4
2024.08.29	03:00:54.035		0.62479			4
2024.08.29	03:00:54.353		0.62478			4
2024.08.29	03:00:54.695		0.62479			4
2024.08.29	03:00:55.153		0.62478			4
2024.08.29	03:00:55.456	0.62477	0.62479			6
2024.08.29	03:00:55.760		0.62480			4
2024.08.29	03:00:56.507	0.62480	0.62481			6
2024.08.29	03:00:56.828	0.62477	0.62480			6
2024.08.29	03:00:57.174	0.62476				2
2024.08.29	03:00:57.488	0.62475	0.62478			6
2024.08.29	03:00:58.396	0.62476	0.62479			6
2024.08.29	03:00:59.076		0.62480			4
2024.08.29	03:00:59.538	0.62475				2
2024.08.29	03:01:00.169	0.62475				2
2024.08.29	03:01:00.483	0.62476				2
2024.08.29	03:01:00.786	0.62475				2
2024.08.29	03:01:01.115	0.62476				2
2024.08.29	03:01:03.538	0.62480	0.62485			6
2024.08.29	03:01:03.847	0.62481				2
2024.08.29	03:01:04.833	0.62482	0.62486			6
2024.08.29	03:01:05.143	0.62483				2
2024.08.29	03:01:06.798		0.62487			4
2024.08.29	03:01:07.112		0.62486			4
2024.08.29	03:01:07.925	0.62482				2
2024.08.29	03:01:08.291	0.62483				2
2024.08.29	03:01:08.915	0.62484				2
2024.08.29	03:01:10.234	0.62483				2
2024.08.29	03:01:16.784	0.62488	0.62491			6
2024.08.29	03:01:17.856	0.62487	0.62490			6
2024.08.29	03:01:25.402	0.62489	0.62492			6
2024.08.29	03:01:26.966	0.62490				2
2024.08.29	03:01:28.230	0.62492	0.62495			6
2024.08.29	03:01:28.543	0.62498	0.62501			6
2024.08.29	03:01:28.852	0.62499				2
2024.08.29	03:01:29.517	0.62500	0.62502			6
2024.08.29	03:01:29.823		0.62503			4
2024.08.29	03:01:30.133	0.62499	0.62502			6
2024.08.29	03:01:30.765	0.62500				2
2024.08.29	03:01:32.789	0.62501	0.62503			6
2024.08.29	03:01:33.093	0.62502	0.62505			6
2024.08.29	03:01:33.821	0.62501	0.62504			6
2024.08.29	03:01:34.425	0.62503	0.62505			6
2024.08.29	03:01:34.761		0.62506			4
2024.08.29	03:01:39.196		0.62505			4
2024.08.29	03:01:39.515	0.62502				2
2024.08.29	03:01:39.920	0.62503	0.62506			6
2024.08.29	03:01:43.784		0.62505			4
2024.08.29	03:01:45.766	0.62502				2
2024.08.29	03:01:46.436	0.62504	0.62506			6
2024.08.29	03:01:46.764	0.62503				2
2024.08.29	03:01:49.539	0.62504				2
2024.08.29	03:01:50.127	0.62503				2
2024.08.29	03:01:50.430	0.62504				2
2024.08.29	03:01:50.821	0.62503				2
2024.08.29	03:01:51.125	0.62502	0.62505			6
2024.08.29	03:01:52.141	0.62503				2
2024.08.29	03:01:52.456		0.62506			4
2024.08.29	03:01:55.226	0.62505	0.62508			6
2024.08.29	03:01:56.934	0.62509	0.62510			6
2024.08.29	03:01:57.257	0.62508	0.62511			6
2024.08.29	03:01:58.719	0.62509				2
2024.08.29	03:01:59.023	0.62508				2
2024.08.29	03:02:00.283	0.62508				2
2024.08.29	03:02:00.805		0.62510			4
2024.08.29	03:02:01.442	0.62509				2
2024.08.29	03:02:01.752	0.62510	0.62511			6
2024.08.29	03:02:02.832	0.62512	0.62514			6
2024.08.29	03:02:03.300	0.62511	0.62513			6
2024.08.29	03:02:03.761	0.62509	0.62512			6
2024.08.29	03:02:04.612		0.62511			4
2024.08.29	03:02:05.107	0.62508	0.62510			6
2024.08.29	03:02:05.425	0.62510	0.62511			6
2024.08.29	03:02:06.265	0.62509	0.62510			6
2024.08.29	03:02:07.956		0.62511			4
2024.08.29	03:02:08.383		0.62510			4
2024.08.29	03:02:08.800	0.62510	0.62511			6
2024.08.29	03:02:10.195	0.62509				2
2024.08.29	03:02:10.499		0.62510			4
2024.08.29	03:02:11.455	0.62508				2
2024.08.29	03:02:13.322	0.62509				2
2024.08.29	03:02:14.445	0.62507				2
2024.08.29	03:02:15.547		0.62509			4
2024.08.29	03:02:15.865	0.62505	0.62508			6
2024.08.29	03:02:16.181	0.62507	0.62510			6
2024.08.29	03:02:17.469	0.62508				2
2024.08.29	03:02:18.264	0.62507				2
2024.08.29	03:02:18.578		0.62509			4
2024.08.29	03:02:21.144	0.62505	0.62508			6
2024.08.29	03:02:22.267	0.62506	0.62509			6
2024.08.29	03:02:22.646	0.62507	0.62510			6
2024.08.29	03:02:22.951	0.62506	0.62509			6
2024.08.29	03:02:23.618	0.62507				2
2024.08.29	03:02:24.203		0.62510			4
2024.08.29	03:02:25.032	0.62506	0.62509			6
2024.08.29	03:02:25.343	0.62503	0.62506			6
2024.08.29	03:02:26.045	0.62504				2
2024.08.29	03:02:26.444		0.62507			4
2024.08.29	03:02:26.769		0.62506			4
2024.08.29	03:02:27.801	0.62507	0.62508			6
2024.08.29	03:02:28.103	0.62509	0.62510			6
2024.08.29	03:02:28.407	0.62508				2
2024.08.29	03:02:28.800		0.62511			4
2024.08.29	03:02:29.101	0.62509	0.62512			6
2024.08.29	03:02:29.746	0.62510				2
2024.08.29	03:02:30.137	0.62509				2
2024.08.29	03:02:31.656	0.62508	0.62510			6
2024.08.29	03:02:32.401	0.62509	0.62511			6
2024.08.29	03:02:32.702		0.62510			4
2024.08.29	03:02:33.259		0.62511			4
2024.08.29	03:02:33.564		0.62510			4
2024.08.29	03:02:33.877		0.62511			4
2024.08.29	03:02:34.276		0.62510			4
2024.08.29	03:02:34.675	0.62508	0.62511			6
2024.08.29	03:02:38.936		0.62510			4
2024.08.29	03:02:41.883	0.62506	0.62509			6
2024.08.29	03:02:42.832	0.62505	0.62508			6
2024.08.29	03:02:43.371	0.62506	0.62509			6
2024.08.29	03:02:44.052		0.62510			4
2024.08.29	03:02:44.407		0.62509			4
2024.08.29	03:02:49.470	0.62507				2
2024.08.29	03:02:50.053		0.62510			4
2024.08.29	03:02:52.224	0.62506				2
2024.08.29	03:02:52.588		0.62509			4
2024.08.29	03:02:54.715	0.62503	0.62506			6
2024.08.29	03:02:55.025	0.62502	0.62507			6
2024.08.29	03:02:55.347	0.62503				2
2024.08.29	03:02:57.860	0.62502	0.62505			6
2024.08.29	03:02:59.445	0.62501				2
2024.08.29	03:03:00.106	0.62501				2
2024.08.29	03:03:00.484		0.62504			4
2024.08.29	03:03:00.787	0.62502	0.62505			6
2024.08.29	03:03:01.985		0.62506			4
2024.08.29	03:03:02.951	0.62503				2
2024.08.29	03:03:03.403	0.62499	0.62502			6
2024.08.29	03:03:06.826	0.62497	0.62500			6
2024.08.29	03:03:07.139	0.62499	0.62502			6
2024.08.29	03:03:09.565	0.62501				2
2024.08.29	03:03:09.941	0.62500				2
2024.08.29	03:03:10.341	0.62499	0.62503			6
2024.08.29	03:03:13.701	0.62504	0.62505			6
2024.08.29	03:03:14.005	0.62505	0.62508			6
2024.08.29	03:03:20.027	0.62508	0.62511			6
2024.08.29	03:03:20.347	0.62506	0.62510			6
2024.08.29	03:03:20.889	0.62508				2
2024.08.29	03:03:21.209	0.62506				2
2024.08.29	03:03:21.843	0.62507				2
2024.08.29	03:03:22.676	0.62508	0.62511			6
2024.08.29	03:03:22.983	0.62509				2
2024.08.29	03:03:24.166	0.62508				2
2024.08.29	03:03:28.359	0.62509				2
2024.08.29	03:03:29.050	0.62508				2
2024.08.29	03:03:30.135		0.62512			4
2024.08.29	03:03:30.788		0.62511			4
2024.08.29	03:03:31.410	0.62506	0.62509			6
2024.08.29	03:03:32.818	0.62508	0.62510			6
2024.08.29	03:03:35.050	0.62507				2
2024.08.29	03:03:35.863	0.62506	0.62509			6
2024.08.29	03:03:36.243		0.62510			4
2024.08.29	03:03:36.555		0.62509			4
2024.08.29	03:03:37.703		0.62510			4
2024.08.29	03:03:38.033	0.62507				2
2024.08.29	03:03:38.503	0.62506	0.62509			6
2024.08.29	03:03:39.316	0.62507	0.62510			6
2024.08.29	03:03:39.622	0.62506				2
2024.08.29	03:03:40.344	0.62507				2
2024.08.29	03:03:41.001	0.62509				2
2024.08.29	03:03:41.302		0.62511			4
2024.08.29	03:03:43.395	0.62506	0.62510			6
2024.08.29	03:03:43.725	0.62507				2
2024.08.29	03:03:44.833	0.62506	0.62509			6
2024.08.29	03:03:45.525		0.62507			4
2024.08.29	03:03:46.017		0.62509			4
2024.08.29	03:03:48.161	0.62507	0.62510			6
2024.08.29	03:03:48.504	0.62508	0.62511			6
2024.08.29	03:03:49.020		0.62510			4
2024.08.29	03:03:49.467	0.62507				2
2024.08.29	03:03:50.787		0.62509			4
2024.08.29	03:03:51.187		0.62510			4
2024.08.29	03:03:55.311	0.62506	0.62509			6
2024.08.29	03:03:56.663	0.62502	0.62505			6
2024.08.29	03:03:56.966	0.62501	0.62504			6
2024.08.29	03:03:58.473		0.62505			4
2024.08.29	03:03:59.623	0.62502				2
2024.08.29	03:03:59.928	0.62503	0.62506			6
2024.08.29	03:04:00.447	0.62501	0.62505			6
2024.08.29	03:04:00.861	0.62502				2
2024.08.29	03:04:01.250	0.62501	0.62503			6
2024.08.29	03:04:01.562	0.62500				2
2024.08.29	03:04:02.492		0.62504			4
2024.08.29	03:04:04.351		0.62503			4
2024.08.29	03:04:04.664	0.62499	0.62502			6
2024.08.29	03:04:06.347		0.62503			4
2024.08.29	03:04:06.665	0.62500				2
2024.08.29	03:04:08.336	0.62499	0.62502			6
2024.08.29	03:04:08.976	0.62500				2
2024.08.29	03:04:10.285	0.62499				2
2024.08.29	03:04:10.605	0.62500				2
2024.08.29	03:04:14.004	0.62498	0.62503			6
2024.08.29	03:04:14.572	0.62500	0.62504			6
2024.08.29	03:04:15.580	0.62503	0.62506			6
2024.08.29	03:04:16.705	0.62504	0.62507			6
2024.08.29	03:04:17.158	0.62505				2
2024.08.29	03:04:19.770	0.62504				2
2024.08.29	03:04:20.081		0.62506			4
2024.08.29	03:04:21.466	0.62503				2
2024.08.29	03:04:22.132	0.62502	0.62504			6
2024.08.29	03:04:22.489	0.62500	0.62502			6
2024.08.29	03:04:24.461		0.62504			4
2024.08.29	03:04:25.978	0.62499	0.62503			6
2024.08.29	03:04:27.424		0.62504			4
2024.08.29	03:04:29.621		0.62503			4
2024.08.29	03:04:29.929		0.62504			4
2024.08.29	03:04:30.409		0.62503			4
2024.08.29	03:04:35.557		0.62502			4
2024.08.29	03:04:36.557	0.62498				2
2024.08.29	03:04:47.712	0.62496	0.62500			6
2024.08.29	03:04:48.381	0.62497	0.62501			6
2024.08.29	03:04:51.577	0.62496	0.62500			6
2024.08.29	03:04:51.891	0.62494	0.62497			6
2024.08.29	03:04:52.211		0.62498			4
2024.08.29	03:04:53.763	0.62495				2
2024.08.29	03:04:54.187	0.62494	0.62497			6
2024.08.29	03:04:54.489	0.62495				2
2024.08.29	03:04:54.835	0.62494				2
2024.08.29	03:04:55.250	0.62496	0.62498			6
2024.08.29	03:04:55.571		0.62499			4
2024.08.29	03:04:55.872		0.62497			4
2024.08.29	03:04:56.187		0.62498			4
2024.08.29	03:04:56.906		0.62499			4
2024.08.29	03:04:57.267	0.62497	0.62500			6
2024.08.29	03:04:57.577	0.62496	0.62499			6
2024.08.29	03:04:58.194		0.62498			4
2024.08.29	03:04:59.722		0.62499			4
2024.08.29	03:05:00.071	0.62496				2
2024.08.29	03:05:00.457		0.62498			4
2024.08.29	03:05:00.762		0.62499			4
2024.08.29	03:05:01.795		0.62500			4
2024.08.29	03:05:02.102	0.62498				2
2024.08.29	03:05:02.413		0.62501			4
2024.08.29	03:05:02.722	0.62497	0.62500			6
2024.08.29	03:05:03.587		0.62501			4
2024.08.29	03:05:03.913	0.62501	0.62503			6
2024.08.29	03:05:04.226	0.62500				2
2024.08.29	03:05:04.918	0.62499				2
2024.08.29	03:05:05.570	0.62500				2
2024.08.29	03:05:07.597	0.62499				2
2024.08.29	03:05:08.099		0.62502			4
2024.08.29	03:05:08.448	0.62498	0.62501			6
2024.08.29	03:05:09.503	0.62499	0.62502			6
2024.08.29	03:05:10.804	0.62501				2
2024.08.29	03:05:11.111		0.62503			4
2024.08.29	03:05:11.551		0.62502			4
2024.08.29	03:05:11.903	0.62500				2
2024.08.29	03:05:12.235		0.62503			4
2024.08.29	03:05:16.132	0.62499	0.62502			6
2024.08.29	03:05:16.457		0.62501			4
2024.08.29	03:05:16.798		0.62500			4
2024.08.29	03:05:17.387		0.62501			4
2024.08.29	03:05:18.412		0.62500			4
2024.08.29	03:05:19.799		0.62502			4
2024.08.29	03:05:20.121		0.62503			4
2024.08.29	03:05:20.430		0.62502			4
2024.08.29	03:05:21.350	0.62500	0.62503			6
2024.08.29	03:05:21.663	0.62499	0.62502			6
2024.08.29	03:05:24.652		0.62503			4
2024.08.29	03:05:24.961		0.62502			4
2024.08.29	03:05:27.323	0.62500				2
2024.08.29	03:05:27.626	0.62499				2
2024.08.29	03:05:30.823		0.62503			4
2024.08.29	03:05:31.581		0.62502			4
2024.08.29	03:05:33.296		0.62503			4
2024.08.29	03:05:35.720		0.62502			4
2024.08.29	03:05:36.762		0.62503			4
2024.08.29	03:05:37.071		0.62502			4
2024.08.29	03:05:38.332	0.62496	0.62497			6
2024.08.29	03:05:38.642	0.62495				2
2024.08.29	03:05:38.949		0.62498			4
2024.08.29	03:05:45.729	0.62497	0.62499			6
2024.08.29	03:05:46.042		0.62500			4
2024.08.29	03:05:46.714	0.62494	0.62496			6
2024.08.29	03:05:47.132		0.62497			4
2024.08.29	03:05:47.435		0.62496			4
2024.08.29	03:05:48.200		0.62497			4
2024.08.29	03:05:48.929		0.62496			4
2024.08.29	03:05:49.621		0.62497			4
2024.08.29	03:05:49.954		0.62498			4
2024.08.29	03:05:50.398		0.62496			4
2024.08.29	03:05:50.733		0.62497			4
2024.08.29	03:05:51.313		0.62498			4
2024.08.29	03:05:53.397	0.62496	0.62499			6
2024.08.29	03:05:54.009		0.62500			4
2024.08.29	03:05:56.674	0.62497				2
2024.08.29	03:06:00.538	0.62498	0.62501			6
2024.08.29	03:06:00.848	0.62497	0.62500			6
2024.08.29	03:06:02.323	0.62498	0.62501			6
2024.08.29	03:06:02.730	0.62497	0.62500			6
2024.08.29	03:06:06.923	0.62498	0.62501			6
2024.08.29	03:06:08.333		0.62500			4
2024.08.29	03:06:08.643		0.62501			4
2024.08.29	03:06:09.249	0.62497	0.62500			6
2024.08.29	03:06:09.564	0.62498	0.62501			6
2024.08.29	03:06:15.602	0.62499	0.62502			6
2024.08.29	03:06:17.648		0.62503			4
2024.08.29	03:06:17.954		0.62502			4
2024.08.29	03:06:20.107		0.62501			4
2024.08.29	03:06:21.178		0.62502			4
2024.08.29	03:06:22.174		0.62503			4
2024.08.29	03:06:22.532		0.62502			4
2024.08.29	03:06:24.197		0.62501			4
2024.08.29	03:06:24.503		0.62502			4
2024.08.29	03:06:25.570		0.62503			4
2024.08.29	03:06:26.284	0.62498	0.62501			6
2024.08.29	03:06:27.390		0.62500			4
2024.08.29	03:06:27.744		0.62501			4
2024.08.29	03:06:28.870	0.62499	0.62502			6
2024.08.29	03:06:30.547	0.62498	0.62501			6
2024.08.29	03:06:32.356	0.62497	0.62500			6
2024.08.29	03:06:35.563	0.62496	0.62499			6
2024.08.29	03:06:38.179	0.62493	0.62496			6
2024.08.29	03:06:38.509		0.62495			4
2024.08.29	03:06:41.002		0.62496			4
2024.08.29	03:06:41.919	0.62494	0.62497			6
2024.08.29	03:06:45.794		0.62498			4
2024.08.29	03:06:46.855	0.62495	0.62499			6
2024.08.29	03:06:49.565		0.62498			4
2024.08.29	03:06:49.898		0.62499			4
2024.08.29	03:06:51.358	0.62496	0.62500			6
2024.08.29	03:06:51.681		0.62499			4
2024.08.29	03:06:52.070		0.62500			4
2024.08.29	03:06:55.201		0.62499			4
2024.08.29	03:06:55.831	0.62498	0.62501			6
2024.08.29	03:06:56.841	0.62497	0.62500			6
2024.08.29	03:06:57.786	0.62498	0.62501			6
2024.08.29	03:06:59.475	0.62497				2
2024.08.29	03:06:59.807		0.62500			4
2024.08.29	03:07:00.122	0.62497	0.62501			6
2024.08.29	03:07:01.048	0.62498				2
2024.08.29	03:07:01.740		0.62502			4
2024.08.29	03:07:05.529	0.62499				2
2024.08.29	03:07:08.811		0.62501			4
2024.08.29	03:07:09.181		0.62502			4
2024.08.29	03:07:10.252	0.62498				2
2024.08.29	03:07:10.603	0.62499				2
2024.08.29	03:07:12.388		0.62503			4
2024.08.29	03:07:12.970	0.62500	0.62504			6
2024.08.29	03:07:16.913	0.62501				2
2024.08.29	03:07:17.597	0.62503	0.62507			6
2024.08.29	03:07:19.320	0.62504				2
2024.08.29	03:07:19.993		0.62508			4
2024.08.29	03:07:21.762	0.62503	0.62507			6
2024.08.29	03:07:23.705		0.62506			4
2024.08.29	03:07:29.031	0.62502				2
2024.08.29	03:07:29.335	0.62503				2
2024.08.29	03:07:32.496		0.62507			4
