<DATE>	<TIME>	<BID>	<ASK>	<LAST>	<VOLUME>	<FLAGS>
2024.11.05	00:00:00.422	0.59700	0.59759			6
2024.11.05	00:00:00.806	0.59711	0.59882			6
2024.11.05	00:01:01.583	0.59709	0.59880			6
2024.11.05	00:01:10.506	0.59710	0.59881			6
2024.11.05	00:01:15.432	0.59713	0.59884			6
2024.11.05	00:01:56.445	0.59715	0.59886			6
2024.11.05	00:02:43.018	0.59715				2
2024.11.05	00:02:44.022	0.59729				2
2024.11.05	00:02:51.443		0.59882			4
2024.11.05	00:03:11.112	0.59729				2
2024.11.05	00:03:46.430		0.59888			4
2024.11.05	00:04:00.977	0.59729				2
2024.11.05	00:04:48.312		0.59888			4
2024.11.05	00:05:00.637	0.59729				2
2024.11.05	00:05:36.427	0.59764				2
2024.11.05	00:05:47.235		0.59907			4
2024.11.05	00:06:00.944	0.59764				2
2024.11.05	00:06:03.958		0.59888			4
2024.11.05	00:06:37.603	0.59762				2
2024.11.05	00:06:38.563		0.59887			4
2024.11.05	00:06:58.411		0.59888			4
2024.11.05	00:06:59.946	0.59729				2
2024.11.05	00:07:00.478	0.59729				2
2024.11.05	00:07:03.295		0.59843			4
2024.11.05	00:07:07.323		0.59801			4
2024.11.05	00:07:08.337		0.59805			4
2024.11.05	00:07:09.400		0.59798			4
2024.11.05	00:07:17.487		0.59796			4
2024.11.05	00:07:23.612	0.59720	0.59794			6
2024.11.05	00:07:45.752		0.59793			4
2024.11.05	00:07:46.081		0.59794			4
2024.11.05	00:07:46.952		0.59793			4
2024.11.05	00:07:50.446		0.59788			4
2024.11.05	00:07:52.877		0.59786			4
2024.11.05	00:07:58.711		0.59783			4
2024.11.05	00:08:00.938	0.59720				2
2024.11.05	00:08:38.715		0.59781			4
2024.11.05	00:08:40.930		0.59780			4
2024.11.05	00:08:46.725		0.59778			4
2024.11.05	00:08:47.111		0.59779			4
2024.11.05	00:08:57.321		0.59781			4
2024.11.05	00:09:00.962	0.59720				2
2024.11.05	00:09:07.406		0.59784			4
2024.11.05	00:09:17.728		0.59778			4
2024.11.05	00:09:27.950		0.59771			4
2024.11.05	00:09:38.159		0.59776			4
2024.11.05	00:09:39.192		0.59775			4
2024.11.05	00:09:48.359		0.59777			4
2024.11.05	00:09:58.570		0.59772			4
2024.11.05	00:10:00.310	0.59720				2
2024.11.05	00:10:01.932		0.59785			4
2024.11.05	00:10:31.661		0.59784			4
2024.11.05	00:10:46.459		0.59783			4
2024.11.05	00:11:09.806	0.59720	0.59782			6
2024.11.05	00:11:28.670		0.59781			4
2024.11.05	00:11:59.594		0.59780			4
2024.11.05	00:12:08.751	0.59720	0.59779			6
2024.11.05	00:12:10.391		0.59780			4
2024.11.05	00:12:22.126		0.59779			4
2024.11.05	00:12:34.101		0.59778			4
2024.11.05	00:12:49.361		0.59777			4
2024.11.05	00:13:01.431	0.59720				2
2024.11.05	00:13:37.970		0.59776			4
2024.11.05	00:13:42.771		0.59775			4
2024.11.05	00:13:53.015		0.59774			4
2024.11.05	00:13:56.429		0.59775			4
2024.11.05	00:14:16.115	0.59720				2
2024.11.05	00:14:23.625		0.59774			4
2024.11.05	00:14:44.049	0.59721	0.59775			6
2024.11.05	00:14:51.525		0.59774			4
2024.11.05	00:15:00.280	0.59720				2
2024.11.05	00:15:02.363		0.59773			4
2024.11.05	00:15:41.115	0.59719	0.59772			6
2024.11.05	00:15:41.614	0.59715				2
2024.11.05	00:15:50.396		0.59770			4
2024.11.05	00:15:55.529	0.59714	0.59772			6
2024.11.05	00:15:55.994	0.59717				2
2024.11.05	00:16:01.137	0.59717				2
2024.11.05	00:16:05.760	0.59715				2
2024.11.05	00:16:08.054	0.59716				2
2024.11.05	00:16:09.221	0.59715				2
2024.11.05	00:16:11.582		0.59771			4
2024.11.05	00:16:35.613	0.59716				2
2024.11.05	00:17:01.137	0.59716				2
2024.11.05	00:17:20.612		0.59771			4
2024.11.05	00:17:57.580	0.59715				2
2024.11.05	00:17:59.564	0.59716				2
2024.11.05	00:18:01.072	0.59716				2
2024.11.05	00:18:08.864	0.59715	0.59769			6
2024.11.05	00:18:15.976		0.59767			4
2024.11.05	00:18:51.611	0.59725	0.59758			6
2024.11.05	00:18:52.790	0.59713				2
2024.11.05	00:18:53.325	0.59725				2
2024.11.05	00:19:00.078	0.59725				2
2024.11.05	00:19:02.015		0.59754			4
2024.11.05	00:19:08.749		0.59753			4
2024.11.05	00:19:09.264		0.59756			4
2024.11.05	00:19:09.581		0.59753			4
2024.11.05	00:19:43.573		0.59752			4
2024.11.05	00:20:03.885	0.59725	0.59753			6
2024.11.05	00:21:02.405	0.59725				2
2024.11.05	00:21:09.289		0.59753			4
2024.11.05	00:21:23.114		0.59751			4
2024.11.05	00:21:52.401		0.59747			4
2024.11.05	00:22:02.396	0.59725				2
2024.11.05	00:22:09.330		0.59746			4
2024.11.05	00:22:34.758		0.59754			4
2024.11.05	00:22:36.878		0.59753			4
2024.11.05	00:22:38.481		0.59754			4
2024.11.05	00:22:40.209		0.59756			4
2024.11.05	00:23:04.411	0.59725	0.59751			6
2024.11.05	00:24:00.390	0.59725				2
2024.11.05	00:24:04.412		0.59751			4
2024.11.05	00:24:50.937		0.59750			4
2024.11.05	00:25:02.307	0.59725				2
2024.11.05	00:25:58.049		0.59750			4
2024.11.05	00:26:00.938	0.59725				2
2024.11.05	00:26:50.800		0.59739			4
2024.11.05	00:27:00.928	0.59725				2
2024.11.05	00:27:30.974		0.59740			4
2024.11.05	00:27:35.974		0.59743			4
2024.11.05	00:27:40.986		0.59748			4
2024.11.05	00:28:00.647	0.59725				2
2024.11.05	00:28:45.478		0.59748			4
2024.11.05	00:29:00.728	0.59725				2
2024.11.05	00:29:41.341	0.59710				2
2024.11.05	00:29:46.413		0.59748			4
2024.11.05	00:29:47.604		0.59747			4
2024.11.05	00:30:00.214	0.59710				2
2024.11.05	00:30:34.451	0.59711				2
2024.11.05	00:30:37.388	0.59713				2
2024.11.05	00:30:42.820	0.59714				2
2024.11.05	00:30:49.719		0.59747			4
2024.11.05	00:30:56.611	0.59715				2
2024.11.05	00:31:00.927	0.59715				2
2024.11.05	00:31:11.076	0.59716				2
2024.11.05	00:31:19.541	0.59715				2
2024.11.05	00:31:20.234	0.59725				2
2024.11.05	00:31:50.199		0.59747			4
2024.11.05	00:32:00.936	0.59725				2
2024.11.05	00:32:52.156		0.59747			4
2024.11.05	00:33:01.113	0.59725				2
2024.11.05	00:33:44.409	0.59719	0.59741			6
2024.11.05	00:33:59.616		0.59740			4
2024.11.05	00:34:05.030	0.59719				2
2024.11.05	00:34:49.791		0.59739			4
2024.11.05	00:34:51.677	0.59716	0.59736			6
2024.11.05	00:34:52.207		0.59737			4
2024.11.05	00:35:02.325	0.59716				2
2024.11.05	00:35:52.456		0.59737			4
2024.11.05	00:36:00.319	0.59716				2
2024.11.05	00:36:08.310		0.59736			4
2024.11.05	00:36:14.286	0.59717				2
2024.11.05	00:36:45.859	0.59716				2
2024.11.05	00:36:50.569	0.59717				2
2024.11.05	00:37:03.381	0.59717	0.59737			6
2024.11.05	00:37:08.358	0.59718				2
2024.11.05	00:37:36.630	0.59716	0.59736			6
2024.11.05	00:37:47.913	0.59725	0.59745			6
2024.11.05	00:37:48.233		0.59746			4
2024.11.05	00:37:49.087	0.59726	0.59748			6
2024.11.05	00:37:53.672	0.59725	0.59740			6
2024.11.05	00:37:57.679		0.59748			4
2024.11.05	00:38:00.364	0.59725				2
2024.11.05	00:38:05.882		0.59746			4
2024.11.05	00:38:07.933		0.59742			4
2024.11.05	00:38:08.311		0.59746			4
2024.11.05	00:38:12.057	0.59726	0.59748			6
2024.11.05	00:38:12.474	0.59727				2
2024.11.05	00:38:18.120	0.59725	0.59747			6
2024.11.05	00:38:34.662	0.59726	0.59748			6
2024.11.05	00:38:43.113	0.59727				2
2024.11.05	00:38:52.924		0.59750			4
2024.11.05	00:38:56.116	0.59726				2
2024.11.05	00:38:58.364	0.59727				2
2024.11.05	00:39:00.928	0.59727				2
2024.11.05	00:39:02.608	0.59728				2
2024.11.05	00:39:08.806	0.59727	0.59746			6
2024.11.05	00:39:09.176		0.59750			4
2024.11.05	00:39:17.633	0.59728				2
2024.11.05	00:39:18.807	0.59729				2
2024.11.05	00:39:20.319	0.59728				2
2024.11.05	00:39:26.023	0.59727				2
2024.11.05	00:39:29.559		0.59749			4
2024.11.05	00:39:29.887	0.59726				2
2024.11.05	00:39:37.427		0.59748			4
2024.11.05	00:39:45.213		0.59749			4
2024.11.05	00:39:49.968	0.59727	0.59750			6
2024.11.05	00:39:58.280	0.59725	0.59747			6
2024.11.05	00:39:58.820	0.59726	0.59746			6
2024.11.05	00:39:59.439	0.59727	0.59750			6
2024.11.05	00:40:00.104	0.59728				2
2024.11.05	00:40:00.702		0.59737			4
2024.11.05	00:40:01.082	0.59723				2
2024.11.05	00:40:01.383	0.59720				2
2024.11.05	00:40:01.687	0.59718				2
2024.11.05	00:40:19.560	0.59719				2
2024.11.05	00:40:33.067		0.59740			4
2024.11.05	00:40:33.411		0.59736			4
2024.11.05	00:40:35.591	0.59717				2
2024.11.05	00:40:37.838	0.59718				2
2024.11.05	00:40:41.742	0.59719				2
2024.11.05	00:40:51.184	0.59720				2
2024.11.05	00:40:51.502	0.59718				2
2024.11.05	00:40:56.184	0.59719				2
2024.11.05	00:40:57.487	0.59720				2
2024.11.05	00:40:57.969	0.59718				2
2024.11.05	00:40:59.583	0.59721				2
2024.11.05	00:41:01.085	0.59720				2
2024.11.05	00:41:01.414	0.59719	0.59740			6
2024.11.05	00:41:15.547	0.59720				2
2024.11.05	00:41:20.020	0.59719				2
2024.11.05	00:41:20.424		0.59736			4
2024.11.05	00:41:22.402	0.59720				2
2024.11.05	00:41:22.904	0.59718				2
2024.11.05	00:41:23.282	0.59719				2
2024.11.05	00:41:24.363	0.59718				2
2024.11.05	00:41:25.595	0.59719				2
2024.11.05	00:41:25.940	0.59718				2
2024.11.05	00:41:26.244	0.59719				2
2024.11.05	00:41:32.727	0.59722				2
2024.11.05	00:41:46.131	0.59720				2
2024.11.05	00:41:46.767	0.59727	0.59748			6
2024.11.05	00:41:48.521	0.59728				2
2024.11.05	00:41:51.332	0.59731	0.59749			6
2024.11.05	00:42:01.561	0.59732				2
2024.11.05	00:42:14.610	0.59733				2
2024.11.05	00:42:25.724	0.59732				2
2024.11.05	00:42:32.171	0.59733				2
2024.11.05	00:42:34.084	0.59732				2
2024.11.05	00:42:34.726	0.59726	0.59746			6
2024.11.05	00:42:35.261	0.59725				2
2024.11.05	00:42:40.025	0.59727				2
2024.11.05	00:42:45.226	0.59728				2
2024.11.05	00:42:47.816	0.59725				2
2024.11.05	00:42:48.493	0.59727				2
2024.11.05	00:42:49.989	0.59726				2
2024.11.05	00:43:01.072	0.59726				2
2024.11.05	00:43:02.559	0.59725				2
2024.11.05	00:43:09.801	0.59723				2
2024.11.05	00:43:11.937	0.59722				2
2024.11.05	00:43:14.808	0.59724				2
2024.11.05	00:43:22.659	0.59725				2
2024.11.05	00:43:30.209		0.59744			4
2024.11.05	00:43:39.465	0.59726				2
2024.11.05	00:43:40.086	0.59727				2
2024.11.05	00:43:44.115	0.59728				2
2024.11.05	00:43:45.780	0.59727				2
2024.11.05	00:43:55.558	0.59728				2
2024.11.05	00:44:05.583	0.59727				2
2024.11.05	00:44:17.579	0.59728				2
2024.11.05	00:44:22.674	0.59727				2
2024.11.05	00:44:29.664	0.59725				2
2024.11.05	00:45:00.428	0.59725	0.59744			6
2024.11.05	00:45:05.144	0.59724				2
2024.11.05	00:45:06.393		0.59746			4
2024.11.05	00:45:47.307		0.59744			4
2024.11.05	00:45:48.389		0.59746			4
2024.11.05	00:46:00.316	0.59724				2
2024.11.05	00:46:12.352	0.59723				2
2024.11.05	00:46:12.843	0.59724				2
2024.11.05	00:46:21.435	0.59725				2
2024.11.05	00:46:22.316	0.59724				2
2024.11.05	00:46:28.221	0.59725				2
2024.11.05	00:46:31.739	0.59724				2
2024.11.05	00:46:44.163	0.59723				2
2024.11.05	00:46:44.756	0.59724				2
2024.11.05	00:46:45.211	0.59725				2
2024.11.05	00:46:46.353	0.59724				2
2024.11.05	00:46:49.721		0.59746			4
2024.11.05	00:46:54.420	0.59725				2
2024.11.05	00:46:56.715	0.59726				2
2024.11.05	00:47:00.407	0.59726				2
2024.11.05	00:47:01.763	0.59727				2
2024.11.05	00:47:02.130		0.59748			4
2024.11.05	00:47:04.093		0.59746			4
2024.11.05	00:47:08.782	0.59726				2
2024.11.05	00:47:09.182	0.59727				2
2024.11.05	00:47:13.259	0.59726				2
2024.11.05	00:47:17.244	0.59728				2
2024.11.05	00:47:19.915	0.59726				2
2024.11.05	00:47:20.432	0.59725				2
2024.11.05	00:47:20.869	0.59726				2
2024.11.05	00:47:21.569	0.59727				2
2024.11.05	00:47:25.745	0.59726				2
2024.11.05	00:47:27.420	0.59725				2
2024.11.05	00:47:29.502	0.59726				2
2024.11.05	00:47:30.916	0.59725				2
2024.11.05	00:47:39.630	0.59728				2
2024.11.05	00:47:45.196	0.59727				2
2024.11.05	00:47:50.486	0.59724				2
2024.11.05	00:47:50.888	0.59727				2
2024.11.05	00:47:51.306	0.59726				2
2024.11.05	00:47:54.058	0.59725				2
2024.11.05	00:47:58.050	0.59724				2
2024.11.05	00:47:59.775	0.59725				2
2024.11.05	00:48:01.375	0.59725				2
2024.11.05	00:48:04.722		0.59746			4
2024.11.05	00:48:06.062	0.59728				2
2024.11.05	00:48:10.769		0.59745			4
2024.11.05	00:48:18.451	0.59725				2
2024.11.05	00:48:18.993	0.59724				2
2024.11.05	00:48:25.586	0.59725				2
2024.11.05	00:48:36.437	0.59727	0.59747			6
2024.11.05	00:48:38.875	0.59728				2
2024.11.05	00:48:39.474	0.59729				2
2024.11.05	00:48:42.412	0.59731				2
2024.11.05	00:48:44.736	0.59730				2
2024.11.05	00:48:47.267	0.59731				2
2024.11.05	00:48:47.816	0.59730				2
2024.11.05	00:48:51.814	0.59731				2
2024.11.05	00:48:59.280	0.59730				2
2024.11.05	00:49:00.931	0.59730				2
2024.11.05	00:49:05.867	0.59728				2
2024.11.05	00:49:09.535	0.59730				2
2024.11.05	00:49:10.121	0.59731				2
2024.11.05	00:49:12.515	0.59732				2
2024.11.05	00:49:37.936	0.59729	0.59747			6
2024.11.05	00:49:50.336	0.59731				2
2024.11.05	00:49:50.671	0.59729				2
2024.11.05	00:49:51.215	0.59728				2
2024.11.05	00:49:59.555	0.59731				2
2024.11.05	00:50:00.362	0.59731				2
2024.11.05	00:50:02.572	0.59728				2
2024.11.05	00:50:03.629		0.59749			4
2024.11.05	00:50:08.460	0.59727				2
2024.11.05	00:50:09.550	0.59731				2
2024.11.05	00:50:20.874	0.59730				2
2024.11.05	00:50:25.569	0.59728				2
2024.11.05	00:50:40.581	0.59731				2
2024.11.05	00:50:51.519	0.59730				2
2024.11.05	00:50:59.010	0.59729				2
2024.11.05	00:51:00.392	0.59731				2
2024.11.05	00:51:05.016	0.59730	0.59749			6
2024.11.05	00:51:11.309	0.59731				2
2024.11.05	00:51:21.558	0.59730				2
2024.11.05	00:51:27.377	0.59731				2
2024.11.05	00:51:40.430	0.59729				2
2024.11.05	00:51:41.562	0.59731				2
2024.11.05	00:51:42.160	0.59730				2
2024.11.05	00:51:52.836	0.59731				2
2024.11.05	00:52:00.390	0.59731				2
2024.11.05	00:52:02.366	0.59732				2
2024.11.05	00:52:04.431	0.59731				2
2024.11.05	00:52:09.101	0.59732	0.59749			6
2024.11.05	00:52:12.594	0.59730				2
2024.11.05	00:52:22.593	0.59731				2
2024.11.05	00:52:22.943	0.59732				2
2024.11.05	00:52:37.855	0.59731				2
2024.11.05	00:52:42.799	0.59732				2
2024.11.05	00:52:53.016	0.59731				2
2024.11.05	00:52:56.311	0.59732				2
2024.11.05	00:52:57.143	0.59731				2
2024.11.05	00:53:00.443	0.59731				2
2024.11.05	00:53:10.357		0.59749			4
2024.11.05	00:53:17.612	0.59730				2
2024.11.05	00:53:21.982	0.59731				2
2024.11.05	00:53:23.790	0.59730				2
2024.11.05	00:53:26.869	0.59729				2
2024.11.05	00:53:28.064	0.59730				2
2024.11.05	00:53:48.212	0.59731				2
2024.11.05	00:53:55.978	0.59730				2
2024.11.05	00:53:58.882	0.59733	0.59750			6
2024.11.05	00:54:00.015	0.59733				2
2024.11.05	00:54:00.395	0.59732				2
2024.11.05	00:54:25.935	0.59731				2
2024.11.05	00:54:44.823	0.59730				2
2024.11.05	00:54:46.006	0.59731				2
2024.11.05	00:54:50.604	0.59730				2
2024.11.05	00:54:54.684	0.59731				2
2024.11.05	00:54:58.899		0.59750			4
2024.11.05	00:55:00.452	0.59731				2
2024.11.05	00:55:04.453	0.59732				2
2024.11.05	00:55:08.359	0.59731				2
2024.11.05	00:55:15.566	0.59732				2
2024.11.05	00:55:16.361	0.59731				2
2024.11.05	00:55:29.558	0.59730				2
2024.11.05	00:55:31.000	0.59732				2
2024.11.05	00:55:33.762	0.59731				2
2024.11.05	00:55:35.441	0.59730				2
2024.11.05	00:55:37.889	0.59731				2
2024.11.05	00:55:42.128	0.59730				2
2024.11.05	00:55:45.753	0.59731				2
2024.11.05	00:55:46.217	0.59730				2
2024.11.05	00:55:49.461	0.59731				2
2024.11.05	00:55:49.776	0.59730				2
2024.11.05	00:55:50.191	0.59731				2
2024.11.05	00:55:59.708	0.59730	0.59754			6
2024.11.05	00:56:00.055	0.59730				2
2024.11.05	00:56:05.537	0.59732				2
2024.11.05	00:56:06.697	0.59731				2
2024.11.05	00:56:11.915	0.59733				2
2024.11.05	00:56:12.803	0.59732				2
2024.11.05	00:56:14.088	0.59731				2
2024.11.05	00:56:15.501	0.59730				2
2024.11.05	00:56:15.849	0.59729				2
2024.11.05	00:56:20.390	0.59728				2
2024.11.05	00:56:26.259		0.59753			4
2024.11.05	00:56:31.479	0.59727	0.59752			6
2024.11.05	00:56:34.006	0.59728	0.59754			6
2024.11.05	00:56:35.211	0.59751	0.59760			6
2024.11.05	00:56:35.721		0.59764			4
2024.11.05	00:56:36.036		0.59766			4
2024.11.05	00:56:36.382		0.59772			4
2024.11.05	00:56:36.758	0.59752	0.59775			6
2024.11.05	00:56:37.218	0.59753				2
2024.11.05	00:56:41.585	0.59754				2
2024.11.05	00:56:42.016	0.59753				2
2024.11.05	00:56:51.813	0.59748	0.59770			6
2024.11.05	00:56:52.198	0.59746				2
2024.11.05	00:56:52.873	0.59744	0.59766			6
2024.11.05	00:56:53.373		0.59769			4
2024.11.05	00:56:53.947		0.59768			4
2024.11.05	00:56:54.463	0.59743				2
2024.11.05	00:56:56.574	0.59741	0.59767			6
2024.11.05	00:56:57.359	0.59744	0.59768			6
2024.11.05	00:56:57.740		0.59769			4
2024.11.05	00:56:59.342		0.59770			4
2024.11.05	00:57:00.319	0.59744				2
2024.11.05	00:57:01.060	0.59742	0.59769			6
2024.11.05	00:57:01.562	0.59743				2
2024.11.05	00:57:02.176	0.59741	0.59768			6
2024.11.05	00:57:02.876		0.59766			4
2024.11.05	00:57:03.183		0.59768			4
2024.11.05	00:57:04.605	0.59740				2
2024.11.05	00:57:07.954	0.59739	0.59767			6
2024.11.05	00:57:10.480	0.59738	0.59766			6
2024.11.05	00:57:12.886	0.59739	0.59767			6
2024.11.05	00:57:15.836	0.59740	0.59766			6
2024.11.05	00:57:16.377	0.59739				2
2024.11.05	00:57:16.999		0.59765			4
2024.11.05	00:57:17.671	0.59740				2
2024.11.05	00:57:22.985	0.59735	0.59761			6
2024.11.05	00:57:24.146	0.59736				2
2024.11.05	00:57:24.881	0.59735				2
2024.11.05	00:57:25.307	0.59734				2
2024.11.05	00:57:27.810	0.59735				2
2024.11.05	00:57:28.266	0.59736				2
2024.11.05	00:57:29.677	0.59734	0.59760			6
2024.11.05	00:57:32.308	0.59733	0.59759			6
2024.11.05	00:57:36.535	0.59731				2
2024.11.05	00:57:37.615	0.59730	0.59758			6
2024.11.05	00:57:38.184	0.59731				2
2024.11.05	00:57:38.543		0.59760			4
2024.11.05	00:57:38.853		0.59758			4
2024.11.05	00:57:40.080	0.59732	0.59760			6
2024.11.05	00:57:43.297	0.59733				2
2024.11.05	00:57:44.333	0.59732				2
2024.11.05	00:57:44.637	0.59731				2
2024.11.05	00:57:46.835	0.59735	0.59761			6
2024.11.05	00:57:47.137	0.59733	0.59760			6
2024.11.05	00:57:47.485	0.59735	0.59761			6
2024.11.05	00:57:48.732	0.59734				2
2024.11.05	00:57:49.219	0.59732				2
2024.11.05	00:57:49.598		0.59763			4
2024.11.05	00:57:49.900	0.59738	0.59765			6
2024.11.05	00:57:50.204	0.59739				2
2024.11.05	00:57:51.716	0.59737	0.59763			6
2024.11.05	00:57:54.085	0.59738	0.59765			6
2024.11.05	00:57:54.404	0.59737				2
2024.11.05	00:57:55.067		0.59764			4
2024.11.05	00:57:58.515		0.59765			4
2024.11.05	00:57:59.800	0.59738				2
2024.11.05	00:58:00.446	0.59738	0.59764			6
2024.11.05	00:58:00.770		0.59765			4
2024.11.05	00:58:07.611	0.59743				2
2024.11.05	00:58:08.439	0.59744				2
2024.11.05	00:58:08.802	0.59743				2
2024.11.05	00:58:10.363	0.59744				2
2024.11.05	00:58:12.112	0.59745				2
2024.11.05	00:58:16.782	0.59744				2
2024.11.05	00:58:22.559	0.59743				2
2024.11.05	00:58:23.008	0.59744				2
2024.11.05	00:58:24.821	0.59739	0.59764			6
2024.11.05	00:58:25.149	0.59736				2
2024.11.05	00:58:25.747	0.59734				2
2024.11.05	00:58:27.807	0.59738	0.59763			6
2024.11.05	00:58:29.677	0.59748	0.59765			6
2024.11.05	00:58:29.988	0.59749				2
2024.11.05	00:58:30.389	0.59748				2
2024.11.05	00:58:31.749	0.59738	0.59764			6
2024.11.05	00:58:35.382	0.59739				2
2024.11.05	00:58:36.429	0.59738				2
2024.11.05	00:58:36.802	0.59739				2
2024.11.05	00:58:39.354	0.59735	0.59763			6
2024.11.05	00:58:40.103	0.59737	0.59762			6
2024.11.05	00:58:42.607	0.59738				2
2024.11.05	00:58:42.928	0.59734				2
2024.11.05	00:58:44.293	0.59735				2
2024.11.05	00:58:46.477	0.59736				2
2024.11.05	00:58:51.824	0.59737				2
2024.11.05	00:58:56.611	0.59735				2
2024.11.05	00:58:58.850	0.59736				2
2024.11.05	00:58:59.776	0.59737	0.59761			6
2024.11.05	00:59:00.090	0.59737				2
2024.11.05	00:59:01.234	0.59736	0.59762			6
2024.11.05	00:59:02.354	0.59737				2
2024.11.05	00:59:02.691	0.59735	0.59761			6
2024.11.05	00:59:03.073	0.59734				2
2024.11.05	00:59:05.640	0.59733	0.59757			6
2024.11.05	00:59:10.739	0.59737	0.59760			6
2024.11.05	00:59:15.727	0.59736				2
2024.11.05	00:59:20.622	0.59737				2
2024.11.05	00:59:22.340	0.59734	0.59759			6
2024.11.05	00:59:31.551		0.59760			4
2024.11.05	00:59:37.372	0.59735	0.59759			6
2024.11.05	00:59:41.308	0.59734				2
2024.11.05	00:59:43.641	0.59736	0.59760			6
2024.11.05	00:59:47.908	0.59735	0.59759			6
2024.11.05	00:59:59.894	0.59737	0.59760			6
2024.11.05	01:00:00.208	0.59741	0.59756			6
2024.11.05	01:00:00.531	0.59740	0.59755			6
2024.11.05	01:00:01.325	0.59741	0.59756			6
2024.11.05	01:00:01.629	0.59740	0.59755			6
2024.11.05	01:00:02.290		0.59761			4
2024.11.05	01:00:03.599		0.59758			4
2024.11.05	01:00:04.170	0.59741	0.59759			6
2024.11.05	01:00:04.504		0.59754			4
2024.11.05	01:00:07.363		0.59755			4
2024.11.05	01:00:10.323		0.59754			4
2024.11.05	01:00:10.862		0.59752			4
2024.11.05	01:00:12.336		0.59753			4
2024.11.05	01:00:12.868		0.59754			4
2024.11.05	01:00:23.589	0.59743	0.59758			6
2024.11.05	01:00:23.900	0.59744	0.59759			6
2024.11.05	01:00:24.392	0.59743				2
2024.11.05	01:00:25.550	0.59748	0.59765			6
2024.11.05	01:00:26.575	0.59750				2
2024.11.05	01:00:31.323	0.59749				2
2024.11.05	01:00:32.391	0.59750				2
2024.11.05	01:00:34.136	0.59748				2
2024.11.05	01:00:36.396	0.59749				2
2024.11.05	01:00:40.121	0.59750				2
2024.11.05	01:00:46.491	0.59748	0.59754			6
2024.11.05	01:00:47.374		0.59755			4
2024.11.05	01:00:48.100		0.59756			4
2024.11.05	01:00:49.182		0.59755			4
2024.11.05	01:00:51.150		0.59749			4
2024.11.05	01:00:51.468	0.59745				2
2024.11.05	01:00:52.284	0.59743	0.59748			6
2024.11.05	01:00:54.183	0.59740	0.59746			6
2024.11.05	01:00:54.487	0.59752	0.59758			6
2024.11.05	01:00:54.793	0.59756	0.59763			6
2024.11.05	01:00:55.094	0.59758	0.59765			6
2024.11.05	01:00:55.455	0.59760	0.59768			6
2024.11.05	01:00:55.917		0.59769			4
2024.11.05	01:00:57.556	0.59762	0.59770			6
2024.11.05	01:01:00.310	0.59762				2
2024.11.05	01:01:00.617		0.59769			4
2024.11.05	01:01:09.686		0.59770			4
2024.11.05	01:01:29.719		0.59769			4
2024.11.05	01:02:00.386	0.59762				2
2024.11.05	01:02:30.024		0.59769			4
2024.11.05	01:03:00.216	0.59762				2
2024.11.05	01:03:30.836		0.59769			4
2024.11.05	01:04:00.321	0.59762				2
2024.11.05	01:04:15.073		0.59770			4
2024.11.05	01:04:35.469	0.59755	0.59760			6
2024.11.05	01:04:41.232	0.59753	0.59757			6
2024.11.05	01:04:49.711		0.59759			4
2024.11.05	01:05:00.333	0.59753				2
2024.11.05	01:05:05.662		0.59758			4
2024.11.05	01:05:10.367	0.59747	0.59753			6
2024.11.05	01:05:21.154		0.59752			4
2024.11.05	01:05:23.416		0.59753			4
2024.11.05	01:05:33.470		0.59754			4
2024.11.05	01:05:46.356		0.59753			4
2024.11.05	01:06:00.319	0.59747				2
2024.11.05	01:06:50.321		0.59753			4
2024.11.05	01:06:53.586		0.59754			4
2024.11.05	01:06:55.618		0.59753			4
2024.11.05	01:07:01.707	0.59747				2
2024.11.05	01:07:46.706		0.59754			4
2024.11.05	01:07:48.049		0.59753			4
2024.11.05	01:07:55.752		0.59752			4
2024.11.05	01:07:58.086		0.59753			4
2024.11.05	01:08:02.637	0.59747	0.59752			6
2024.11.05	01:08:40.700		0.59751			4
2024.11.05	01:08:46.795	0.59745	0.59749			6
2024.11.05	01:08:47.101	0.59742				2
2024.11.05	01:08:47.409		0.59750			4
2024.11.05	01:08:56.968	0.59743				2
2024.11.05	01:09:00.682	0.59743				2
2024.11.05	01:09:13.741	0.59742	0.59746			6
2024.11.05	01:09:22.116		0.59745			4
2024.11.05	01:09:34.177		0.59749			4
2024.11.05	01:09:34.512		0.59748			4
2024.11.05	01:10:00.636	0.59742				2
2024.11.05	01:10:29.962		0.59747			4
2024.11.05	01:10:40.686	0.59740	0.59744			6
2024.11.05	01:11:02.627	0.59740				2
2024.11.05	01:11:11.474	0.59738	0.59743			6
2024.11.05	01:11:12.879		0.59744			4
2024.11.05	01:11:14.505	0.59739				2
2024.11.05	01:11:14.818	0.59738	0.59743			6
2024.11.05	01:11:38.680	0.59746	0.59750			6
2024.11.05	01:11:57.314	0.59748	0.59753			6
2024.11.05	01:11:58.503	0.59745	0.59751			6
2024.11.05	01:11:59.760	0.59748	0.59753			6
2024.11.05	01:12:00.103	0.59748				2
2024.11.05	01:12:00.413		0.59754			4
2024.11.05	01:12:13.226		0.59752			4
2024.11.05	01:12:17.420		0.59753			4
2024.11.05	01:12:26.270		0.59752			4
2024.11.05	01:12:30.122		0.59754			4
2024.11.05	01:12:58.682	0.59745	0.59750			6
2024.11.05	01:13:01.408	0.59745				2
2024.11.05	01:13:05.757	0.59743				2
2024.11.05	01:13:14.113	0.59744	0.59751			6
2024.11.05	01:13:20.113		0.59750			4
2024.11.05	01:13:35.071		0.59751			4
2024.11.05	01:13:42.405	0.59743	0.59750			6
2024.11.05	01:13:51.565	0.59741	0.59748			6
2024.11.05	01:14:00.321	0.59741				2
2024.11.05	01:14:01.074		0.59749			4
2024.11.05	01:14:23.249	0.59743	0.59750			6
2024.11.05	01:14:26.159	0.59741	0.59749			6
2024.11.05	01:14:29.591		0.59748			4
2024.11.05	01:14:31.516	0.59740				2
2024.11.05	01:14:35.256	0.59741				2
2024.11.05	01:15:00.413	0.59738	0.59745			6
2024.11.05	01:15:02.347	0.59739				2
2024.11.05	01:15:21.320		0.59744			4
2024.11.05	01:15:21.711	0.59738				2
2024.11.05	01:15:22.350		0.59745			4
2024.11.05	01:15:28.167	0.59739				2
2024.11.05	01:15:31.867	0.59738				2
2024.11.05	01:16:00.323	0.59738				2
2024.11.05	01:16:04.842	0.59735	0.59742			6
2024.11.05	01:16:08.909	0.59737	0.59744			6
2024.11.05	01:16:50.690	0.59736				2
2024.11.05	01:17:00.329	0.59736				2
2024.11.05	01:17:01.883	0.59737				2
2024.11.05	01:17:07.609	0.59738				2
2024.11.05	01:17:08.301	0.59739	0.59745			6
2024.11.05	01:17:12.410	0.59740				2
2024.11.05	01:17:14.811	0.59741				2
2024.11.05	01:17:25.039	0.59740				2
2024.11.05	01:17:29.585	0.59739				2
2024.11.05	01:17:31.032	0.59740				2
2024.11.05	01:17:32.801	0.59741				2
2024.11.05	01:17:44.080	0.59744	0.59749			6
2024.11.05	01:17:52.666	0.59743				2
2024.11.05	01:18:02.628	0.59744				2
2024.11.05	01:18:05.554	0.59743				2
2024.11.05	01:18:06.090	0.59745				2
2024.11.05	01:18:14.970	0.59743				2
2024.11.05	01:18:16.090	0.59744				2
2024.11.05	01:18:44.921		0.59749			4
2024.11.05	01:19:02.078	0.59742				2
2024.11.05	01:19:05.744	0.59743				2
2024.11.05	01:19:12.167	0.59744				2
2024.11.05	01:19:47.048		0.59749			4
2024.11.05	01:20:03.277	0.59744				2
2024.11.05	01:20:04.265	0.59743				2
2024.11.05	01:20:23.517	0.59744	0.59750			6
2024.11.05	01:20:27.553	0.59743				2
2024.11.05	01:20:29.741	0.59744				2
2024.11.05	01:20:30.708	0.59743				2
2024.11.05	01:20:38.194	0.59744				2
2024.11.05	01:20:54.253	0.59743				2
2024.11.05	01:21:00.939	0.59743				2
2024.11.05	01:21:14.640		0.59749			4
2024.11.05	01:21:17.817	0.59739	0.59746			6
2024.11.05	01:21:21.701	0.59738	0.59744			6
2024.11.05	01:21:38.926	0.59741	0.59746			6
2024.11.05	01:21:39.229	0.59740				2
2024.11.05	01:21:56.916	0.59739				2
2024.11.05	01:22:01.005	0.59739				2
2024.11.05	01:22:25.541	0.59743	0.59747			6
2024.11.05	01:22:26.583	0.59742				2
2024.11.05	01:22:29.267	0.59741				2
2024.11.05	01:22:40.885	0.59740				2
2024.11.05	01:22:45.382	0.59739				2
2024.11.05	01:22:48.512		0.59746			4
2024.11.05	01:22:48.824	0.59747	0.59753			6
2024.11.05	01:22:51.561	0.59746				2
2024.11.05	01:23:00.928	0.59746				2
2024.11.05	01:23:21.224		0.59752			4
2024.11.05	01:23:34.522	0.59745				2
2024.11.05	01:23:41.971	0.59746				2
2024.11.05	01:23:43.015	0.59745				2
2024.11.05	01:23:44.215	0.59746				2
2024.11.05	01:23:47.420	0.59745				2
2024.11.05	01:23:54.531	0.59744	0.59751			6
2024.11.05	01:23:58.962	0.59743	0.59750			6
2024.11.05	01:24:00.139	0.59743				2
2024.11.05	01:24:00.872	0.59741	0.59748			6
2024.11.05	01:24:06.793		0.59749			4
2024.11.05	01:24:08.210	0.59743				2
2024.11.05	01:24:11.114	0.59742				2
2024.11.05	01:24:25.873	0.59741	0.59748			6
2024.11.05	01:24:38.341		0.59747			4
2024.11.05	01:24:49.151	0.59739	0.59746			6
2024.11.05	01:24:55.573		0.59745			4
2024.11.05	01:24:56.393		0.59746			4
2024.11.05	01:24:57.675		0.59745			4
2024.11.05	01:24:58.090	0.59738				2
2024.11.05	01:25:00.177	0.59738	0.59744			6
2024.11.05	01:25:00.982		0.59745			4
2024.11.05	01:25:19.808	0.59742	0.59749			6
2024.11.05	01:25:20.441	0.59743				2
2024.11.05	01:25:47.876	0.59741	0.59747			6
2024.11.05	01:25:48.343		0.59746			4
2024.11.05	01:25:54.210	0.59740				2
2024.11.05	01:25:55.885	0.59741				2
2024.11.05	01:26:03.351	0.59742	0.59749			6
2024.11.05	01:26:06.380	0.59741	0.59747			6
2024.11.05	01:26:10.104	0.59740	0.59746			6
2024.11.05	01:26:13.344	0.59741				2
2024.11.05	01:26:13.648	0.59740				2
2024.11.05	01:26:25.583	0.59739				2
2024.11.05	01:26:33.325		0.59745			4
2024.11.05	01:27:01.479	0.59740	0.59746			6
2024.11.05	01:27:16.821	0.59739	0.59745			6
2024.11.05	01:27:26.320	0.59740				2
2024.11.05	01:27:37.589	0.59739				2
2024.11.05	01:27:58.627	0.59740				2
2024.11.05	01:28:01.047	0.59741				2
2024.11.05	01:28:02.667	0.59743	0.59748			6
2024.11.05	01:28:04.897	0.59742				2
2024.11.05	01:28:05.381		0.59747			4
2024.11.05	01:28:13.212	0.59743				2
2024.11.05	01:28:29.707		0.59748			4
2024.11.05	01:28:36.961	0.59742	0.59746			6
2024.11.05	01:28:37.267	0.59741				2
2024.11.05	01:28:55.714	0.59739				2
2024.11.05	01:28:58.025	0.59740				2
2024.11.05	01:29:00.220	0.59740				2
2024.11.05	01:29:01.875	0.59741				2
2024.11.05	01:29:10.106	0.59740				2
2024.11.05	01:29:32.066		0.59745			4
2024.11.05	01:29:41.821	0.59739				2
2024.11.05	01:30:00.311	0.59740				2
2024.11.05	01:30:01.133	0.59738				2
2024.11.05	01:30:01.452		0.59744			4
2024.11.05	01:30:02.199		0.59745			4
2024.11.05	01:30:02.566		0.59744			4
2024.11.05	01:30:05.480		0.59743			4
2024.11.05	01:30:07.727	0.59736	0.59741			6
2024.11.05	01:30:22.935	0.59735				2
2024.11.05	01:30:27.588	0.59736	0.59742			6
2024.11.05	01:30:27.900		0.59740			4
2024.11.05	01:30:38.065	0.59735				2
2024.11.05	01:30:38.385	0.59736				2
2024.11.05	01:30:44.932		0.59741			4
2024.11.05	01:30:46.702	0.59735				2
2024.11.05	01:30:49.804		0.59740			4
2024.11.05	01:31:00.641	0.59735				2
2024.11.05	01:31:16.704	0.59734				2
2024.11.05	01:31:17.015	0.59733	0.59739			6
2024.11.05	01:31:27.961	0.59734				2
2024.11.05	01:31:31.886	0.59732	0.59737			6
2024.11.05	01:31:35.571	0.59731				2
2024.11.05	01:31:40.616	0.59732				2
2024.11.05	01:31:41.920	0.59728	0.59734			6
2024.11.05	01:31:42.232		0.59733			4
2024.11.05	01:31:45.941	0.59727				2
2024.11.05	01:31:58.271	0.59728				2
2024.11.05	01:32:02.350	0.59729	0.59734			6
2024.11.05	01:32:08.893	0.59728				2
2024.11.05	01:32:17.217	0.59729				2
2024.11.05	01:32:17.560		0.59733			4
2024.11.05	01:32:17.866	0.59728				2
2024.11.05	01:32:18.497	0.59727				2
2024.11.05	01:32:19.358	0.59728				2
2024.11.05	01:32:26.607	0.59727				2
2024.11.05	01:32:27.965	0.59728				2
2024.11.05	01:32:32.228	0.59724	0.59730			6
2024.11.05	01:32:32.555	0.59721	0.59726			6
2024.11.05	01:32:34.021	0.59722	0.59727			6
2024.11.05	01:32:35.042		0.59726			4
2024.11.05	01:32:35.623	0.59721				2
2024.11.05	01:32:36.317	0.59720				2
2024.11.05	01:32:37.620	0.59721				2
2024.11.05	01:32:38.781	0.59724	0.59728			6
2024.11.05	01:32:39.094	0.59723				2
2024.11.05	01:32:42.108		0.59727			4
2024.11.05	01:32:43.693		0.59728			4
2024.11.05	01:32:44.008	0.59724	0.59729			6
2024.11.05	01:32:46.595	0.59721	0.59726			6
2024.11.05	01:32:48.142	0.59722				2
2024.11.05	01:32:51.351	0.59721				2
2024.11.05	01:32:55.121	0.59724	0.59729			6
2024.11.05	01:32:57.243	0.59726	0.59731			6
2024.11.05	01:32:59.539	0.59727				2
2024.11.05	01:32:59.852	0.59728				2
2024.11.05	01:33:00.155	0.59728				2
2024.11.05	01:33:00.515	0.59729	0.59732			6
2024.11.05	01:33:08.361	0.59728				2
2024.11.05	01:33:11.440	0.59733	0.59737			6
2024.11.05	01:33:12.311	0.59731	0.59736			6
2024.11.05	01:33:20.506		0.59735			4
2024.11.05	01:33:21.188	0.59730				2
2024.11.05	01:33:23.754		0.59734			4
2024.11.05	01:33:31.048	0.59729	0.59733			6
2024.11.05	01:33:31.362	0.59726	0.59730			6
2024.11.05	01:33:31.662	0.59725				2
2024.11.05	01:33:36.353	0.59726				2
2024.11.05	01:33:43.632	0.59727				2
2024.11.05	01:33:49.658	0.59726				2
2024.11.05	01:33:50.143	0.59729	0.59734			6
2024.11.05	01:33:50.452	0.59730				2
2024.11.05	01:33:51.737	0.59728	0.59733			6
2024.11.05	01:33:54.972	0.59729				2
2024.11.05	01:33:55.684	0.59728				2
2024.11.05	01:33:56.544	0.59729				2
2024.11.05	01:33:58.001	0.59728				2
2024.11.05	01:34:01.040	0.59728				2
2024.11.05	01:34:01.344	0.59727	0.59731			6
2024.11.05	01:34:14.060	0.59729	0.59733			6
2024.11.05	01:34:25.962	0.59727	0.59732			6
2024.11.05	01:34:26.736	0.59728				2
2024.11.05	01:34:30.531	0.59727				2
2024.11.05	01:34:54.160	0.59726				2
2024.11.05	01:34:58.157	0.59731	0.59736			6
2024.11.05	01:35:03.087	0.59731				2
2024.11.05	01:35:14.657	0.59734				2
2024.11.05	01:35:14.959	0.59731				2
2024.11.05	01:35:19.836	0.59733	0.59737			6
2024.11.05	01:35:20.926		0.59736			4
2024.11.05	01:35:25.179		0.59737			4
2024.11.05	01:35:26.219		0.59736			4
2024.11.05	01:35:26.707	0.59732				2
2024.11.05	01:35:29.284	0.59737	0.59742			6
2024.11.05	01:35:35.242	0.59738				2
2024.11.05	01:35:40.100	0.59737				2
2024.11.05	01:35:43.736	0.59738				2
2024.11.05	01:35:44.192	0.59737				2
2024.11.05	01:35:49.437		0.59741			4
2024.11.05	01:36:00.588	0.59737				2
2024.11.05	01:36:02.626	0.59735	0.59739			6
2024.11.05	01:36:33.369	0.59734				2
2024.11.05	01:36:34.353	0.59735				2
2024.11.05	01:36:39.141	0.59734	0.59738			6
2024.11.05	01:36:40.060	0.59735				2
2024.11.05	01:36:40.364	0.59732	0.59736			6
2024.11.05	01:36:49.825	0.59735	0.59739			6
2024.11.05	01:36:53.620	0.59734	0.59738			6
2024.11.05	01:36:54.669		0.59739			4
2024.11.05	01:36:59.453	0.59733				2
2024.11.05	01:37:00.404	0.59733				2
2024.11.05	01:37:00.931	0.59734				2
2024.11.05	01:37:10.887	0.59735				2
2024.11.05	01:37:15.019	0.59734				2
2024.11.05	01:37:26.300	0.59735				2
2024.11.05	01:37:55.301		0.59739			4
2024.11.05	01:37:56.309	0.59734				2
2024.11.05	01:38:00.768	0.59734				2
2024.11.05	01:38:08.275	0.59733	0.59738			6
2024.11.05	01:38:10.785	0.59734				2
2024.11.05	01:38:11.089	0.59733	0.59739			6
2024.11.05	01:38:13.988	0.59734				2
2024.11.05	01:38:20.440	0.59733	0.59738			6
2024.11.05	01:38:31.223	0.59732	0.59737			6
2024.11.05	01:38:49.770		0.59736			4
2024.11.05	01:39:00.204	0.59732	0.59737			6
2024.11.05	01:39:01.321	0.59731	0.59735			6
2024.11.05	01:39:20.015		0.59734			4
2024.11.05	01:39:31.430	0.59730				2
2024.11.05	01:39:46.982	0.59731				2
2024.11.05	01:39:54.479	0.59730				2
2024.11.05	01:40:01.341	0.59730				2
2024.11.05	01:40:13.122	0.59723	0.59728			6
2024.11.05	01:40:15.471	0.59720	0.59724			6
2024.11.05	01:40:17.835	0.59719				2
2024.11.05	01:40:18.309		0.59723			4
2024.11.05	01:40:21.714	0.59717	0.59721			6
2024.11.05	01:40:22.019		0.59722			4
2024.11.05	01:40:24.866	0.59718				2
2024.11.05	01:40:41.301	0.59719				2
2024.11.05	01:40:42.156	0.59718				2
2024.11.05	01:40:45.306	0.59717				2
2024.11.05	01:40:46.471	0.59719				2
2024.11.05	01:40:47.007	0.59718				2
2024.11.05	01:41:00.088	0.59718				2
2024.11.05	01:41:05.479	0.59717	0.59719			6
2024.11.05	01:41:05.781	0.59714	0.59718			6
2024.11.05	01:41:11.285		0.59717			4
2024.11.05	01:41:12.210	0.59713				2
2024.11.05	01:41:16.811	0.59714	0.59718			6
2024.11.05	01:41:17.123	0.59715				2
2024.11.05	01:41:19.950	0.59712	0.59717			6
2024.11.05	01:41:29.868	0.59716	0.59719			6
2024.11.05	01:41:35.583	0.59715				2
2024.11.05	01:41:41.704		0.59718			4
2024.11.05	01:42:00.498	0.59716	0.59719			6
2024.11.05	01:42:01.705	0.59715				2
2024.11.05	01:42:03.329	0.59716				2
2024.11.05	01:42:16.632	0.59715				2
2024.11.05	01:42:19.914		0.59718			4
2024.11.05	01:42:20.231	0.59714	0.59717			6
2024.11.05	01:42:20.548	0.59713	0.59718			6
2024.11.05	01:42:20.888		0.59716			4
2024.11.05	01:42:31.144	0.59714	0.59718			6
2024.11.05	01:42:40.509	0.59715	0.59719			6
2024.11.05	01:42:42.567	0.59716	0.59720			6
2024.11.05	01:43:00.121	0.59716				2
2024.11.05	01:43:23.418		0.59719			4
2024.11.05	01:44:00.406	0.59716				2
2024.11.05	01:44:01.285	0.59719	0.59723			6
2024.11.05	01:44:04.185		0.59724			4
2024.11.05	01:44:09.297	0.59720	0.59725			6
2024.11.05	01:44:19.964	0.59721				2
2024.11.05	01:44:20.271		0.59724			4
2024.11.05	01:44:25.966		0.59725			4
2024.11.05	01:44:38.642		0.59724			4
2024.11.05	01:44:45.604	0.59718	0.59723			6
2024.11.05	01:44:47.968	0.59719				2
2024.11.05	01:44:55.669	0.59718	0.59722			6
2024.11.05	01:45:00.330	0.59718				2
2024.11.05	01:45:00.634	0.59717				2
2024.11.05	01:45:10.684	0.59716	0.59720			6
2024.11.05	01:45:15.583	0.59713	0.59718			6
2024.11.05	01:45:15.884	0.59714				2
2024.11.05	01:45:20.441		0.59717			4
2024.11.05	01:45:23.603	0.59713				2
2024.11.05	01:45:23.952	0.59714				2
2024.11.05	01:45:25.318	0.59713	0.59716			6
2024.11.05	01:45:25.886		0.59718			4
2024.11.05	01:45:26.373		0.59717			4
2024.11.05	01:45:26.731	0.59714	0.59718			6
2024.11.05	01:45:27.461	0.59713	0.59716			6
2024.11.05	01:45:28.646	0.59710	0.59713			6
2024.11.05	01:45:28.964		0.59712			4
2024.11.05	01:45:29.324	0.59711	0.59714			6
2024.11.05	01:45:40.067	0.59709	0.59712			6
2024.11.05	01:45:41.996	0.59710	0.59713			6
2024.11.05	01:45:42.343	0.59709	0.59712			6
2024.11.05	01:45:45.495	0.59710	0.59713			6
2024.11.05	01:45:47.524	0.59712	0.59715			6
2024.11.05	01:45:53.241	0.59711	0.59714			6
2024.11.05	01:46:00.845	0.59711				2
2024.11.05	01:46:01.410	0.59710	0.59713			6
2024.11.05	01:46:02.436	0.59709	0.59712			6
2024.11.05	01:46:05.017	0.59710				2
2024.11.05	01:46:09.397	0.59711	0.59714			6
2024.11.05	01:46:10.348		0.59713			4
2024.11.05	01:46:11.355		0.59712			4
2024.11.05	01:46:12.010		0.59713			4
2024.11.05	01:46:12.815		0.59712			4
2024.11.05	01:46:16.724		0.59714			4
2024.11.05	01:46:19.586	0.59712				2
2024.11.05	01:46:27.634	0.59711				2
2024.11.05	01:46:29.530	0.59708	0.59709			6
2024.11.05	01:46:29.845	0.59706				2
2024.11.05	01:46:30.312	0.59707	0.59710			6
2024.11.05	01:46:30.624	0.59715	0.59718			6
2024.11.05	01:46:32.098		0.59719			4
2024.11.05	01:46:33.764	0.59716				2
2024.11.05	01:46:40.283	0.59717	0.59720			6
2024.11.05	01:46:41.399		0.59721			4
2024.11.05	01:46:47.736		0.59722			4
2024.11.05	01:46:49.711	0.59718				2
2024.11.05	01:46:50.039		0.59721			4
2024.11.05	01:46:51.549		0.59722			4
2024.11.05	01:46:56.458	0.59717				2
2024.11.05	01:46:58.062		0.59721			4
2024.11.05	01:47:00.375	0.59717				2
2024.11.05	01:47:01.387	0.59716	0.59719			6
2024.11.05	01:47:04.613		0.59718			4
2024.11.05	01:47:07.743		0.59717			4
2024.11.05	01:47:08.047		0.59719			4
2024.11.05	01:47:10.448		0.59718			4
2024.11.05	01:47:14.070		0.59719			4
2024.11.05	01:47:14.375		0.59718			4
2024.11.05	01:48:00.081	0.59716				2
2024.11.05	01:48:00.395	0.59726	0.59728			6
2024.11.05	01:48:01.282	0.59724	0.59727			6
2024.11.05	01:48:09.779		0.59728			4
2024.11.05	01:48:15.780		0.59727			4
2024.11.05	01:48:31.705	0.59723	0.59726			6
2024.11.05	01:48:32.006	0.59726	0.59729			6
2024.11.05	01:48:32.761		0.59728			4
2024.11.05	01:48:34.695	0.59725	0.59727			6
2024.11.05	01:48:36.989	0.59724				2
2024.11.05	01:48:41.132	0.59726	0.59728			6
2024.11.05	01:48:44.931	0.59725				2
2024.11.05	01:49:00.894	0.59726	0.59729			6
2024.11.05	01:49:01.684		0.59728			4
2024.11.05	01:49:02.789		0.59727			4
2024.11.05	01:49:04.226	0.59722	0.59723			6
2024.11.05	01:49:10.027	0.59721				2
2024.11.05	01:49:16.853	0.59717	0.59718			6
2024.11.05	01:49:21.593		0.59719			4
2024.11.05	01:49:22.261	0.59718	0.59722			6
2024.11.05	01:49:29.664	0.59719				2
2024.11.05	01:49:29.997		0.59721			4
2024.11.05	01:49:30.798		0.59722			4
2024.11.05	01:49:37.700	0.59721	0.59724			6
2024.11.05	01:49:41.210	0.59725	0.59726			6
2024.11.05	01:49:41.527	0.59726	0.59728			6
2024.11.05	01:49:57.614		0.59727			4
2024.11.05	01:49:59.761		0.59728			4
2024.11.05	01:50:00.100	0.59726				2
2024.11.05	01:50:00.600		0.59727			4
2024.11.05	01:50:17.239	0.59727	0.59730			6
2024.11.05	01:50:23.610		0.59731			4
2024.11.05	01:50:25.391		0.59730			4
2024.11.05	01:50:26.180		0.59731			4
2024.11.05	01:51:00.053	0.59727				2
2024.11.05	01:51:01.497	0.59726	0.59729			6
2024.11.05	01:51:09.128		0.59728			4
2024.11.05	01:51:14.079		0.59727			4
2024.11.05	01:52:00.081	0.59719	0.59721			6
2024.11.05	01:52:13.355		0.59720			4
2024.11.05	01:52:13.723	0.59717	0.59721			6
2024.11.05	01:52:26.337		0.59722			4
2024.11.05	01:52:29.756	0.59719				2
2024.11.05	01:52:32.849	0.59722	0.59725			6
2024.11.05	01:52:38.039	0.59721	0.59723			6
2024.11.05	01:52:58.047	0.59722	0.59724			6
2024.11.05	01:53:00.162	0.59722				2
2024.11.05	01:53:04.721		0.59723			4
2024.11.05	01:53:06.815		0.59724			4
2024.11.05	01:53:31.380		0.59723			4
2024.11.05	01:53:31.696	0.59721				2
2024.11.05	01:53:32.513	0.59722	0.59724			6
2024.11.05	01:53:34.761		0.59725			4
2024.11.05	01:53:43.701		0.59724			4
2024.11.05	01:53:49.839		0.59725			4
2024.11.05	01:54:00.614	0.59722				2
2024.11.05	01:54:02.654		0.59724			4
2024.11.05	01:54:04.786		0.59723			4
2024.11.05	01:54:15.128	0.59719	0.59721			6
2024.11.05	01:54:15.436	0.59718				2
2024.11.05	01:54:28.703		0.59720			4
2024.11.05	01:54:32.393	0.59717	0.59719			6
2024.11.05	01:54:49.469		0.59720			4
2024.11.05	01:54:59.816	0.59721	0.59723			6
2024.11.05	01:55:00.304	0.59721				2
2024.11.05	01:55:07.144	0.59722	0.59724			6
2024.11.05	01:55:10.562	0.59723				2
2024.11.05	01:55:13.187		0.59725			4
2024.11.05	01:55:14.062		0.59724			4
2024.11.05	01:55:24.006	0.59722				2
2024.11.05	01:55:26.131		0.59725			4
2024.11.05	01:55:30.207	0.59725	0.59727			6
2024.11.05	01:55:30.517		0.59728			4
2024.11.05	01:55:45.466	0.59726	0.59729			6
2024.11.05	01:55:46.375	0.59725	0.59730			6
2024.11.05	01:55:51.254	0.59726				2
2024.11.05	01:55:56.160	0.59727				2
2024.11.05	01:55:57.388	0.59726				2
2024.11.05	01:56:06.757	0.59726				2
2024.11.05	01:56:08.263	0.59727	0.59731			6
2024.11.05	01:56:10.641		0.59732			4
2024.11.05	01:56:11.668		0.59731			4
2024.11.05	01:56:53.351	0.59728				2
2024.11.05	01:56:53.664	0.59729	0.59733			6
2024.11.05	01:56:54.303		0.59732			4
2024.11.05	01:57:04.120	0.59729				2
2024.11.05	01:57:16.408	0.59730	0.59734			6
2024.11.05	01:57:31.007	0.59731	0.59735			6
2024.11.05	01:57:31.312	0.59735	0.59738			6
2024.11.05	01:57:38.316		0.59739			4
2024.11.05	01:58:00.242	0.59735				2
2024.11.05	01:58:01.284	0.59733	0.59736			6
2024.11.05	01:58:01.610	0.59732				2
2024.11.05	01:58:01.957	0.59731	0.59735			6
2024.11.05	01:58:02.480	0.59729	0.59733			6
2024.11.05	01:58:10.424	0.59730	0.59734			6
2024.11.05	01:58:10.726	0.59731	0.59735			6
2024.11.05	01:58:13.382		0.59736			4
2024.11.05	01:58:14.327		0.59735			4
2024.11.05	01:58:15.385		0.59736			4
2024.11.05	01:58:16.429		0.59735			4
2024.11.05	01:58:17.379		0.59736			4
2024.11.05	01:58:20.045	0.59732				2
2024.11.05	01:58:34.061	0.59730	0.59732			6
2024.11.05	01:58:35.823	0.59729				2
2024.11.05	01:58:42.311	0.59728	0.59731			6
2024.11.05	01:58:43.967		0.59730			4
2024.11.05	01:59:00.362	0.59728				2
2024.11.05	01:59:12.148	0.59727				2
2024.11.05	01:59:28.479	0.59726	0.59727			6
2024.11.05	01:59:29.334		0.59728			4
2024.11.05	01:59:31.382	0.59725				2
2024.11.05	01:59:38.211	0.59729	0.59732			6
2024.11.05	01:59:38.531	0.59728				2
2024.11.05	01:59:45.820	0.59730	0.59734			6
2024.11.05	01:59:49.389	0.59731				2
2024.11.05	01:59:49.698		0.59735			4
2024.11.05	01:59:52.749	0.59730	0.59734			6
2024.11.05	01:59:53.941	0.59731	0.59735			6
2024.11.05	01:59:56.874	0.59730	0.59734			6
2024.11.05	02:00:00.116	0.59730				2
2024.11.05	02:00:00.423	0.59729	0.59733			6
2024.11.05	02:00:01.406		0.59732			4
2024.11.05	02:00:02.076	0.59728				2
2024.11.05	02:00:02.464	0.59726	0.59729			6
2024.11.05	02:00:02.765	0.59724	0.59728			6
2024.11.05	02:00:03.478		0.59727			4
2024.11.05	02:00:05.240		0.59726			4
2024.11.05	02:00:05.565		0.59727			4
2024.11.05	02:00:06.352		0.59728			4
2024.11.05	02:00:14.621	0.59726	0.59729			6
2024.11.05	02:00:14.925		0.59731			4
2024.11.05	02:00:17.781		0.59730			4
2024.11.05	02:00:25.584	0.59725				2
2024.11.05	02:00:25.887		0.59729			4
2024.11.05	02:00:33.638		0.59730			4
2024.11.05	02:00:33.941		0.59729			4
2024.11.05	02:00:39.410	0.59726				2
2024.11.05	02:00:40.810	0.59725				2
2024.11.05	02:00:41.597	0.59726				2
2024.11.05	02:00:42.454	0.59725				2
2024.11.05	02:00:43.831	0.59713	0.59714			6
2024.11.05	02:00:44.143	0.59710	0.59712			6
2024.11.05	02:00:44.460	0.59705	0.59706			6
2024.11.05	02:00:44.766	0.59707	0.59708			6
2024.11.05	02:00:46.180	0.59706	0.59707			6
2024.11.05	02:00:48.790		0.59708			4
2024.11.05	02:00:50.280		0.59707			4
2024.11.05	02:00:52.966	0.59707	0.59709			6
2024.11.05	02:00:53.345		0.59708			4
2024.11.05	02:00:53.712		0.59709			4
2024.11.05	02:00:54.611		0.59708			4
2024.11.05	02:00:54.991	0.59706				2
2024.11.05	02:00:56.790	0.59705	0.59706			6
2024.11.05	02:01:00.065	0.59705				2
2024.11.05	02:01:00.494		0.59707			4
2024.11.05	02:01:01.505		0.59706			4
2024.11.05	02:01:03.903	0.59703	0.59705			6
2024.11.05	02:01:04.546		0.59706			4
2024.11.05	02:01:05.840		0.59705			4
2024.11.05	02:01:06.819		0.59706			4
2024.11.05	02:01:10.592		0.59705			4
2024.11.05	02:01:11.358	0.59702	0.59704			6
2024.11.05	02:01:12.293	0.59701				2
2024.11.05	02:01:15.054	0.59702				2
2024.11.05	02:01:16.175	0.59699	0.59702			6
2024.11.05	02:01:18.967	0.59698				2
2024.11.05	02:01:19.481		0.59703			4
2024.11.05	02:01:20.041	0.59699				2
2024.11.05	02:01:20.428	0.59702	0.59706			6
2024.11.05	02:01:21.121	0.59703	0.59705			6
2024.11.05	02:01:21.579	0.59702				2
2024.11.05	02:01:24.897	0.59701	0.59704			6
2024.11.05	02:01:26.064	0.59702				2
2024.11.05	02:01:31.113	0.59700	0.59703			6
2024.11.05	02:01:31.691	0.59699				2
2024.11.05	02:01:32.508	0.59700	0.59705			6
2024.11.05	02:01:37.419	0.59701	0.59704			6
2024.11.05	02:01:37.793	0.59700				2
2024.11.05	02:01:43.363	0.59699				2
2024.11.05	02:01:43.984		0.59703			4
2024.11.05	02:01:45.494	0.59700				2
2024.11.05	02:01:46.150	0.59699				2
2024.11.05	02:01:59.506		0.59702			4
2024.11.05	02:02:00.378	0.59698	0.59701			6
2024.11.05	02:02:00.683	0.59697				2
2024.11.05	02:02:01.037	0.59698				2
2024.11.05	02:02:01.356	0.59697				2
2024.11.05	02:02:05.584	0.59698				2
2024.11.05	02:02:07.800		0.59702			4
2024.11.05	02:02:08.106		0.59703			4
2024.11.05	02:02:08.775	0.59697	0.59702			6
2024.11.05	02:02:10.841	0.59694	0.59699			6
2024.11.05	02:02:12.727	0.59695				2
2024.11.05	02:02:18.181	0.59696	0.59700			6
2024.11.05	02:02:18.490	0.59698	0.59701			6
2024.11.05	02:02:20.434	0.59700	0.59703			6
2024.11.05	02:02:21.080	0.59701	0.59704			6
2024.11.05	02:02:23.317	0.59700				2
2024.11.05	02:02:27.235		0.59703			4
2024.11.05	02:02:28.765	0.59699				2
2024.11.05	02:02:30.193		0.59702			4
2024.11.05	02:02:30.989	0.59697				2
2024.11.05	02:02:32.959	0.59698				2
2024.11.05	02:02:33.264		0.59701			4
2024.11.05	02:02:33.615		0.59702			4
2024.11.05	02:02:34.506	0.59699	0.59703			6
2024.11.05	02:02:34.807	0.59700	0.59704			6
2024.11.05	02:02:37.309	0.59699	0.59702			6
2024.11.05	02:02:39.397	0.59701	0.59704			6
2024.11.05	02:02:41.590	0.59699	0.59702			6
2024.11.05	02:02:44.741	0.59701	0.59703			6
2024.11.05	02:02:45.097		0.59704			4
2024.11.05	02:02:49.313	0.59703	0.59705			6
2024.11.05	02:02:51.463	0.59702				2
2024.11.05	02:02:55.440	0.59701				2
2024.11.05	02:02:55.758	0.59703	0.59706			6
2024.11.05	02:02:56.849		0.59707			4
2024.11.05	02:02:58.358		0.59706			4
2024.11.05	02:03:00.097	0.59705	0.59708			6
2024.11.05	02:03:00.414	0.59704	0.59707			6
2024.11.05	02:03:00.938		0.59706			4
2024.11.05	02:03:03.244	0.59703				2
2024.11.05	02:03:05.284	0.59705	0.59708			6
2024.11.05	02:03:20.111	0.59710	0.59713			6
2024.11.05	02:03:29.144		0.59712			4
2024.11.05	02:03:32.440	0.59709	0.59710			6
2024.11.05	02:03:32.760	0.59706	0.59709			6
2024.11.05	02:03:40.414		0.59708			4
2024.11.05	02:03:51.111		0.59709			4
2024.11.05	02:03:52.834		0.59708			4
2024.11.05	02:03:56.296	0.59704	0.59707			6
2024.11.05	02:03:57.335		0.59708			4
2024.11.05	02:03:58.020		0.59707			4
2024.11.05	02:03:58.413		0.59708			4
2024.11.05	02:04:00.101	0.59704				2
2024.11.05	02:04:00.469	0.59703	0.59705			6
2024.11.05	02:04:02.037	0.59701	0.59703			6
2024.11.05	02:04:02.675		0.59702			4
2024.11.05	02:04:03.026		0.59703			4
2024.11.05	02:04:07.895	0.59705	0.59707			6
2024.11.05	02:04:08.699	0.59704	0.59706			6
2024.11.05	02:04:09.006	0.59705	0.59708			6
2024.11.05	02:04:09.320		0.59709			4
2024.11.05	02:04:11.486		0.59708			4
2024.11.05	02:04:26.954		0.59710			4
2024.11.05	02:04:27.416		0.59709			4
2024.11.05	02:04:27.726		0.59710			4
2024.11.05	02:04:28.033	0.59710	0.59715			6
2024.11.05	02:04:29.033		0.59713			4
2024.11.05	02:04:32.362	0.59709	0.59711			6
2024.11.05	02:04:32.727	0.59708				2
2024.11.05	02:04:40.062	0.59709	0.59713			6
2024.11.05	02:04:41.129		0.59711			4
2024.11.05	02:04:42.005		0.59712			4
2024.11.05	02:04:42.371		0.59711			4
2024.11.05	02:04:47.606		0.59710			4
2024.11.05	02:04:47.916		0.59711			4
2024.11.05	02:04:49.314	0.59708	0.59710			6
2024.11.05	02:04:56.031		0.59709			4
2024.11.05	02:05:00.564	0.59708				2
2024.11.05	02:05:03.336	0.59707				2
2024.11.05	02:05:09.137		0.59708			4
2024.11.05	02:05:23.472	0.59706				2
2024.11.05	02:05:32.226	0.59707	0.59710			6
2024.11.05	02:05:36.535		0.59709			4
2024.11.05	02:05:37.668	0.59706	0.59708			6
2024.11.05	02:05:54.003	0.59701	0.59704			6
2024.11.05	02:05:59.087		0.59703			4
2024.11.05	02:06:00.280	0.59701				2
2024.11.05	02:06:01.020	0.59702	0.59705			6
2024.11.05	02:06:01.321		0.59704			4
2024.11.05	02:06:08.159	0.59703	0.59706			6
2024.11.05	02:06:21.454	0.59704				2
2024.11.05	02:06:24.703		0.59707			4
2024.11.05	02:06:25.990	0.59706	0.59709			6
2024.11.05	02:06:27.862		0.59710			4
2024.11.05	02:06:31.433	0.59707				2
2024.11.05	02:06:38.636	0.59708				2
2024.11.05	02:06:40.244		0.59711			4
2024.11.05	02:06:45.076	0.59710				2
2024.11.05	02:06:45.378	0.59708				2
2024.11.05	02:06:59.474		0.59710			4
2024.11.05	02:06:59.798		0.59711			4
2024.11.05	02:07:01.067	0.59708				2
2024.11.05	02:07:09.345		0.59710			4
2024.11.05	02:07:09.649		0.59711			4
2024.11.05	02:07:24.171	0.59709	0.59712			6
2024.11.05	02:07:31.029	0.59710	0.59714			6
2024.11.05	02:07:31.673	0.59709	0.59713			6
2024.11.05	02:07:32.137		0.59714			4
2024.11.05	02:07:32.504		0.59712			4
2024.11.05	02:07:33.129		0.59711			4
2024.11.05	02:07:36.173		0.59712			4
2024.11.05	02:07:36.854		0.59711			4
2024.11.05	02:07:37.190	0.59708				2
2024.11.05	02:07:43.030	0.59710	0.59714			6
2024.11.05	02:07:43.335	0.59711				2
2024.11.05	02:07:45.403	0.59712				2
2024.11.05	02:07:45.708		0.59715			4
2024.11.05	02:07:50.810		0.59714			4
2024.11.05	02:07:51.609	0.59709	0.59712			6
2024.11.05	02:07:55.799		0.59711			4
2024.11.05	02:07:58.182		0.59712			4
2024.11.05	02:08:00.215	0.59709	0.59711			6
2024.11.05	02:08:00.523		0.59712			4
2024.11.05	02:08:03.035	0.59712	0.59714			6
2024.11.05	02:08:03.433		0.59715			4
2024.11.05	02:08:04.055		0.59714			4
2024.11.05	02:08:04.756		0.59715			4
2024.11.05	02:08:05.099		0.59714			4
2024.11.05	02:08:05.980		0.59715			4
2024.11.05	02:08:06.281		0.59714			4
2024.11.05	02:08:06.615		0.59715			4
2024.11.05	02:08:08.839		0.59714			4
2024.11.05	02:08:12.558	0.59710	0.59711			6
2024.11.05	02:08:15.446		0.59712			4
2024.11.05	02:08:16.079		0.59711			4
2024.11.05	02:08:17.852		0.59712			4
2024.11.05	02:08:22.081		0.59711			4
2024.11.05	02:08:24.572	0.59709				2
2024.11.05	02:08:24.921		0.59710			4
2024.11.05	02:08:25.277		0.59711			4
2024.11.05	02:08:30.600		0.59712			4
2024.11.05	02:08:37.405	0.59712	0.59715			6
2024.11.05	02:08:53.547	0.59713				2
2024.11.05	02:08:53.890	0.59714	0.59717			6
2024.11.05	02:08:54.600		0.59716			4
2024.11.05	02:09:00.636	0.59714				2
2024.11.05	02:09:05.241		0.59717			4
2024.11.05	02:09:06.227		0.59716			4
2024.11.05	02:09:06.963	0.59713	0.59715			6
2024.11.05	02:09:34.362	0.59709	0.59711			6
2024.11.05	02:09:36.207		0.59712			4
2024.11.05	02:09:41.805		0.59711			4
2024.11.05	02:09:42.509		0.59712			4
2024.11.05	02:09:43.531		0.59711			4
2024.11.05	02:09:48.405		0.59712			4
2024.11.05	02:09:53.032		0.59711			4
2024.11.05	02:10:00.034	0.59709				2
2024.11.05	02:10:25.217		0.59712			4
2024.11.05	02:10:28.897	0.59715	0.59716			6
2024.11.05	02:10:29.208	0.59716	0.59717			6
2024.11.05	02:10:32.015	0.59715	0.59716			6
2024.11.05	02:10:34.711	0.59716	0.59717			6
2024.11.05	02:10:42.360	0.59717	0.59718			6
2024.11.05	02:10:45.019	0.59721	0.59724			6
2024.11.05	02:10:45.349		0.59723			4
2024.11.05	02:10:46.257		0.59724			4
2024.11.05	02:10:48.717	0.59724	0.59726			6
2024.11.05	02:10:49.114		0.59727			4
2024.11.05	02:10:51.497		0.59726			4
2024.11.05	02:10:51.889	0.59723				2
2024.11.05	02:10:53.926	0.59722	0.59725			6
2024.11.05	02:10:55.588	0.59723				2
2024.11.05	02:10:56.176		0.59726			4
2024.11.05	02:10:56.607	0.59724				2
2024.11.05	02:10:57.059	0.59723	0.59725			6
2024.11.05	02:10:58.134		0.59726			4
2024.11.05	02:10:58.562		0.59725			4
2024.11.05	02:10:59.098		0.59726			4
2024.11.05	02:10:59.406	0.59724				2
2024.11.05	02:10:59.748	0.59723	0.59725			6
2024.11.05	02:11:00.487	0.59723				2
2024.11.05	02:11:01.361	0.59722				2
2024.11.05	02:11:04.318		0.59724			4
2024.11.05	02:11:04.840		0.59725			4
2024.11.05	02:11:13.554	0.59723	0.59726			6
2024.11.05	02:11:17.581	0.59725	0.59728			6
2024.11.05	02:11:21.792	0.59721	0.59724			6
2024.11.05	02:11:28.898		0.59725			4
2024.11.05	02:11:29.279		0.59724			4
2024.11.05	02:11:30.067		0.59725			4
2024.11.05	02:11:32.345		0.59724			4
2024.11.05	02:11:37.603		0.59725			4
2024.11.05	02:11:38.734	0.59722				2
2024.11.05	02:11:39.541	0.59721				2
2024.11.05	02:11:39.847	0.59722				2
2024.11.05	02:11:42.835	0.59721				2
2024.11.05	02:11:44.704	0.59722				2
2024.11.05	02:11:45.057	0.59721				2
2024.11.05	02:11:48.415	0.59722				2
2024.11.05	02:11:49.582	0.59721				2
2024.11.05	02:11:52.003	0.59723	0.59726			6
2024.11.05	02:11:54.445	0.59725	0.59727			6
2024.11.05	02:12:00.128	0.59725				2
2024.11.05	02:12:04.626		0.59728			4
2024.11.05	02:12:18.194		0.59727			4
2024.11.05	02:12:18.622	0.59723	0.59725			6
2024.11.05	02:12:18.934		0.59724			4
2024.11.05	02:12:22.261	0.59722				2
2024.11.05	02:12:23.905		0.59725			4
2024.11.05	02:12:24.244	0.59723				2
2024.11.05	02:12:27.795	0.59722				2
2024.11.05	02:12:36.437		0.59723			4
2024.11.05	02:12:37.269	0.59721				2
2024.11.05	02:12:43.698		0.59724			4
2024.11.05	02:12:52.446		0.59723			4
2024.11.05	02:12:58.918	0.59720				2
2024.11.05	02:13:00.694	0.59720				2
2024.11.05	02:13:01.178	0.59723	0.59726			6
2024.11.05	02:13:02.095	0.59722	0.59725			6
2024.11.05	02:13:06.611	0.59723	0.59726			6
2024.11.05	02:13:06.942	0.59722	0.59725			6
2024.11.05	02:13:10.689		0.59724			4
2024.11.05	02:13:12.105		0.59725			4
2024.11.05	02:13:22.905	0.59723				2
2024.11.05	02:13:23.258	0.59726	0.59729			6
2024.11.05	02:13:23.728		0.59727			4
2024.11.05	02:13:25.092		0.59728			4
2024.11.05	02:13:25.868		0.59727			4
2024.11.05	02:13:32.252	0.59725	0.59726			6
2024.11.05	02:13:32.568	0.59724	0.59725			6
2024.11.05	02:13:36.651	0.59723				2
2024.11.05	02:13:47.165	0.59724				2
2024.11.05	02:13:47.530	0.59723				2
2024.11.05	02:13:55.551	0.59725	0.59726			6
2024.11.05	02:14:00.342	0.59725				2
2024.11.05	02:14:01.215		0.59727			4
2024.11.05	02:14:06.050	0.59726	0.59728			6
2024.11.05	02:14:12.104		0.59729			4
2024.11.05	02:14:16.657		0.59727			4
2024.11.05	02:14:17.011		0.59728			4
2024.11.05	02:14:20.234		0.59727			4
2024.11.05	02:14:20.787	0.59724				2
2024.11.05	02:14:21.951	0.59725				2
2024.11.05	02:14:22.511	0.59724				2
2024.11.05	02:14:22.811	0.59725				2
2024.11.05	02:14:23.965	0.59724				2
2024.11.05	02:14:25.201	0.59725	0.59728			6
2024.11.05	02:14:29.865		0.59727			4
2024.11.05	02:14:30.167	0.59724				2
2024.11.05	02:14:30.698	0.59725	0.59726			6
2024.11.05	02:14:34.309		0.59727			4
2024.11.05	02:14:41.532		0.59726			4
2024.11.05	02:14:51.066	0.59724				2
2024.11.05	02:14:52.518	0.59725	0.59727			6
2024.11.05	02:14:52.827		0.59728			4
2024.11.05	02:14:58.429		0.59727			4
2024.11.05	02:14:58.755	0.59724				2
2024.11.05	02:15:00.837	0.59725				2
2024.11.05	02:15:01.353	0.59724				2
2024.11.05	02:15:09.217		0.59726			4
2024.11.05	02:15:09.740		0.59727			4
2024.11.05	02:15:13.201		0.59726			4
2024.11.05	02:15:14.388	0.59725				2
2024.11.05	02:15:20.504		0.59727			4
2024.11.05	02:15:23.776		0.59726			4
2024.11.05	02:15:24.202		0.59727			4
2024.11.05	02:15:30.325	0.59724				2
2024.11.05	02:15:35.960	0.59722	0.59724			6
2024.11.05	02:15:39.424	0.59721				2
2024.11.05	02:15:39.942		0.59723			4
2024.11.05	02:15:55.639		0.59724			4
2024.11.05	02:16:00.469	0.59721				2
2024.11.05	02:16:01.442	0.59722	0.59723			6
2024.11.05	02:16:03.255		0.59724			4
2024.11.05	02:16:03.562		0.59723			4
2024.11.05	02:16:03.946	0.59723	0.59725			6
2024.11.05	02:16:04.314	0.59724				2
2024.11.05	02:16:04.641	0.59726	0.59728			6
2024.11.05	02:16:06.685	0.59725				2
2024.11.05	02:16:07.802	0.59726				2
2024.11.05	02:16:08.117	0.59725				2
2024.11.05	02:16:08.447	0.59726				2
2024.11.05	02:16:09.313	0.59725	0.59727			6
2024.11.05	02:16:10.630	0.59726				2
2024.11.05	02:16:11.002	0.59725				2
2024.11.05	02:16:11.307	0.59726				2
2024.11.05	02:16:11.607	0.59725				2
2024.11.05	02:16:11.967	0.59726				2
2024.11.05	02:16:12.267	0.59727	0.59730			6
2024.11.05	02:16:14.061	0.59730	0.59733			6
2024.11.05	02:16:14.419	0.59731				2
2024.11.05	02:16:15.706	0.59730				2
2024.11.05	02:16:16.013	0.59731				2
2024.11.05	02:16:16.319	0.59730				2
2024.11.05	02:16:16.897	0.59731				2
2024.11.05	02:16:17.300	0.59730				2
2024.11.05	02:16:18.097	0.59731				2
2024.11.05	02:16:21.961		0.59734			4
2024.11.05	02:16:22.338	0.59732	0.59735			6
2024.11.05	02:16:23.306	0.59733				2
2024.11.05	02:16:24.085	0.59732				2
2024.11.05	02:16:24.388	0.59733				2
2024.11.05	02:16:30.537	0.59735	0.59736			6
2024.11.05	02:16:35.902		0.59737			4
2024.11.05	02:16:39.413	0.59733	0.59735			6
2024.11.05	02:16:44.869		0.59734			4
2024.11.05	02:16:45.599	0.59732	0.59733			6
2024.11.05	02:17:00.511	0.59731				2
2024.11.05	02:17:05.373		0.59732			4
2024.11.05	02:17:30.070	0.59727	0.59729			6
2024.11.05	02:17:30.958	0.59728				2
2024.11.05	02:17:32.645		0.59730			4
2024.11.05	02:17:34.735		0.59731			4
2024.11.05	02:17:35.281		0.59730			4
2024.11.05	02:17:42.184		0.59729			4
2024.11.05	02:17:47.505		0.59730			4
2024.11.05	02:17:49.259	0.59730	0.59731			6
2024.11.05	02:17:49.568	0.59729	0.59730			6
2024.11.05	02:17:51.228		0.59731			4
2024.11.05	02:17:59.357	0.59730	0.59732			6
2024.11.05	02:18:00.245	0.59730				2
2024.11.05	02:18:01.137		0.59731			4
2024.11.05	02:18:02.333	0.59727	0.59728			6
2024.11.05	02:18:03.305	0.59726	0.59727			6
2024.11.05	02:18:13.044	0.59723	0.59724			6
2024.11.05	02:18:13.381		0.59725			4
2024.11.05	02:18:15.955	0.59724	0.59727			6
2024.11.05	02:18:26.243	0.59725				2
2024.11.05	02:18:28.341		0.59728			4
2024.11.05	02:18:30.090	0.59724	0.59725			6
2024.11.05	02:18:37.048	0.59723				2
2024.11.05	02:18:45.176	0.59722	0.59724			6
2024.11.05	02:18:47.414	0.59723	0.59725			6
2024.11.05	02:18:49.264	0.59722				2
2024.11.05	02:18:50.361	0.59721	0.59723			6
2024.11.05	02:18:50.984	0.59722	0.59724			6
2024.11.05	02:18:51.856		0.59725			4
2024.11.05	02:18:55.680	0.59724				2
2024.11.05	02:18:56.045	0.59722				2
2024.11.05	02:18:58.921	0.59721	0.59724			6
2024.11.05	02:18:59.383		0.59723			4
2024.11.05	02:19:00.262	0.59721				2
2024.11.05	02:19:26.913		0.59724			4
2024.11.05	02:19:46.419		0.59723			4
2024.11.05	02:19:48.101	0.59727	0.59729			6
2024.11.05	02:19:48.412		0.59728			4
2024.11.05	02:19:55.266	0.59726	0.59727			6
2024.11.05	02:20:00.009	0.59726				2
2024.11.05	02:20:09.270	0.59725	0.59726			6
2024.11.05	02:20:19.755	0.59724	0.59725			6
2024.11.05	02:20:20.462	0.59726	0.59729			6
2024.11.05	02:20:25.801	0.59727				2
2024.11.05	02:20:45.352		0.59728			4
2024.11.05	02:20:45.658		0.59729			4
2024.11.05	02:20:58.776	0.59728	0.59730			6
2024.11.05	02:20:59.086	0.59727				2
2024.11.05	02:21:00.264	0.59727				2
2024.11.05	02:21:02.681		0.59729			4
2024.11.05	02:21:03.819	0.59728				2
2024.11.05	02:21:04.129	0.59727				2
2024.11.05	02:21:07.306	0.59728				2
2024.11.05	02:21:07.714	0.59727				2
2024.11.05	02:21:08.218	0.59728				2
2024.11.05	02:21:08.522	0.59727				2
2024.11.05	02:21:11.071	0.59728				2
2024.11.05	02:21:11.404	0.59727				2
2024.11.05	02:21:19.895	0.59726	0.59728			6
2024.11.05	02:21:45.181	0.59727	0.59729			6
2024.11.05	02:21:52.228	0.59725	0.59727			6
2024.11.05	02:21:53.983		0.59728			4
2024.11.05	02:22:00.228	0.59725				2
2024.11.05	02:22:00.806		0.59727			4
2024.11.05	02:22:01.113	0.59722	0.59725			6
2024.11.05	02:22:08.116		0.59726			4
2024.11.05	02:22:08.431		0.59724			4
2024.11.05	02:22:15.234		0.59725			4
2024.11.05	02:22:16.635	0.59723				2
2024.11.05	02:22:19.481	0.59722				2
2024.11.05	02:22:19.785		0.59724			4
2024.11.05	02:22:21.366	0.59723	0.59725			6
2024.11.05	02:22:22.360	0.59722				2
2024.11.05	02:22:22.788	0.59723				2
2024.11.05	02:22:24.902	0.59724				2
2024.11.05	02:22:34.909	0.59723	0.59724			6
2024.11.05	02:22:35.235		0.59725			4
2024.11.05	02:22:40.489	0.59724				2
2024.11.05	02:22:40.805	0.59727	0.59729			6
2024.11.05	02:22:41.272		0.59728			4
2024.11.05	02:22:51.766	0.59728	0.59730			6
2024.11.05	02:22:59.215		0.59729			4
2024.11.05	02:23:00.425	0.59727	0.59728			6
2024.11.05	02:23:17.693	0.59725	0.59726			6
2024.11.05	02:23:38.978	0.59726	0.59727			6
2024.11.05	02:23:39.678	0.59725				2
2024.11.05	02:23:43.498		0.59726			4
2024.11.05	02:24:00.740	0.59725				2
2024.11.05	02:24:05.982	0.59724	0.59725			6
2024.11.05	02:24:26.672	0.59725	0.59727			6
2024.11.05	02:24:30.619		0.59726			4
2024.11.05	02:24:32.681	0.59726	0.59727			6
2024.11.05	02:24:36.599		0.59728			4
2024.11.05	02:24:36.927		0.59727			4
2024.11.05	02:24:52.737		0.59728			4
2024.11.05	02:24:53.130	0.59727				2
2024.11.05	02:25:00.220	0.59727				2
2024.11.05	02:25:38.037	0.59726	0.59727			6
2024.11.05	02:25:40.143	0.59725	0.59726			6
2024.11.05	02:25:50.825	0.59724				2
2024.11.05	02:25:51.527	0.59725				2
2024.11.05	02:25:57.693	0.59727	0.59728			6
2024.11.05	02:26:00.302	0.59727				2
2024.11.05	02:26:14.423	0.59725	0.59726			6
2024.11.05	02:26:25.659	0.59726	0.59728			6
2024.11.05	02:26:38.529	0.59725	0.59726			6
2024.11.05	02:26:40.831	0.59726	0.59727			6
2024.11.05	02:26:41.245	0.59727	0.59728			6
2024.11.05	02:26:54.328	0.59726	0.59727			6
2024.11.05	02:27:00.313	0.59726				2
2024.11.05	02:27:00.645	0.59725	0.59726			6
2024.11.05	02:27:01.298	0.59723	0.59724			6
2024.11.05	02:27:11.496	0.59725	0.59726			6
2024.11.05	02:27:15.542	0.59726	0.59727			6
2024.11.05	02:27:39.168	0.59724	0.59725			6
2024.11.05	02:28:00.180	0.59724				2
2024.11.05	02:28:01.510	0.59723	0.59724			6
2024.11.05	02:28:15.228	0.59724	0.59725			6
2024.11.05	02:28:15.545	0.59725	0.59726			6
2024.11.05	02:28:19.347	0.59724	0.59725			6
2024.11.05	02:28:24.881	0.59723				2
2024.11.05	02:28:42.962	0.59722	0.59723			6
2024.11.05	02:28:45.401	0.59723	0.59724			6
2024.11.05	02:28:57.732	0.59722	0.59723			6
2024.11.05	02:29:00.095	0.59722				2
2024.11.05	02:29:05.226	0.59723	0.59724			6
2024.11.05	02:29:22.752	0.59722	0.59723			6
2024.11.05	02:29:30.926		0.59724			4
2024.11.05	02:29:37.624		0.59723			4
2024.11.05	02:29:41.418	0.59721	0.59722			6
2024.11.05	02:29:42.175		0.59723			4
2024.11.05	02:29:42.617	0.59723	0.59724			6
2024.11.05	02:29:51.384		0.59725			4
2024.11.05	02:29:52.545		0.59724			4
2024.11.05	02:30:00.381	0.59722	0.59723			6
2024.11.05	02:30:00.900		0.59724			4
2024.11.05	02:30:06.429	0.59723	0.59725			6
2024.11.05	02:30:10.155	0.59722				2
2024.11.05	02:30:11.113	0.59723				2
2024.11.05	02:30:15.573		0.59724			4
2024.11.05	02:30:17.914	0.59722	0.59723			6
2024.11.05	02:30:30.392	0.59721				2
2024.11.05	02:30:46.462		0.59724			4
2024.11.05	02:30:50.174		0.59723			4
2024.11.05	02:30:56.121	0.59722	0.59724			6
2024.11.05	02:30:57.919	0.59721	0.59723			6
2024.11.05	02:31:00.463	0.59721				2
2024.11.05	02:31:01.434		0.59722			4
2024.11.05	02:31:10.375	0.59716	0.59719			6
2024.11.05	02:31:32.200	0.59717				2
2024.11.05	02:31:38.419	0.59716	0.59718			6
2024.11.05	02:31:40.500	0.59715				2
2024.11.05	02:31:40.844		0.59717			4
2024.11.05	02:31:43.582		0.59718			4
2024.11.05	02:31:55.426		0.59719			4
2024.11.05	02:31:57.925	0.59716	0.59718			6
2024.11.05	02:32:01.435	0.59715	0.59719			6
2024.11.05	02:32:02.230		0.59718			4
2024.11.05	02:32:08.678	0.59716				2
2024.11.05	02:32:11.812	0.59715				2
2024.11.05	02:32:31.565	0.59717	0.59720			6
2024.11.05	02:32:32.216	0.59716	0.59719			6
2024.11.05	02:32:57.966		0.59717			4
2024.11.05	02:32:58.365		0.59719			4
2024.11.05	02:33:00.439	0.59718	0.59721			6
2024.11.05	02:33:03.453	0.59716	0.59719			6
2024.11.05	02:33:06.662		0.59718			4
2024.11.05	02:33:08.565	0.59715				2
2024.11.05	02:33:22.430	0.59711	0.59713			6
2024.11.05	02:33:24.068	0.59710				2
2024.11.05	02:33:28.162	0.59705	0.59708			6
2024.11.05	02:33:30.148		0.59709			4
2024.11.05	02:33:39.262	0.59702	0.59705			6
2024.11.05	02:33:39.567		0.59704			4
2024.11.05	02:33:39.875	0.59701				2
2024.11.05	02:33:42.617		0.59703			4
2024.11.05	02:33:47.367		0.59704			4
2024.11.05	02:34:00.520	0.59701				2
2024.11.05	02:34:02.612	0.59700	0.59703			6
2024.11.05	02:34:04.696		0.59702			4
2024.11.05	02:34:05.456	0.59695	0.59698			6
2024.11.05	02:34:07.558	0.59697	0.59700			6
2024.11.05	02:34:07.901		0.59699			4
2024.11.05	02:34:08.655		0.59698			4
2024.11.05	02:34:09.585	0.59696				2
2024.11.05	02:34:17.562	0.59695				2
2024.11.05	02:34:19.908	0.59697	0.59699			6
2024.11.05	02:34:20.216	0.59700	0.59701			6
2024.11.05	02:34:20.521	0.59699				2
2024.11.05	02:34:32.382	0.59698				2
2024.11.05	02:34:33.700	0.59699				2
2024.11.05	02:34:35.885	0.59700	0.59702			6
2024.11.05	02:34:36.223	0.59699				2
2024.11.05	02:34:36.634	0.59698	0.59701			6
2024.11.05	02:34:57.843	0.59701	0.59703			6
2024.11.05	02:35:00.469	0.59701				2
2024.11.05	02:35:01.429	0.59700				2
2024.11.05	02:35:08.432		0.59702			4
2024.11.05	02:35:09.116	0.59692	0.59695			6
2024.11.05	02:35:09.482		0.59694			4
2024.11.05	02:35:10.445	0.59694	0.59697			6
2024.11.05	02:35:11.135	0.59693	0.59696			6
2024.11.05	02:35:12.867	0.59691	0.59694			6
2024.11.05	02:35:21.040	0.59682	0.59683			6
2024.11.05	02:35:21.348	0.59679	0.59682			6
2024.11.05	02:35:22.350	0.59680				2
2024.11.05	02:35:22.877		0.59683			4
2024.11.05	02:35:24.610		0.59684			4
2024.11.05	02:35:24.996	0.59679				2
2024.11.05	02:35:39.519		0.59683			4
2024.11.05	02:35:39.871		0.59684			4
2024.11.05	02:35:40.353		0.59683			4
2024.11.05	02:35:40.697		0.59684			4
2024.11.05	02:35:41.133	0.59675	0.59678			6
2024.11.05	02:35:42.849		0.59677			4
2024.11.05	02:35:43.232		0.59678			4
2024.11.05	02:35:45.689		0.59677			4
2024.11.05	02:35:45.996		0.59678			4
2024.11.05	02:35:47.957		0.59677			4
2024.11.05	02:35:48.266	0.59670	0.59673			6
2024.11.05	02:35:48.572	0.59669				2
2024.11.05	02:35:51.546	0.59671	0.59675			6
2024.11.05	02:35:51.850	0.59672				2
2024.11.05	02:35:52.177		0.59676			4
2024.11.05	02:35:55.160	0.59676	0.59680			6
2024.11.05	02:35:58.673	0.59674	0.59679			6
2024.11.05	02:36:00.383	0.59674	0.59677			6
2024.11.05	02:36:01.328	0.59670	0.59672			6
2024.11.05	02:36:02.347	0.59672	0.59673			6
2024.11.05	02:36:02.665	0.59671	0.59676			6
2024.11.05	02:36:02.992	0.59672				2
2024.11.05	02:36:03.373	0.59676	0.59677			6
2024.11.05	02:36:03.684	0.59674				2
2024.11.05	02:36:06.698	0.59672	0.59675			6
2024.11.05	02:36:07.319	0.59671	0.59674			6
2024.11.05	02:36:12.408	0.59670	0.59673			6
2024.11.05	02:36:14.041	0.59671	0.59674			6
2024.11.05	02:36:16.346	0.59670	0.59673			6
2024.11.05	02:36:16.697	0.59669	0.59672			6
2024.11.05	02:36:22.443		0.59673			4
2024.11.05	02:36:29.076		0.59672			4
2024.11.05	02:36:30.454		0.59671			4
2024.11.05	02:36:30.763		0.59670			4
2024.11.05	02:36:33.491	0.59671	0.59673			6
2024.11.05	02:36:34.838		0.59674			4
2024.11.05	02:36:36.705	0.59674	0.59675			6
2024.11.05	02:36:40.715	0.59673				2
2024.11.05	02:36:41.036	0.59674				2
2024.11.05	02:36:48.940	0.59676	0.59677			6
2024.11.05	02:36:49.580		0.59678			4
2024.11.05	02:36:50.843	0.59686	0.59687			6
2024.11.05	02:36:51.145	0.59687	0.59689			6
2024.11.05	02:36:51.653	0.59689	0.59691			6
2024.11.05	02:36:51.958	0.59691	0.59692			6
2024.11.05	02:36:52.266	0.59690	0.59691			6
2024.11.05	02:36:52.891	0.59691	0.59692			6
2024.11.05	02:36:53.211	0.59690	0.59691			6
2024.11.05	02:36:54.049	0.59688	0.59689			6
2024.11.05	02:36:54.368	0.59687	0.59688			6
2024.11.05	02:36:55.681	0.59692	0.59693			6
2024.11.05	02:37:00.037	0.59692				2
2024.11.05	02:37:13.500	0.59688	0.59689			6
2024.11.05	02:37:13.805	0.59684	0.59685			6
2024.11.05	02:37:15.334		0.59686			4
2024.11.05	02:37:18.316	0.59688	0.59691			6
2024.11.05	02:37:18.625		0.59690			4
2024.11.05	02:37:32.915	0.59687	0.59689			6
2024.11.05	02:37:35.392	0.59686	0.59687			6
2024.11.05	02:37:42.678	0.59684	0.59686			6
2024.11.05	02:37:43.001		0.59687			4
2024.11.05	02:37:47.380	0.59685				2
2024.11.05	02:37:50.765	0.59684	0.59686			6
2024.11.05	02:37:51.087		0.59685			4
2024.11.05	02:37:52.571		0.59687			4
2024.11.05	02:37:57.390		0.59686			4
2024.11.05	02:37:58.635		0.59685			4
2024.11.05	02:38:00.187	0.59684	0.59686			6
2024.11.05	02:38:02.509		0.59685			4
2024.11.05	02:38:22.162	0.59685	0.59688			6
2024.11.05	02:38:22.780		0.59687			4
2024.11.05	02:38:24.929		0.59688			4
2024.11.05	02:38:26.985	0.59684	0.59686			6
2024.11.05	02:38:28.592		0.59687			4
2024.11.05	02:38:29.042	0.59685				2
2024.11.05	02:38:29.377		0.59688			4
2024.11.05	02:38:29.893		0.59687			4
2024.11.05	02:38:30.842		0.59688			4
2024.11.05	02:38:34.810		0.59687			4
2024.11.05	02:38:37.533		0.59688			4
2024.11.05	02:38:39.577		0.59686			4
2024.11.05	02:38:39.883		0.59688			4
2024.11.05	02:38:43.094	0.59686				2
2024.11.05	02:38:43.719	0.59685				2
2024.11.05	02:38:47.544	0.59687	0.59690			6
2024.11.05	02:38:47.863	0.59689	0.59692			6
2024.11.05	02:38:48.183		0.59691			4
2024.11.05	02:38:49.632	0.59688				2
2024.11.05	02:38:49.990	0.59689	0.59692			6
2024.11.05	02:38:53.597	0.59688	0.59691			6
2024.11.05	02:38:53.989	0.59689	0.59692			6
2024.11.05	02:38:55.948		0.59691			4
2024.11.05	02:38:56.436		0.59690			4
2024.11.05	02:38:57.718	0.59688	0.59689			6
2024.11.05	02:39:00.397	0.59688	0.59690			6
2024.11.05	02:39:07.295	0.59689				2
2024.11.05	02:39:07.604	0.59690	0.59692			6
2024.11.05	02:39:35.092	0.59691	0.59693			6
2024.11.05	02:39:38.596		0.59692			4
2024.11.05	02:39:49.495	0.59690				2
2024.11.05	02:39:51.709		0.59693			4
2024.11.05	02:39:53.202		0.59692			4
2024.11.05	02:39:55.185	0.59688	0.59690			6
2024.11.05	02:40:00.045	0.59688				2
2024.11.05	02:40:03.928	0.59687				2
2024.11.05	02:40:07.982		0.59691			4
2024.11.05	02:40:12.268	0.59686	0.59687			6
2024.11.05	02:40:13.456		0.59688			4
2024.11.05	02:40:16.041	0.59680	0.59683			6
2024.11.05	02:40:16.342	0.59681				2
2024.11.05	02:40:17.927		0.59684			4
2024.11.05	02:40:20.025		0.59683			4
2024.11.05	02:40:20.327	0.59680				2
2024.11.05	02:40:21.784		0.59682			4
2024.11.05	02:40:28.038	0.59677	0.59680			6
2024.11.05	02:40:28.345		0.59681			4
2024.11.05	02:40:28.934	0.59675	0.59678			6
2024.11.05	02:40:29.236		0.59677			4
2024.11.05	02:40:35.508	0.59673	0.59675			6
2024.11.05	02:40:35.816		0.59674			4
2024.11.05	02:40:41.738	0.59672				2
2024.11.05	02:40:42.694	0.59674	0.59677			6
2024.11.05	02:40:43.388	0.59673	0.59675			6
2024.11.05	02:40:45.142	0.59675	0.59677			6
2024.11.05	02:40:50.621		0.59678			4
2024.11.05	02:40:50.934	0.59676				2
2024.11.05	02:40:55.026	0.59680	0.59682			6
2024.11.05	02:40:58.143	0.59679	0.59681			6
2024.11.05	02:40:59.179	0.59680	0.59682			6
2024.11.05	02:41:00.215	0.59680	0.59683			6
2024.11.05	02:41:02.793	0.59679	0.59681			6
2024.11.05	02:41:05.187	0.59676	0.59677			6
2024.11.05	02:41:05.503	0.59675				2
2024.11.05	02:41:10.773	0.59673	0.59676			6
2024.11.05	02:41:11.090	0.59672	0.59675			6
2024.11.05	02:41:11.514	0.59671	0.59673			6
2024.11.05	02:41:11.817	0.59673	0.59675			6
2024.11.05	02:41:14.602	0.59672				2
2024.11.05	02:41:16.902	0.59674				2
2024.11.05	02:41:17.210	0.59673				2
2024.11.05	02:41:19.503	0.59674				2
2024.11.05	02:41:21.325	0.59673				2
2024.11.05	02:41:26.942	0.59675	0.59676			6
2024.11.05	02:41:27.244	0.59676	0.59678			6
2024.11.05	02:41:27.548		0.59679			4
2024.11.05	02:41:32.577	0.59677				2
2024.11.05	02:41:33.592	0.59680	0.59683			6
2024.11.05	02:41:33.907		0.59682			4
2024.11.05	02:41:34.347	0.59679	0.59681			6
2024.11.05	02:41:40.067	0.59680	0.59683			6
2024.11.05	02:41:41.005	0.59681				2
2024.11.05	02:41:42.005	0.59682	0.59684			6
2024.11.05	02:41:44.644	0.59684	0.59686			6
2024.11.05	02:41:45.089	0.59683	0.59685			6
2024.11.05	02:41:46.694		0.59686			4
2024.11.05	02:41:48.642	0.59685	0.59689			6
2024.11.05	02:41:51.584		0.59688			4
2024.11.05	02:41:52.256	0.59687				2
2024.11.05	02:41:52.623	0.59685				2
2024.11.05	02:42:00.322	0.59685				2
2024.11.05	02:42:02.374	0.59684	0.59687			6
2024.11.05	02:42:02.685	0.59686	0.59689			6
2024.11.05	02:42:15.431	0.59690	0.59693			6
2024.11.05	02:42:16.235	0.59689	0.59690			6
2024.11.05	02:42:16.959	0.59687	0.59689			6
2024.11.05	02:42:17.268		0.59688			4
2024.11.05	02:42:21.583	0.59686				2
2024.11.05	02:42:24.923		0.59687			4
2024.11.05	02:42:25.260		0.59688			4
2024.11.05	02:42:28.244	0.59684	0.59687			6
2024.11.05	02:42:31.376	0.59685				2
2024.11.05	02:42:37.148	0.59683				2
2024.11.05	02:42:37.451	0.59681	0.59684			6
2024.11.05	02:42:49.028	0.59680				2
2024.11.05	02:42:52.115		0.59683			4
2024.11.05	02:42:53.375	0.59681	0.59684			6
2024.11.05	02:42:54.783	0.59680				2
2024.11.05	02:42:55.840	0.59679	0.59682			6
2024.11.05	02:42:56.151	0.59678	0.59681			6
2024.11.05	02:43:00.477	0.59678				2
2024.11.05	02:43:01.688	0.59677				2
2024.11.05	02:43:06.451	0.59678				2
2024.11.05	02:43:07.698	0.59679	0.59682			6
2024.11.05	02:43:16.327	0.59681	0.59683			6
2024.11.05	02:43:16.781	0.59680				2
2024.11.05	02:43:20.343	0.59681	0.59684			6
2024.11.05	02:43:23.242	0.59679	0.59682			6
2024.11.05	02:43:25.394	0.59680	0.59684			6
2024.11.05	02:43:25.814	0.59682				2
2024.11.05	02:43:26.121	0.59683	0.59686			6
2024.11.05	02:43:28.195	0.59682				2
2024.11.05	02:43:36.108		0.59685			4
2024.11.05	02:43:37.845	0.59681	0.59684			6
2024.11.05	02:43:40.631		0.59683			4
2024.11.05	02:43:44.004	0.59682	0.59685			6
2024.11.05	02:44:00.571	0.59682				2
2024.11.05	02:44:07.352	0.59681				2
2024.11.05	02:44:15.087	0.59680	0.59682			6
2024.11.05	02:44:17.319	0.59677	0.59680			6
2024.11.05	02:44:17.713	0.59678	0.59681			6
2024.11.05	02:44:18.640	0.59677	0.59680			6
2024.11.05	02:44:23.085	0.59678	0.59681			6
2024.11.05	02:44:23.407	0.59677	0.59680			6
2024.11.05	02:44:30.221		0.59679			4
2024.11.05	02:44:34.325	0.59679	0.59682			6
2024.11.05	02:44:38.454	0.59678	0.59681			6
2024.11.05	02:44:38.825	0.59679	0.59682			6
2024.11.05	02:44:43.422	0.59680	0.59683			6
2024.11.05	02:44:46.723		0.59681			4
2024.11.05	02:44:47.049	0.59675	0.59678			6
2024.11.05	02:45:00.446	0.59675				2
2024.11.05	02:45:02.628		0.59677			4
2024.11.05	02:45:02.935	0.59674				2
2024.11.05	02:45:13.430	0.59675	0.59678			6
2024.11.05	02:45:19.251	0.59674	0.59677			6
2024.11.05	02:45:24.606	0.59675				2
2024.11.05	02:45:25.818		0.59678			4
2024.11.05	02:45:28.071	0.59679	0.59681			6
2024.11.05	02:45:28.392	0.59678				2
2024.11.05	02:45:33.061	0.59675	0.59678			6
2024.11.05	02:45:46.633		0.59677			4
2024.11.05	02:45:58.462		0.59678			4
2024.11.05	02:46:00.546	0.59675				2
2024.11.05	02:46:05.309	0.59671	0.59673			6
2024.11.05	02:46:14.910	0.59672	0.59677			6
2024.11.05	02:46:15.212	0.59673	0.59676			6
2024.11.05	02:46:19.863	0.59674	0.59677			6
2024.11.05	02:46:20.182		0.59676			4
2024.11.05	02:46:21.370	0.59673				2
2024.11.05	02:46:25.611		0.59675			4
2024.11.05	02:46:26.646		0.59676			4
2024.11.05	02:46:30.621	0.59674				2
2024.11.05	02:46:31.279	0.59673				2
2024.11.05	02:46:33.972	0.59674	0.59677			6
2024.11.05	02:46:34.277	0.59673	0.59676			6
2024.11.05	02:46:34.935		0.59675			4
2024.11.05	02:46:39.545	0.59675	0.59678			6
2024.11.05	02:46:40.575	0.59674	0.59677			6
2024.11.05	02:46:40.878	0.59673	0.59676			6
2024.11.05	02:46:44.586	0.59675	0.59678			6
2024.11.05	02:46:46.797	0.59676	0.59680			6
2024.11.05	02:46:47.101	0.59677				2
2024.11.05	02:46:47.417	0.59675	0.59679			6
2024.11.05	02:46:49.996		0.59678			4
2024.11.05	02:46:51.431	0.59676				2
2024.11.05	02:46:52.396		0.59679			4
2024.11.05	02:46:55.466	0.59677	0.59680			6
2024.11.05	02:46:58.160	0.59680	0.59682			6
2024.11.05	02:46:58.752		0.59684			4
2024.11.05	02:46:59.052		0.59681			4
2024.11.05	02:46:59.390	0.59675	0.59678			6
2024.11.05	02:47:00.213	0.59675				2
2024.11.05	02:47:11.851	0.59676				2
2024.11.05	02:47:14.238	0.59675				2
2024.11.05	02:47:14.547	0.59676	0.59680			6
2024.11.05	02:47:14.990	0.59677				2
2024.11.05	02:47:16.288	0.59678	0.59681			6
2024.11.05	02:47:17.640	0.59677	0.59680			6
2024.11.05	02:47:18.552	0.59678	0.59681			6
2024.11.05	02:47:34.743	0.59679	0.59682			6
2024.11.05	02:47:38.116	0.59682	0.59684			6
2024.11.05	02:47:38.423		0.59685			4
2024.11.05	02:47:39.480	0.59683	0.59686			6
2024.11.05	02:47:41.858	0.59685	0.59688			6
2024.11.05	02:47:43.493	0.59684	0.59687			6
2024.11.05	02:47:44.209	0.59685	0.59688			6
2024.11.05	02:47:47.184	0.59684	0.59685			6
2024.11.05	02:47:48.842		0.59686			4
2024.11.05	02:47:49.771		0.59685			4
2024.11.05	02:47:51.664		0.59686			4
2024.11.05	02:47:58.634		0.59687			4
2024.11.05	02:47:59.042		0.59686			4
2024.11.05	02:48:00.603	0.59684				2
2024.11.05	02:48:07.206	0.59683	0.59684			6
2024.11.05	02:48:07.508	0.59682				2
2024.11.05	02:48:08.415		0.59683			4
2024.11.05	02:48:11.021	0.59681	0.59682			6
2024.11.05	02:48:11.758		0.59683			4
2024.11.05	02:48:16.073		0.59682			4
2024.11.05	02:48:16.402		0.59683			4
2024.11.05	02:48:17.640	0.59680				2
2024.11.05	02:48:18.681		0.59682			4
2024.11.05	02:48:19.422	0.59679	0.59680			6
2024.11.05	02:48:19.733		0.59682			4
2024.11.05	02:48:24.007	0.59678	0.59681			6
2024.11.05	02:48:26.917	0.59679				2
2024.11.05	02:48:28.347		0.59682			4
2024.11.05	02:48:28.651	0.59681	0.59683			6
2024.11.05	02:48:29.516		0.59684			4
2024.11.05	02:48:35.142	0.59683	0.59686			6
2024.11.05	02:48:39.496	0.59680	0.59683			6
2024.11.05	02:48:43.004		0.59682			4
2024.11.05	02:48:44.564	0.59679	0.59681			6
2024.11.05	02:48:47.499	0.59678				2
2024.11.05	02:48:53.810	0.59679				2
2024.11.05	02:48:54.677		0.59683			4
2024.11.05	02:48:55.393		0.59682			4
2024.11.05	02:48:58.044	0.59681	0.59685			6
2024.11.05	02:48:58.357	0.59682	0.59686			6
2024.11.05	02:48:58.670		0.59685			4
2024.11.05	02:48:59.793		0.59686			4
2024.11.05	02:49:00.401	0.59682				2
2024.11.05	02:49:02.335	0.59680	0.59685			6
2024.11.05	02:49:05.772		0.59684			4
2024.11.05	02:49:25.600	0.59682	0.59686			6
2024.11.05	02:49:29.069		0.59687			4
2024.11.05	02:49:39.715		0.59686			4
2024.11.05	02:49:46.010	0.59680	0.59683			6
2024.11.05	02:49:54.211	0.59679	0.59682			6
2024.11.05	02:50:00.193	0.59679				2
2024.11.05	02:50:07.400	0.59678				2
2024.11.05	02:50:19.510	0.59679				2
2024.11.05	02:50:19.829	0.59682	0.59685			6
2024.11.05	02:50:23.870	0.59684	0.59686			6
2024.11.05	02:50:24.185	0.59685	0.59688			6
2024.11.05	02:50:24.976	0.59684	0.59687			6
2024.11.05	02:50:30.525	0.59686	0.59688			6
2024.11.05	02:50:30.984	0.59687	0.59691			6
2024.11.05	02:50:31.297	0.59686	0.59690			6
2024.11.05	02:50:31.612	0.59689	0.59692			6
2024.11.05	02:50:37.606	0.59690	0.59693			6
2024.11.05	02:50:43.573	0.59691	0.59694			6
2024.11.05	02:50:45.477	0.59693	0.59695			6
2024.11.05	02:50:45.781		0.59696			4
2024.11.05	02:50:47.053		0.59697			4
2024.11.05	02:50:47.590		0.59696			4
2024.11.05	02:51:00.310	0.59694	0.59697			6
2024.11.05	02:51:00.733		0.59698			4
2024.11.05	02:51:01.327		0.59697			4
2024.11.05	02:51:02.110	0.59695	0.59698			6
2024.11.05	02:51:02.418	0.59696				2
2024.11.05	02:51:02.734		0.59699			4
2024.11.05	02:51:04.485	0.59700	0.59703			6
2024.11.05	02:51:04.795	0.59701				2
2024.11.05	02:51:05.419	0.59700				2
2024.11.05	02:51:06.307	0.59701				2
2024.11.05	02:51:07.011	0.59700				2
2024.11.05	02:51:08.928	0.59701				2
2024.11.05	02:51:10.986	0.59702	0.59705			6
2024.11.05	02:51:11.315		0.59704			4
2024.11.05	02:51:14.593		0.59703			4
2024.11.05	02:51:15.053		0.59704			4
2024.11.05	02:51:20.806	0.59701				2
2024.11.05	02:51:25.764		0.59703			4
2024.11.05	02:51:29.550	0.59698	0.59702			6
2024.11.05	02:51:30.599		0.59701			4
2024.11.05	02:51:51.993		0.59702			4
2024.11.05	02:51:52.541		0.59701			4
2024.11.05	02:51:53.562	0.59696	0.59699			6
2024.11.05	02:51:54.380		0.59698			4
2024.11.05	02:52:00.279	0.59696				2
2024.11.05	02:52:02.732		0.59699			4
2024.11.05	02:52:03.968		0.59698			4
2024.11.05	02:52:04.348		0.59699			4
2024.11.05	02:52:05.919		0.59698			4
2024.11.05	02:52:06.234		0.59699			4
2024.11.05	02:52:07.330		0.59698			4
2024.11.05	02:52:09.413	0.59694	0.59696			6
2024.11.05	02:52:11.296	0.59693				2
2024.11.05	02:52:12.281	0.59692	0.59695			6
2024.11.05	02:52:12.582		0.59694			4
2024.11.05	02:52:15.669	0.59691				2
2024.11.05	02:52:17.654	0.59690	0.59692			6
2024.11.05	02:52:18.036		0.59693			4
2024.11.05	02:52:19.500	0.59691				2
2024.11.05	02:52:19.867		0.59694			4
2024.11.05	02:52:23.422		0.59695			4
2024.11.05	02:52:23.725		0.59693			4
2024.11.05	02:52:24.088		0.59694			4
2024.11.05	02:52:56.200	0.59694	0.59697			6
2024.11.05	02:52:56.518	0.59697	0.59699			6
2024.11.05	02:52:56.821		0.59700			4
2024.11.05	02:53:00.905	0.59697				2
2024.11.05	02:53:06.717	0.59696				2
2024.11.05	02:53:10.068	0.59697	0.59699			6
2024.11.05	02:53:15.941	0.59696				2
2024.11.05	02:53:23.382	0.59697	0.59700			6
2024.11.05	02:53:26.558	0.59694	0.59696			6
2024.11.05	02:53:30.120	0.59693				2
2024.11.05	02:53:32.373	0.59692	0.59695			6
2024.11.05	02:53:32.684	0.59693				2
2024.11.05	02:53:36.679		0.59696			4
2024.11.05	02:53:51.772	0.59697	0.59699			6
2024.11.05	02:53:57.123		0.59700			4
2024.11.05	02:54:00.490	0.59697				2
2024.11.05	02:54:09.367		0.59699			4
2024.11.05	02:54:09.673	0.59696				2
2024.11.05	02:54:11.576	0.59695	0.59698			6
2024.11.05	02:54:12.192		0.59699			4
2024.11.05	02:54:13.367	0.59696				2
2024.11.05	02:54:16.656	0.59694	0.59696			6
2024.11.05	02:54:17.520	0.59693	0.59697			6
2024.11.05	02:54:17.824		0.59696			4
2024.11.05	02:54:18.240	0.59694				2
2024.11.05	02:54:19.055	0.59695				2
2024.11.05	02:54:20.126	0.59693				2
2024.11.05	02:54:20.447	0.59694				2
2024.11.05	02:54:21.168		0.59697			4
2024.11.05	02:54:26.312	0.59693				2
2024.11.05	02:54:26.631	0.59694				2
2024.11.05	02:54:27.287	0.59692	0.59695			6
2024.11.05	02:54:27.591	0.59696	0.59699			6
2024.11.05	02:54:29.970	0.59697				2
2024.11.05	02:54:32.629	0.59698	0.59700			6
2024.11.05	02:54:37.291	0.59699	0.59702			6
2024.11.05	02:54:39.398		0.59701			4
2024.11.05	02:54:42.299	0.59698				2
2024.11.05	02:54:44.482	0.59697				2
2024.11.05	02:54:44.786	0.59698				2
2024.11.05	02:54:46.503	0.59701	0.59704			6
2024.11.05	02:54:46.855	0.59700				2
2024.11.05	02:54:47.164		0.59703			4
2024.11.05	02:54:47.569	0.59701	0.59704			6
2024.11.05	02:54:50.259	0.59702	0.59705			6
2024.11.05	02:54:50.907		0.59704			4
2024.11.05	02:54:52.253	0.59701				2
2024.11.05	02:54:52.591	0.59702	0.59705			6
2024.11.05	02:54:53.045	0.59701	0.59704			6
2024.11.05	02:54:54.678	0.59702				2
2024.11.05	02:54:55.411	0.59703	0.59706			6
2024.11.05	02:54:57.621		0.59707			4
2024.11.05	02:54:58.395	0.59704				2
2024.11.05	02:54:59.089	0.59703				2
2024.11.05	02:54:59.421		0.59706			4
2024.11.05	02:54:59.735	0.59702	0.59703			6
2024.11.05	02:55:00.369	0.59701				2
2024.11.05	02:55:01.358	0.59696	0.59699			6
2024.11.05	02:55:01.666		0.59698			4
2024.11.05	02:55:02.373		0.59699			4
2024.11.05	02:55:02.708		0.59700			4
2024.11.05	02:55:05.468	0.59695				2
2024.11.05	02:55:07.507	0.59694	0.59697			6
2024.11.05	02:55:08.307		0.59698			4
2024.11.05	02:55:09.250	0.59695				2
2024.11.05	02:55:09.555	0.59694				2
2024.11.05	02:55:09.873		0.59697			4
2024.11.05	02:55:11.077	0.59692	0.59696			6
2024.11.05	02:55:11.706	0.59691	0.59694			6
2024.11.05	02:55:12.025	0.59690				2
2024.11.05	02:55:12.508		0.59695			4
2024.11.05	02:55:13.418		0.59694			4
2024.11.05	02:55:14.361	0.59693	0.59697			6
2024.11.05	02:55:17.324		0.59696			4
2024.11.05	02:55:17.646		0.59697			4
2024.11.05	02:55:19.042	0.59695	0.59698			6
2024.11.05	02:55:19.345	0.59696	0.59699			6
2024.11.05	02:55:19.649	0.59697	0.59700			6
2024.11.05	02:55:28.259	0.59696	0.59699			6
2024.11.05	02:55:28.580	0.59695	0.59698			6
2024.11.05	02:55:28.972		0.59699			4
2024.11.05	02:55:31.557	0.59696	0.59700			6
2024.11.05	02:55:35.318	0.59695	0.59698			6
2024.11.05	02:55:35.715		0.59699			4
2024.11.05	02:55:36.964		0.59698			4
2024.11.05	02:55:37.535	0.59694				2
2024.11.05	02:55:39.031	0.59695	0.59699			6
2024.11.05	02:55:39.346	0.59696				2
2024.11.05	02:55:39.708		0.59700			4
2024.11.05	02:55:40.032		0.59699			4
2024.11.05	02:55:40.355		0.59700			4
2024.11.05	02:55:40.663		0.59699			4
2024.11.05	02:55:41.018		0.59700			4
2024.11.05	02:55:44.250		0.59699			4
2024.11.05	02:55:45.596	0.59695	0.59698			6
2024.11.05	02:55:46.682		0.59699			4
2024.11.05	02:55:48.999		0.59698			4
2024.11.05	02:55:49.361		0.59699			4
2024.11.05	02:55:52.531	0.59693	0.59697			6
2024.11.05	02:55:53.212	0.59694	0.59698			6
2024.11.05	02:55:53.995	0.59696	0.59699			6
2024.11.05	02:55:56.123	0.59695				2
2024.11.05	02:55:58.413		0.59698			4
2024.11.05	02:55:58.714		0.59699			4
2024.11.05	02:56:00.640	0.59695				2
2024.11.05	02:56:07.993	0.59696				2
2024.11.05	02:56:08.857	0.59697	0.59700			6
2024.11.05	02:56:14.415	0.59696				2
2024.11.05	02:56:16.999		0.59699			4
2024.11.05	02:56:17.302		0.59700			4
2024.11.05	02:56:18.564		0.59701			4
2024.11.05	02:56:18.936		0.59700			4
2024.11.05	02:56:19.971	0.59697	0.59701			6
2024.11.05	02:56:20.526	0.59696	0.59700			6
2024.11.05	02:56:21.654		0.59701			4
2024.11.05	02:56:22.679	0.59697				2
2024.11.05	02:56:23.356	0.59696	0.59700			6
2024.11.05	02:56:23.779	0.59697	0.59701			6
2024.11.05	02:56:24.087	0.59699	0.59703			6
2024.11.05	02:56:24.396		0.59702			4
2024.11.05	02:56:25.700	0.59698				2
2024.11.05	02:56:28.061	0.59697	0.59700			6
2024.11.05	02:56:28.753		0.59699			4
2024.11.05	02:56:37.683		0.59701			4
2024.11.05	02:56:37.985		0.59700			4
2024.11.05	02:56:39.117		0.59701			4
2024.11.05	02:56:39.438		0.59700			4
2024.11.05	02:56:39.862	0.59696	0.59698			6
2024.11.05	02:56:48.679	0.59694	0.59697			6
2024.11.05	02:56:48.998		0.59696			4
2024.11.05	02:56:49.307	0.59692	0.59694			6
2024.11.05	02:56:50.982	0.59691				2
2024.11.05	02:56:53.643	0.59689	0.59693			6
2024.11.05	02:56:55.824		0.59692			4
2024.11.05	02:57:00.551	0.59689				2
2024.11.05	02:57:01.723		0.59693			4
2024.11.05	02:57:03.589		0.59692			4
2024.11.05	02:57:03.954		0.59693			4
2024.11.05	02:57:05.061		0.59692			4
2024.11.05	02:57:07.282	0.59688				2
2024.11.05	02:57:07.584	0.59687	0.59689			6
2024.11.05	02:57:08.299	0.59686				2
2024.11.05	02:57:08.632		0.59688			4
2024.11.05	02:57:09.318	0.59688	0.59691			6
2024.11.05	02:57:09.626	0.59693	0.59694			6
2024.11.05	02:57:10.288	0.59692	0.59693			6
2024.11.05	02:57:10.730	0.59693	0.59694			6
2024.11.05	02:57:15.712	0.59694	0.59695			6
2024.11.05	02:57:16.721	0.59693	0.59694			6
2024.11.05	02:57:24.591	0.59692	0.59693			6
2024.11.05	02:57:39.468	0.59691	0.59692			6
2024.11.05	02:57:42.616	0.59690	0.59691			6
2024.11.05	02:57:43.161	0.59689	0.59690			6
2024.11.05	02:57:54.728	0.59692	0.59693			6
2024.11.05	02:57:55.038	0.59691	0.59692			6
2024.11.05	02:57:55.695	0.59692	0.59693			6
2024.11.05	02:58:00.301	0.59692				2
2024.11.05	02:58:01.744	0.59693	0.59695			6
2024.11.05	02:58:03.917	0.59695	0.59697			6
2024.11.05	02:58:04.223		0.59696			4
2024.11.05	02:58:04.620		0.59697			4
2024.11.05	02:58:06.310	0.59697	0.59699			6
2024.11.05	02:58:07.641	0.59698	0.59700			6
2024.11.05	02:58:07.951	0.59697	0.59699			6
2024.11.05	02:58:09.620	0.59701	0.59702			6
2024.11.05	02:58:09.946	0.59700	0.59703			6
2024.11.05	02:58:10.253		0.59702			4
2024.11.05	02:58:13.317	0.59703	0.59705			6
2024.11.05	02:58:15.716		0.59704			4
2024.11.05	02:58:16.345		0.59705			4
2024.11.05	02:58:17.074		0.59704			4
2024.11.05	02:58:25.844	0.59702				2
2024.11.05	02:58:26.150	0.59703				2
2024.11.05	02:58:34.195	0.59702	0.59703			6
2024.11.05	02:58:35.584	0.59703	0.59704			6
2024.11.05	02:58:38.897	0.59702				2
2024.11.05	02:58:44.800	0.59703				2
2024.11.05	02:58:46.601		0.59705			4
2024.11.05	02:58:46.912	0.59705	0.59706			6
2024.11.05	02:58:48.193		0.59707			4
2024.11.05	02:58:53.384		0.59706			4
2024.11.05	02:59:00.431	0.59708	0.59709			6
2024.11.05	02:59:11.986	0.59707	0.59708			6
2024.11.05	02:59:19.722		0.59709			4
2024.11.05	02:59:20.447	0.59708				2
2024.11.05	02:59:20.891	0.59707	0.59708			6
2024.11.05	02:59:21.842	0.59706	0.59707			6
2024.11.05	02:59:25.473	0.59705	0.59706			6
2024.11.05	02:59:48.498	0.59707	0.59709			6
2024.11.05	02:59:49.323	0.59708				2
2024.11.05	02:59:50.438	0.59709	0.59710			6
2024.11.05	02:59:51.669		0.59711			4
2024.11.05	02:59:53.015		0.59710			4
2024.11.05	02:59:56.107	0.59707	0.59709			6
2024.11.05	02:59:56.885		0.59708			4
2024.11.05	02:59:57.605	0.59706	0.59707			6
2024.11.05	03:00:00.311	0.59705	0.59706			6
2024.11.05	03:00:00.615	0.59703	0.59704			6
2024.11.05	03:00:01.593	0.59707	0.59708			6
2024.11.05	03:00:01.903		0.59709			4
2024.11.05	03:00:02.554		0.59708			4
2024.11.05	03:00:03.174		0.59709			4
2024.11.05	03:00:04.939	0.59706	0.59707			6
2024.11.05	03:00:05.671	0.59708	0.59709			6
2024.11.05	03:00:06.458		0.59710			4
2024.11.05	03:00:07.121		0.59709			4
2024.11.05	03:00:07.432	0.59706	0.59707			6
2024.11.05	03:00:10.082	0.59704	0.59706			6
2024.11.05	03:00:10.705	0.59705	0.59707			6
2024.11.05	03:00:12.579	0.59704	0.59708			6
2024.11.05	03:00:12.965		0.59706			4
2024.11.05	03:00:13.331	0.59706	0.59708			6
2024.11.05	03:00:14.010		0.59707			4
2024.11.05	03:00:15.355		0.59708			4
2024.11.05	03:00:15.667	0.59707	0.59709			6
2024.11.05	03:00:16.135	0.59706	0.59707			6
2024.11.05	03:00:16.440		0.59708			4
2024.11.05	03:00:20.345		0.59707			4
2024.11.05	03:00:21.761	0.59705	0.59706			6
2024.11.05	03:00:23.093	0.59703	0.59704			6
2024.11.05	03:00:23.397	0.59701	0.59702			6
2024.11.05	03:00:24.479	0.59702	0.59703			6
2024.11.05	03:00:25.635		0.59704			4
2024.11.05	03:00:26.749	0.59703				2
2024.11.05	03:00:27.281	0.59704	0.59705			6
2024.11.05	03:00:27.688	0.59703	0.59704			6
2024.11.05	03:00:29.529	0.59702	0.59703			6
2024.11.05	03:00:29.852	0.59703	0.59704			6
2024.11.05	03:00:30.189	0.59702	0.59703			6
2024.11.05	03:00:32.255	0.59699	0.59700			6
2024.11.05	03:00:33.332	0.59700	0.59701			6
2024.11.05	03:00:40.518	0.59703	0.59704			6
2024.11.05	03:00:40.831	0.59702	0.59703			6
2024.11.05	03:00:44.494		0.59704			4
2024.11.05	03:00:44.801	0.59703				2
2024.11.05	03:00:45.119	0.59702	0.59703			6
2024.11.05	03:00:45.790	0.59703	0.59704			6
2024.11.05	03:00:48.462	0.59702				2
2024.11.05	03:00:49.300		0.59703			4
2024.11.05	03:00:49.606	0.59703	0.59704			6
2024.11.05	03:00:52.483	0.59706	0.59707			6
2024.11.05	03:00:52.784	0.59711	0.59712			6
2024.11.05	03:00:53.105	0.59709				2
2024.11.05	03:00:53.776	0.59710				2
2024.11.05	03:00:54.969	0.59708	0.59710			6
2024.11.05	03:00:55.274		0.59709			4
2024.11.05	03:00:58.383		0.59710			4
2024.11.05	03:00:59.015		0.59709			4
2024.11.05	03:01:00.041	0.59708				2
2024.11.05	03:01:01.113	0.59710	0.59711			6
2024.11.05	03:01:02.656		0.59712			4
2024.11.05	03:01:02.962	0.59712	0.59713			6
2024.11.05	03:01:04.944		0.59714			4
2024.11.05	03:01:07.786	0.59713				2
2024.11.05	03:01:11.325	0.59712	0.59713			6
2024.11.05	03:01:11.633	0.59709	0.59710			6
2024.11.05	03:01:11.939	0.59708	0.59709			6
2024.11.05	03:01:15.443	0.59707	0.59708			6
2024.11.05	03:01:18.686	0.59708	0.59709			6
2024.11.05	03:01:20.706	0.59704	0.59706			6
2024.11.05	03:01:21.023	0.59706	0.59708			6
2024.11.05	03:01:21.325		0.59709			4
2024.11.05	03:01:21.644	0.59705	0.59706			6
2024.11.05	03:01:25.861		0.59707			4
2024.11.05	03:01:26.163	0.59706	0.59708			6
2024.11.05	03:01:26.485		0.59707			4
2024.11.05	03:01:26.901	0.59707	0.59708			6
2024.11.05	03:01:27.326	0.59706	0.59707			6
2024.11.05	03:01:27.647	0.59707	0.59708			6
2024.11.05	03:01:28.921	0.59706	0.59707			6
2024.11.05	03:01:31.339	0.59707	0.59708			6
2024.11.05	03:01:32.129	0.59706				2
2024.11.05	03:01:32.435		0.59707			4
2024.11.05	03:01:34.118	0.59705				2
2024.11.05	03:01:36.608	0.59706				2
2024.11.05	03:01:37.073	0.59705				2
2024.11.05	03:01:37.614	0.59706				2
2024.11.05	03:01:39.510	0.59707	0.59708			6
2024.11.05	03:01:43.333		0.59709			4
2024.11.05	03:01:43.959	0.59705	0.59707			6
2024.11.05	03:01:44.261	0.59706				2
2024.11.05	03:01:44.938	0.59703	0.59705			6
2024.11.05	03:01:45.802		0.59704			4
2024.11.05	03:01:46.442	0.59702				2
2024.11.05	03:01:46.761		0.59703			4
2024.11.05	03:01:47.064	0.59700				2
2024.11.05	03:01:48.689	0.59698	0.59700			6
2024.11.05	03:01:49.026		0.59699			4
2024.11.05	03:01:50.608	0.59696	0.59697			6
2024.11.05	03:01:50.926	0.59695				2
2024.11.05	03:01:51.229	0.59696				2
2024.11.05	03:01:52.632	0.59697	0.59699			6
2024.11.05	03:01:53.253	0.59695	0.59697			6
2024.11.05	03:01:53.615	0.59696				2
2024.11.05	03:01:53.936	0.59698	0.59700			6
2024.11.05	03:01:55.498		0.59699			4
2024.11.05	03:01:55.984		0.59700			4
2024.11.05	03:01:57.065	0.59699				2
2024.11.05	03:01:57.718	0.59698				2
2024.11.05	03:01:58.023		0.59699			4
2024.11.05	03:02:00.428	0.59698				2
2024.11.05	03:02:01.086	0.59697				2
2024.11.05	03:02:02.895	0.59696	0.59697			6
2024.11.05	03:02:03.409	0.59695				2
2024.11.05	03:02:04.403	0.59697	0.59698			6
2024.11.05	03:02:04.710		0.59699			4
2024.11.05	03:02:05.081	0.59698	0.59700			6
2024.11.05	03:02:05.777	0.59697				2
2024.11.05	03:02:06.536	0.59699	0.59701			6
2024.11.05	03:02:06.848		0.59702			4
2024.11.05	03:02:12.375	0.59700	0.59703			6
2024.11.05	03:02:13.191		0.59701			4
2024.11.05	03:02:13.503	0.59696	0.59698			6
2024.11.05	03:02:13.812		0.59699			4
2024.11.05	03:02:15.891	0.59697				2
2024.11.05	03:02:18.469	0.59696	0.59698			6
2024.11.05	03:02:18.789	0.59697	0.59700			6
2024.11.05	03:02:20.200		0.59699			4
2024.11.05	03:02:21.402		0.59700			4
2024.11.05	03:02:21.816		0.59699			4
2024.11.05	03:02:22.243		0.59700			4
2024.11.05	03:02:24.955	0.59699	0.59702			6
2024.11.05	03:02:25.293	0.59697	0.59699			6
2024.11.05	03:02:26.519	0.59696	0.59697			6
2024.11.05	03:02:27.187	0.59695				2
2024.11.05	03:02:27.804		0.59696			4
2024.11.05	03:02:28.595	0.59692	0.59693			6
2024.11.05	03:02:30.948		0.59694			4
2024.11.05	03:02:31.314	0.59693	0.59695			6
2024.11.05	03:02:31.929	0.59692	0.59694			6
2024.11.05	03:02:32.614	0.59693	0.59695			6
2024.11.05	03:02:32.970	0.59692				2
2024.11.05	03:02:36.120	0.59691	0.59692			6
2024.11.05	03:02:36.421	0.59690				2
2024.11.05	03:02:36.794	0.59691				2
2024.11.05	03:02:37.101	0.59690				2
2024.11.05	03:02:37.477	0.59691				2
2024.11.05	03:02:38.832	0.59690	0.59693			6
2024.11.05	03:02:39.138	0.59691				2
2024.11.05	03:02:39.475		0.59694			4
2024.11.05	03:02:42.514	0.59692	0.59695			6
2024.11.05	03:02:42.822	0.59694	0.59697			6
2024.11.05	03:02:43.124		0.59698			4
2024.11.05	03:02:43.435		0.59697			4
2024.11.05	03:02:47.196	0.59695				2
2024.11.05	03:02:47.528	0.59694				2
2024.11.05	03:02:47.838	0.59695	0.59698			6
2024.11.05	03:02:48.144	0.59697	0.59700			6
2024.11.05	03:02:48.902	0.59699	0.59701			6
2024.11.05	03:02:50.664	0.59698	0.59699			6
2024.11.05	03:02:50.977	0.59697				2
2024.11.05	03:02:52.469	0.59699	0.59702			6
2024.11.05	03:02:53.100	0.59697	0.59699			6
2024.11.05	03:02:54.665	0.59698	0.59700			6
2024.11.05	03:02:54.968	0.59699	0.59701			6
2024.11.05	03:02:55.463		0.59702			4
2024.11.05	03:02:55.969	0.59700				2
2024.11.05	03:02:56.332	0.59699				2
2024.11.05	03:02:56.661	0.59700				2
2024.11.05	03:02:59.961		0.59701			4
2024.11.05	03:03:00.439	0.59700	0.59703			6
2024.11.05	03:03:00.759	0.59701	0.59702			6
2024.11.05	03:03:01.064	0.59700				2
2024.11.05	03:03:02.863	0.59698	0.59700			6
2024.11.05	03:03:03.192		0.59699			4
2024.11.05	03:03:03.498	0.59697	0.59698			6
2024.11.05	03:03:04.075	0.59696	0.59697			6
2024.11.05	03:03:06.034	0.59700	0.59702			6
2024.11.05	03:03:06.426	0.59701	0.59704			6
2024.11.05	03:03:07.572	0.59703	0.59705			6
2024.11.05	03:03:07.872	0.59704				2
2024.11.05	03:03:10.703		0.59707			4
2024.11.05	03:03:11.007	0.59705	0.59706			6
2024.11.05	03:03:11.548	0.59704				2
2024.11.05	03:03:11.864	0.59705				2
2024.11.05	03:03:17.126	0.59704	0.59705			6
2024.11.05	03:03:17.861	0.59703				2
2024.11.05	03:03:18.160	0.59704				2
2024.11.05	03:03:18.854	0.59705	0.59707			6
2024.11.05	03:03:19.626	0.59704	0.59706			6
2024.11.05	03:03:20.253	0.59705				2
2024.11.05	03:03:25.193	0.59704				2
2024.11.05	03:03:28.717	0.59702	0.59704			6
2024.11.05	03:03:29.042	0.59696	0.59697			6
2024.11.05	03:03:29.344	0.59695				2
2024.11.05	03:03:30.537		0.59696			4
2024.11.05	03:03:30.913	0.59696	0.59697			6
2024.11.05	03:03:31.273	0.59695	0.59696			6
2024.11.05	03:03:31.577	0.59694				2
2024.11.05	03:03:31.925	0.59696	0.59698			6
2024.11.05	03:03:32.245	0.59697	0.59699			6
2024.11.05	03:03:35.422		0.59698			4
2024.11.05	03:03:35.727	0.59696	0.59697			6
2024.11.05	03:03:36.061	0.59697	0.59698			6
2024.11.05	03:03:40.083	0.59692	0.59694			6
2024.11.05	03:03:40.393		0.59695			4
2024.11.05	03:03:40.720		0.59694			4
2024.11.05	03:03:42.812		0.59695			4
2024.11.05	03:03:44.851		0.59694			4
2024.11.05	03:03:45.788	0.59691	0.59693			6
2024.11.05	03:03:49.151	0.59692				2
2024.11.05	03:03:51.102	0.59691				2
2024.11.05	03:03:52.174	0.59690	0.59692			6
2024.11.05	03:03:52.495	0.59689				2
2024.11.05	03:03:54.365	0.59690				2
2024.11.05	03:03:54.706	0.59689				2
2024.11.05	03:03:57.908	0.59690				2
2024.11.05	03:03:58.254	0.59689				2
2024.11.05	03:04:00.399	0.59687	0.59689			6
2024.11.05	03:04:01.085	0.59689	0.59692			6
2024.11.05	03:04:01.399	0.59690				2
2024.11.05	03:04:02.048	0.59689				2
2024.11.05	03:04:02.372	0.59690				2
2024.11.05	03:04:06.016	0.59689				2
2024.11.05	03:04:10.409		0.59691			4
2024.11.05	03:04:10.879	0.59688				2
2024.11.05	03:04:11.291	0.59693	0.59695			6
2024.11.05	03:04:11.615	0.59692	0.59694			6
2024.11.05	03:04:12.691		0.59695			4
2024.11.05	03:04:13.426		0.59694			4
2024.11.05	03:04:14.088	0.59694	0.59697			6
2024.11.05	03:04:14.397	0.59695				2
2024.11.05	03:04:15.677	0.59694				2
2024.11.05	03:04:16.012	0.59695				2
2024.11.05	03:04:16.863	0.59694				2
2024.11.05	03:04:18.031		0.59696			4
2024.11.05	03:04:18.352		0.59697			4
2024.11.05	03:04:19.418		0.59696			4
2024.11.05	03:04:20.248	0.59692	0.59694			6
2024.11.05	03:04:22.503	0.59691				2
2024.11.05	03:04:23.946	0.59692				2
2024.11.05	03:04:24.302	0.59691	0.59693			6
2024.11.05	03:04:30.836	0.59687	0.59689			6
2024.11.05	03:04:31.160	0.59689	0.59691			6
2024.11.05	03:04:31.665	0.59688				2
2024.11.05	03:04:34.322	0.59687	0.59689			6
2024.11.05	03:04:48.345		0.59688			4
2024.11.05	03:04:48.667	0.59686				2
2024.11.05	03:04:49.943		0.59687			4
2024.11.05	03:04:50.376	0.59685				2
2024.11.05	03:04:51.391	0.59687	0.59689			6
