<DATE>	<TIME>	<BID>	<ASK>	<LAST>	<VOLUME>	<FLAGS>
2024.10.15	00:00:00.451	0.60921	0.60973			6
2024.10.15	00:00:01.412	0.60870	0.60978			6
2024.10.15	00:00:31.322		0.60975			4
2024.10.15	00:01:00.420	0.60868				2
2024.10.15	00:01:13.643		0.60970			4
2024.10.15	00:01:14.671	0.60872				2
2024.10.15	00:02:00.441	0.60872				2
2024.10.15	00:02:23.626		0.60970			4
2024.10.15	00:03:10.891	0.60872				2
2024.10.15	00:03:33.634		0.60970			4
2024.10.15	00:03:46.921	0.60869				2
2024.10.15	00:04:00.882	0.60872				2
2024.10.15	00:04:43.641		0.60970			4
2024.10.15	00:05:00.652	0.60872				2
2024.10.15	00:05:30.658		0.60958			4
2024.10.15	00:05:31.126	0.60889				2
2024.10.15	00:05:51.793	0.60890				2
2024.10.15	00:06:00.551	0.60890				2
2024.10.15	00:06:01.108	0.60891				2
2024.10.15	00:06:12.329	0.60890				2
2024.10.15	00:06:16.202	0.60893				2
2024.10.15	00:06:33.762		0.60957			4
2024.10.15	00:06:36.417	0.60897				2
2024.10.15	00:06:40.011	0.60896				2
2024.10.15	00:06:47.721		0.60959			4
2024.10.15	00:07:01.570	0.60896	0.60958			6
2024.10.15	00:07:11.706	0.60893				2
2024.10.15	00:07:18.530	0.60897				2
2024.10.15	00:08:00.568	0.60900				2
2024.10.15	00:08:04.805		0.60958			4
2024.10.15	00:08:05.815	0.60897				2
2024.10.15	00:08:13.235	0.60899				2
2024.10.15	00:08:25.687		0.60959			4
2024.10.15	00:09:00.402	0.60899				2
2024.10.15	00:09:09.455	0.60898				2
2024.10.15	00:09:29.190		0.60959			4
2024.10.15	00:09:39.801	0.60900				2
2024.10.15	00:10:00.309	0.60900				2
2024.10.15	00:10:02.003	0.60901				2
2024.10.15	00:10:09.233	0.60900				2
2024.10.15	00:10:12.678	0.60901				2
2024.10.15	00:11:25.008	0.60901	0.60957			6
2024.10.15	00:12:01.266	0.60901				2
2024.10.15	00:12:28.469		0.60957			4
2024.10.15	00:13:03.548	0.60901				2
2024.10.15	00:13:15.226	0.60895				2
2024.10.15	00:13:29.381		0.60957			4
2024.10.15	00:13:40.075	0.60902				2
2024.10.15	00:14:00.723	0.60902				2
2024.10.15	00:14:25.018		0.60956			4
2024.10.15	00:14:30.131		0.60957			4
2024.10.15	00:15:00.830	0.60902				2
2024.10.15	00:15:01.975	0.60903				2
2024.10.15	00:15:30.727		0.60957			4
2024.10.15	00:16:00.429	0.60903				2
2024.10.15	00:16:08.040	0.60902				2
2024.10.15	00:16:08.721	0.60903				2
2024.10.15	00:16:16.013	0.60902				2
2024.10.15	00:16:17.126	0.60903				2
2024.10.15	00:16:32.633		0.60957			4
2024.10.15	00:16:44.640		0.60959			4
2024.10.15	00:16:57.968	0.60904				2
2024.10.15	00:17:00.104	0.60904				2
2024.10.15	00:17:03.700		0.60957			4
2024.10.15	00:18:01.793	0.60904				2
2024.10.15	00:18:04.431		0.60957			4
2024.10.15	00:18:16.789	0.60905				2
2024.10.15	00:18:27.295	0.60907				2
2024.10.15	00:18:42.373		0.60958			4
2024.10.15	00:18:43.789		0.60955			4
2024.10.15	00:18:45.032	0.60906	0.60957			6
2024.10.15	00:18:45.991	0.60907				2
2024.10.15	00:18:58.775	0.60908				2
2024.10.15	00:19:02.873	0.60908				2
2024.10.15	00:19:14.141	0.60907				2
2024.10.15	00:19:14.685	0.60908				2
2024.10.15	00:19:47.592		0.60957			4
2024.10.15	00:19:59.356	0.60907				2
2024.10.15	00:20:00.731	0.60908				2
2024.10.15	00:20:13.867		0.60958			4
2024.10.15	00:20:18.959		0.60959			4
2024.10.15	00:20:28.964	0.60907				2
2024.10.15	00:20:44.095	0.60908	0.60958			6
2024.10.15	00:20:53.455	0.60907				2
2024.10.15	00:20:58.787	0.60908				2
2024.10.15	00:21:01.211	0.60907	0.60956			6
2024.10.15	00:21:06.964		0.60957			4
2024.10.15	00:21:07.301		0.60959			4
2024.10.15	00:21:14.089		0.60957			4
2024.10.15	00:21:23.664	0.60908				2
2024.10.15	00:21:33.620		0.60958			4
2024.10.15	00:21:34.072		0.60957			4
2024.10.15	00:21:34.396	0.60907				2
2024.10.15	00:21:39.971		0.60958			4
2024.10.15	00:21:40.739		0.60957			4
2024.10.15	00:21:41.169		0.60958			4
2024.10.15	00:21:41.741		0.60957			4
2024.10.15	00:21:43.394		0.60958			4
2024.10.15	00:21:49.130	0.60906				2
2024.10.15	00:21:53.587		0.60959			4
2024.10.15	00:21:53.891	0.60907				2
2024.10.15	00:21:57.062	0.60906				2
2024.10.15	00:22:00.857	0.60906				2
2024.10.15	00:22:01.847		0.60957			4
2024.10.15	00:22:07.860		0.60958			4
2024.10.15	00:22:12.720		0.60957			4
2024.10.15	00:22:14.023		0.60959			4
2024.10.15	00:22:17.779		0.60960			4
2024.10.15	00:22:33.661		0.60958			4
2024.10.15	00:23:00.826	0.60906				2
2024.10.15	00:23:02.066	0.60907				2
2024.10.15	00:23:19.863	0.60905	0.60956			6
2024.10.15	00:23:29.183	0.60906				2
2024.10.15	00:23:35.165	0.60905				2
2024.10.15	00:23:55.212		0.60957			4
2024.10.15	00:24:00.728	0.60905				2
2024.10.15	00:24:16.958	0.60904				2
2024.10.15	00:24:20.671	0.60903				2
2024.10.15	00:24:28.013	0.60904	0.60955			6
2024.10.15	00:24:31.804	0.60903				2
2024.10.15	00:24:36.025	0.60902	0.60958			6
2024.10.15	00:24:36.342	0.60903	0.60956			6
2024.10.15	00:24:59.495		0.60954			4
2024.10.15	00:25:00.168	0.60903				2
2024.10.15	00:25:00.489		0.60955			4
2024.10.15	00:25:01.234	0.60902	0.60954			6
2024.10.15	00:25:07.255		0.60955			4
2024.10.15	00:25:08.237		0.60957			4
2024.10.15	00:25:11.759	0.60901				2
2024.10.15	00:25:55.280	0.60902	0.60956			6
2024.10.15	00:25:56.500	0.60901				2
2024.10.15	00:25:56.959		0.60955			4
2024.10.15	00:26:04.224	0.60901				2
2024.10.15	00:26:04.528		0.60956			4
2024.10.15	00:26:21.898		0.60958			4
2024.10.15	00:26:57.020		0.60955			4
2024.10.15	00:26:58.862	0.60902				2
2024.10.15	00:27:02.429	0.60902				2
2024.10.15	00:27:11.122	0.60901				2
2024.10.15	00:27:12.334	0.60902				2
2024.10.15	00:27:14.931		0.60957			4
2024.10.15	00:27:16.465		0.60956			4
2024.10.15	00:27:17.245	0.60901				2
2024.10.15	00:27:31.913		0.60955			4
2024.10.15	00:27:41.206		0.60954			4
2024.10.15	00:28:00.230	0.60901				2
2024.10.15	00:28:01.376	0.60902				2
2024.10.15	00:28:13.821	0.60901	0.60955			6
2024.10.15	00:28:31.438	0.60900	0.60956			6
2024.10.15	00:28:35.030	0.60901				2
2024.10.15	00:29:01.278	0.60901	0.60961			6
2024.10.15	00:29:03.191		0.60956			4
2024.10.15	00:29:03.970	0.60899	0.60954			6
2024.10.15	00:29:10.442	0.60900				2
2024.10.15	00:29:11.906	0.60901				2
2024.10.15	00:29:13.870		0.60955			4
2024.10.15	00:29:25.939		0.60956			4
2024.10.15	00:29:31.837	0.60900	0.60955			6
2024.10.15	00:29:32.173	0.60901				2
2024.10.15	00:29:36.852	0.60900	0.60954			6
2024.10.15	00:29:42.777		0.60955			4
2024.10.15	00:29:43.788		0.60954			4
2024.10.15	00:29:44.192	0.60901				2
2024.10.15	00:29:45.933	0.60900	0.60955			6
2024.10.15	00:29:49.832		0.60957			4
2024.10.15	00:29:57.660	0.60901				2
2024.10.15	00:30:00.324	0.60901	0.60956			6
2024.10.15	00:30:01.666	0.60900				2
2024.10.15	00:30:05.556	0.60902				2
2024.10.15	00:30:06.331		0.60957			4
2024.10.15	00:30:13.462	0.60903	0.60959			6
2024.10.15	00:30:16.956		0.60958			4
2024.10.15	00:30:33.037	0.60901	0.60957			6
2024.10.15	00:30:43.236	0.60904	0.60961			6
2024.10.15	00:30:43.859		0.60960			4
2024.10.15	00:30:53.073	0.60907	0.60958			6
2024.10.15	00:30:53.630	0.60909				2
2024.10.15	00:31:04.264	0.60909	0.60966			6
2024.10.15	00:31:05.027		0.60963			4
2024.10.15	00:31:08.121	0.60906	0.60966			6
2024.10.15	00:31:09.825	0.60905				2
2024.10.15	00:31:18.612	0.60906				2
2024.10.15	00:31:27.959		0.60965			4
2024.10.15	00:31:43.352		0.60963			4
2024.10.15	00:31:44.230	0.60909				2
2024.10.15	00:32:00.322	0.60908				2
2024.10.15	00:32:09.011	0.60909	0.60962			6
2024.10.15	00:32:11.206	0.60907	0.60964			6
2024.10.15	00:32:13.876		0.60965			4
2024.10.15	00:32:14.185	0.60909	0.60964			6
2024.10.15	00:32:21.850	0.60908	0.60965			6
2024.10.15	00:32:28.278	0.60910	0.60963			6
2024.10.15	00:32:37.917	0.60908				2
2024.10.15	00:32:46.326	0.60911				2
2024.10.15	00:32:48.381	0.60907	0.60962			6
2024.10.15	00:32:48.825		0.60963			4
2024.10.15	00:33:00.323	0.60907				2
2024.10.15	00:33:03.746	0.60909	0.60962			6
2024.10.15	00:33:04.526	0.60907	0.60964			6
2024.10.15	00:33:09.754		0.60965			4
2024.10.15	00:33:12.717		0.60963			4
2024.10.15	00:33:13.489	0.60909	0.60965			6
2024.10.15	00:33:17.511		0.60964			4
2024.10.15	00:33:22.283	0.60906	0.60962			6
2024.10.15	00:33:27.013		0.60964			4
2024.10.15	00:33:28.708	0.60910				2
2024.10.15	00:33:33.624		0.60962			4
2024.10.15	00:33:47.102	0.60909	0.60963			6
2024.10.15	00:33:57.028	0.60908				2
2024.10.15	00:33:58.973		0.60965			4
2024.10.15	00:34:00.971	0.60908	0.60966			6
2024.10.15	00:34:12.416		0.60963			4
2024.10.15	00:34:25.689	0.60909				2
2024.10.15	00:34:47.157	0.60910				2
2024.10.15	00:35:01.175	0.60910				2
2024.10.15	00:35:02.656	0.60909	0.60964			6
2024.10.15	00:35:06.794		0.60963			4
2024.10.15	00:35:11.785	0.60910	0.60966			6
2024.10.15	00:35:42.886		0.60964			4
2024.10.15	00:35:46.852	0.60906	0.60963			6
2024.10.15	00:35:47.602		0.60966			4
2024.10.15	00:36:00.862	0.60906				2
2024.10.15	00:36:07.440		0.60963			4
2024.10.15	00:36:08.634	0.60907				2
2024.10.15	00:36:30.469		0.60965			4
2024.10.15	00:36:35.159		0.60967			4
2024.10.15	00:36:45.470	0.60908	0.60964			6
2024.10.15	00:36:46.360	0.60907	0.60963			6
2024.10.15	00:36:46.658	0.60908				2
2024.10.15	00:36:48.761		0.60962			4
2024.10.15	00:37:00.720	0.60907				2
2024.10.15	00:37:09.501	0.60908				2
2024.10.15	00:37:10.088	0.60907				2
2024.10.15	00:37:10.580		0.60963			4
2024.10.15	00:37:15.921	0.60908	0.60962			6
2024.10.15	00:37:24.178		0.60963			4
2024.10.15	00:37:26.018	0.60907				2
2024.10.15	00:37:36.119		0.60962			4
2024.10.15	00:37:41.094	0.60908				2
2024.10.15	00:37:44.025	0.60917	0.60964			6
2024.10.15	00:37:45.133		0.60963			4
2024.10.15	00:38:00.724	0.60917				2
2024.10.15	00:38:01.373		0.60965			4
2024.10.15	00:38:01.974		0.60963			4
2024.10.15	00:38:10.181		0.60964			4
2024.10.15	00:38:12.178		0.60965			4
2024.10.15	00:38:32.681		0.60967			4
2024.10.15	00:38:33.303		0.60965			4
2024.10.15	00:38:42.587		0.60966			4
2024.10.15	00:38:47.591		0.60967			4
2024.10.15	00:38:48.230		0.60965			4
2024.10.15	00:38:53.109		0.60967			4
2024.10.15	00:38:56.723		0.60966			4
2024.10.15	00:38:58.928		0.60967			4
2024.10.15	00:39:01.969	0.60917				2
2024.10.15	00:39:14.963		0.60966			4
2024.10.15	00:39:18.112		0.60967			4
2024.10.15	00:39:33.806		0.60964			4
2024.10.15	00:39:38.133		0.60967			4
2024.10.15	00:39:49.446		0.60965			4
2024.10.15	00:39:51.524		0.60967			4
2024.10.15	00:39:53.191		0.60966			4
2024.10.15	00:39:55.835		0.60965			4
2024.10.15	00:40:01.563	0.60917				2
2024.10.15	00:40:05.342		0.60967			4
2024.10.15	00:40:08.182		0.60966			4
2024.10.15	00:40:20.172		0.60964			4
2024.10.15	00:40:24.262		0.60967			4
2024.10.15	00:40:28.394		0.60964			4
2024.10.15	00:40:28.723		0.60966			4
2024.10.15	00:40:30.438		0.60964			4
2024.10.15	00:40:34.444		0.60968			4
2024.10.15	00:40:48.092		0.60964			4
2024.10.15	00:41:00.967	0.60917	0.60969			6
2024.10.15	00:41:07.186		0.60968			4
2024.10.15	00:41:09.231		0.60969			4
2024.10.15	00:42:00.439	0.60917				2
2024.10.15	00:42:16.555		0.60969			4
2024.10.15	00:42:37.431	0.60918				2
2024.10.15	00:42:41.940	0.60917				2
2024.10.15	00:42:47.777	0.60918				2
2024.10.15	00:42:49.187	0.60917				2
2024.10.15	00:42:56.575	0.60916				2
2024.10.15	00:43:00.363	0.60916				2
2024.10.15	00:43:20.356		0.60969			4
2024.10.15	00:43:46.214	0.60918				2
2024.10.15	00:44:04.944	0.60923	0.60973			6
2024.10.15	00:44:05.348	0.60922				2
2024.10.15	00:44:21.495	0.60921				2
2024.10.15	00:44:36.428		0.60972			4
2024.10.15	00:44:44.161	0.60920				2
2024.10.15	00:44:46.305		0.60973			4
2024.10.15	00:44:48.949		0.60972			4
2024.10.15	00:44:50.219	0.60919				2
2024.10.15	00:45:05.683	0.60919				2
2024.10.15	00:45:07.374	0.60933	0.60960			6
2024.10.15	00:45:08.509	0.60934				2
2024.10.15	00:45:09.748	0.60933				2
2024.10.15	00:45:17.209	0.60934				2
2024.10.15	00:45:20.403	0.60933				2
2024.10.15	00:45:39.035	0.60932				2
2024.10.15	00:45:40.476	0.60933				2
2024.10.15	00:45:46.338	0.60932				2
2024.10.15	00:46:00.170	0.60933				2
2024.10.15	00:46:06.167	0.60934				2
2024.10.15	00:46:10.723		0.60960			4
2024.10.15	00:46:11.164	0.60933				2
2024.10.15	00:46:12.171	0.60936				2
2024.10.15	00:46:12.831	0.60933				2
2024.10.15	00:46:27.788	0.60934				2
2024.10.15	00:46:28.526	0.60933				2
2024.10.15	00:46:41.915	0.60932				2
2024.10.15	00:47:00.022	0.60932				2
2024.10.15	00:47:07.202	0.60933				2
2024.10.15	00:47:11.870	0.60932	0.60960			6
2024.10.15	00:47:13.153	0.60933				2
2024.10.15	00:47:34.295	0.60935				2
2024.10.15	00:47:37.913		0.60961			4
2024.10.15	00:47:43.337	0.60934				2
2024.10.15	00:47:43.660	0.60936				2
2024.10.15	00:47:44.310	0.60935				2
2024.10.15	00:47:51.618	0.60937				2
2024.10.15	00:48:00.376	0.60937				2
2024.10.15	00:48:38.357		0.60961			4
2024.10.15	00:48:53.693	0.60938				2
2024.10.15	00:48:57.832	0.60939				2
2024.10.15	00:48:58.433	0.60938				2
2024.10.15	00:49:00.399	0.60938				2
2024.10.15	00:49:32.896	0.60939				2
2024.10.15	00:49:40.856		0.60961			4
2024.10.15	00:49:54.308	0.60938				2
2024.10.15	00:50:02.567	0.60937				2
2024.10.15	00:50:02.880	0.60936				2
2024.10.15	00:50:33.496	0.60937				2
2024.10.15	00:51:04.563	0.60944	0.60963			6
2024.10.15	00:51:04.869		0.60962			4
2024.10.15	00:52:04.138	0.60944				2
2024.10.15	00:52:06.354		0.60962			4
2024.10.15	00:52:15.926	0.60941	0.60963			6
2024.10.15	00:52:16.685	0.60944				2
2024.10.15	00:52:19.859		0.60962			4
2024.10.15	00:52:40.095		0.60966			4
2024.10.15	00:52:49.855		0.60963			4
2024.10.15	00:53:00.720	0.60944				2
2024.10.15	00:53:10.123		0.60966			4
2024.10.15	00:53:19.857		0.60961			4
2024.10.15	00:53:23.613		0.60965			4
2024.10.15	00:54:10.859	0.60944				2
2024.10.15	00:54:17.078	0.60943				2
2024.10.15	00:54:17.539	0.60945	0.60964			6
2024.10.15	00:55:02.551	0.60945				2
2024.10.15	00:55:17.546		0.60964			4
2024.10.15	00:56:00.014	0.60945				2
2024.10.15	00:56:01.538	0.60944				2
2024.10.15	00:56:02.548	0.60945				2
2024.10.15	00:56:17.616		0.60964			4
2024.10.15	00:56:19.922	0.60944				2
2024.10.15	00:56:46.363	0.60945				2
2024.10.15	00:57:03.061	0.60945				2
2024.10.15	00:57:04.918	0.60946				2
2024.10.15	00:57:19.431		0.60964			4
2024.10.15	00:57:25.217	0.60945				2
2024.10.15	00:57:39.836	0.60946				2
2024.10.15	00:57:45.959	0.60945	0.60963			6
2024.10.15	00:57:46.648	0.60944				2
2024.10.15	00:57:54.552	0.60959	0.60975			6
2024.10.15	00:58:00.121	0.60952	0.60965			6
2024.10.15	00:58:00.429	0.60949	0.60967			6
2024.10.15	00:58:03.529	0.60948				2
2024.10.15	00:58:27.862	0.60949				2
2024.10.15	00:59:05.874	0.60948	0.60967			6
2024.10.15	00:59:07.385	0.60949				2
2024.10.15	00:59:49.154	0.60948				2
2024.10.15	00:59:59.509	0.60951				2
2024.10.15	01:00:00.396	0.60949	0.60966			6
2024.10.15	01:00:02.799	0.60947				2
2024.10.15	01:00:03.255	0.60945				2
2024.10.15	01:00:03.762	0.60948				2
2024.10.15	01:00:05.037	0.60947	0.60963			6
2024.10.15	01:00:05.848	0.60948	0.60966			6
2024.10.15	01:00:17.148		0.60965			4
2024.10.15	01:00:20.216		0.60963			4
2024.10.15	01:00:20.777	0.60949				2
2024.10.15	01:00:26.377	0.60952				2
2024.10.15	01:00:26.740	0.60946				2
2024.10.15	01:00:29.377	0.60949				2
2024.10.15	01:00:30.290	0.60952	0.60964			6
2024.10.15	01:00:34.259	0.60951				2
2024.10.15	01:00:37.318	0.60952				2
2024.10.15	01:00:39.182	0.60954				2
2024.10.15	01:00:40.405		0.60963			4
2024.10.15	01:00:42.065	0.60956				2
2024.10.15	01:00:42.384		0.60964			4
2024.10.15	01:00:50.171	0.60959	0.60965			6
2024.10.15	01:00:50.488		0.60967			4
2024.10.15	01:00:51.253	0.60956	0.60964			6
2024.10.15	01:00:53.364		0.60965			4
2024.10.15	01:00:54.949		0.60964			4
2024.10.15	01:01:00.316	0.60956				2
2024.10.15	01:01:00.881	0.60955	0.60963			6
2024.10.15	01:01:29.303	0.60956				2
2024.10.15	01:02:00.396	0.60956				2
2024.10.15	01:02:01.320	0.60955	0.60963			6
2024.10.15	01:02:12.448	0.60956				2
2024.10.15	01:02:14.660		0.60964			4
2024.10.15	01:03:00.429	0.60956				2
2024.10.15	01:03:01.589	0.60955				2
2024.10.15	01:03:14.759		0.60964			4
2024.10.15	01:03:22.366	0.60956				2
2024.10.15	01:03:34.095	0.60955				2
2024.10.15	01:03:39.486	0.60953	0.60961			6
2024.10.15	01:03:55.373	0.60952				2
2024.10.15	01:04:00.379	0.60952				2
2024.10.15	01:04:39.536		0.60961			4
2024.10.15	01:04:56.816	0.60946	0.60954			6
2024.10.15	01:05:00.313	0.60946				2
2024.10.15	01:05:01.056		0.60953			4
2024.10.15	01:05:01.371	0.60944	0.60949			6
2024.10.15	01:05:01.672	0.60942				2
2024.10.15	01:05:05.941	0.60944	0.60951			6
2024.10.15	01:05:11.772	0.60943				2
2024.10.15	01:06:00.087	0.60943				2
2024.10.15	01:06:08.930		0.60951			4
2024.10.15	01:06:22.197	0.60940	0.60948			6
2024.10.15	01:06:22.530	0.60941	0.60947			6
2024.10.15	01:06:25.845		0.60948			4
2024.10.15	01:06:26.148		0.60947			4
2024.10.15	01:06:26.692	0.60938	0.60946			6
2024.10.15	01:06:27.232	0.60937				2
2024.10.15	01:06:34.864	0.60947	0.60954			6
2024.10.15	01:06:39.111	0.60946				2
2024.10.15	01:06:43.383		0.60953			4
2024.10.15	01:06:58.950	0.60945	0.60952			6
2024.10.15	01:07:04.356	0.60945				2
2024.10.15	01:07:10.309	0.60944				2
2024.10.15	01:07:26.999		0.60951			4
2024.10.15	01:07:27.312		0.60950			4
2024.10.15	01:07:29.869	0.60943	0.60951			6
2024.10.15	01:07:30.198	0.60942	0.60950			6
2024.10.15	01:07:30.500		0.60949			4
2024.10.15	01:07:32.057	0.60939	0.60946			6
2024.10.15	01:07:34.288	0.60938				2
2024.10.15	01:07:36.713	0.60936	0.60945			6
2024.10.15	01:07:37.069		0.60944			4
2024.10.15	01:07:39.588	0.60935	0.60940			6
2024.10.15	01:07:40.074		0.60942			4
2024.10.15	01:07:40.734	0.60931	0.60937			6
2024.10.15	01:08:01.014	0.60931				2
2024.10.15	01:08:07.428	0.60930				2
2024.10.15	01:08:07.868		0.60936			4
2024.10.15	01:08:39.138	0.60931				2
2024.10.15	01:09:00.362	0.60931				2
2024.10.15	01:09:09.828		0.60936			4
2024.10.15	01:09:13.003	0.60930				2
2024.10.15	01:09:36.842	0.60931	0.60938			6
2024.10.15	01:09:39.241	0.60932				2
2024.10.15	01:09:39.801	0.60931				2
2024.10.15	01:09:40.444	0.60932				2
2024.10.15	01:09:40.824	0.60931				2
2024.10.15	01:09:45.803	0.60930	0.60936			6
2024.10.15	01:09:46.288	0.60931	0.60937			6
2024.10.15	01:09:46.708		0.60936			4
2024.10.15	01:09:47.342	0.60932	0.60937			6
2024.10.15	01:09:52.140		0.60938			4
2024.10.15	01:09:52.700		0.60937			4
2024.10.15	01:09:53.343		0.60938			4
2024.10.15	01:09:53.902	0.60931	0.60937			6
2024.10.15	01:09:56.906	0.60929				2
2024.10.15	01:10:00.308	0.60928	0.60936			6
2024.10.15	01:10:15.962	0.60929				2
2024.10.15	01:10:16.294	0.60928				2
2024.10.15	01:10:28.426		0.60935			4
2024.10.15	01:10:30.545	0.60927				2
2024.10.15	01:10:32.954		0.60934			4
2024.10.15	01:10:41.759	0.60926				2
2024.10.15	01:10:47.885	0.60925				2
2024.10.15	01:11:04.548	0.60926				2
2024.10.15	01:11:12.193	0.60925				2
2024.10.15	01:11:35.332		0.60934			4
2024.10.15	01:11:36.778	0.60926				2
2024.10.15	01:11:46.659	0.60927				2
2024.10.15	01:11:46.961	0.60926				2
2024.10.15	01:11:54.332	0.60925				2
2024.10.15	01:11:58.716	0.60924	0.60930			6
2024.10.15	01:12:00.364	0.60924				2
2024.10.15	01:12:05.610	0.60925				2
2024.10.15	01:12:09.421		0.60929			4
2024.10.15	01:12:10.788	0.60923				2
2024.10.15	01:12:12.018		0.60927			4
2024.10.15	01:12:12.324		0.60929			4
2024.10.15	01:12:12.918	0.60924				2
2024.10.15	01:12:47.465	0.60920	0.60925			6
2024.10.15	01:12:48.737		0.60924			4
2024.10.15	01:12:49.056		0.60925			4
2024.10.15	01:12:49.772		0.60924			4
2024.10.15	01:12:52.681	0.60921	0.60925			6
2024.10.15	01:12:54.039	0.60920				2
2024.10.15	01:12:55.542	0.60922				2
2024.10.15	01:12:59.773	0.60921				2
2024.10.15	01:13:00.621	0.60921				2
2024.10.15	01:13:08.410		0.60924			4
2024.10.15	01:13:17.933		0.60925			4
2024.10.15	01:13:19.158		0.60924			4
2024.10.15	01:13:24.542	0.60920				2
2024.10.15	01:14:01.430	0.60920				2
2024.10.15	01:14:16.986		0.60925			4
2024.10.15	01:14:17.806	0.60921				2
2024.10.15	01:14:29.221	0.60920	0.60927			6
2024.10.15	01:14:34.290		0.60926			4
2024.10.15	01:14:36.276		0.60927			4
2024.10.15	01:14:44.727		0.60926			4
2024.10.15	01:14:53.056		0.60925			4
2024.10.15	01:14:57.814	0.60916	0.60920			6
2024.10.15	01:15:00.394	0.60916	0.60921			6
2024.10.15	01:15:00.859	0.60917				2
2024.10.15	01:15:01.161	0.60918	0.60924			6
2024.10.15	01:15:01.468		0.60923			4
2024.10.15	01:15:01.818	0.60919	0.60924			6
2024.10.15	01:15:05.609	0.60918				2
2024.10.15	01:15:08.973		0.60923			4
2024.10.15	01:15:09.366	0.60919	0.60924			6
2024.10.15	01:15:12.087		0.60925			4
2024.10.15	01:15:12.610		0.60924			4
2024.10.15	01:15:15.803	0.60921	0.60925			6
2024.10.15	01:15:16.106	0.60922	0.60926			6
2024.10.15	01:15:16.452		0.60925			4
2024.10.15	01:15:23.899	0.60921				2
2024.10.15	01:15:38.330	0.60922				2
2024.10.15	01:15:39.859		0.60924			4
2024.10.15	01:15:50.584	0.60921				2
2024.10.15	01:15:50.994	0.60920				2
2024.10.15	01:15:55.501	0.60919				2
2024.10.15	01:16:00.499	0.60918	0.60922			6
2024.10.15	01:16:02.672	0.60919	0.60924			6
2024.10.15	01:16:07.948	0.60918	0.60922			6
2024.10.15	01:16:20.854		0.60921			4
2024.10.15	01:16:21.402	0.60919	0.60923			6
2024.10.15	01:16:21.817	0.60918	0.60921			6
2024.10.15	01:16:22.872		0.60922			4
2024.10.15	01:16:28.868	0.60919				2
2024.10.15	01:16:32.022	0.60918				2
2024.10.15	01:16:35.641		0.60921			4
2024.10.15	01:16:42.456		0.60922			4
2024.10.15	01:16:47.397	0.60917				2
2024.10.15	01:16:51.882	0.60918				2
2024.10.15	01:16:54.781	0.60917				2
2024.10.15	01:16:55.284	0.60918				2
2024.10.15	01:16:55.657	0.60917				2
2024.10.15	01:17:00.428	0.60917				2
2024.10.15	01:17:04.016	0.60919	0.60923			6
2024.10.15	01:17:04.701	0.60918				2
2024.10.15	01:17:06.692	0.60917	0.60922			6
2024.10.15	01:17:07.019	0.60918	0.60923			6
2024.10.15	01:17:10.340	0.60917	0.60922			6
2024.10.15	01:17:11.859	0.60918				2
2024.10.15	01:17:12.223	0.60917				2
2024.10.15	01:17:25.367	0.60918				2
2024.10.15	01:17:26.155	0.60917				2
2024.10.15	01:17:26.492	0.60918				2
2024.10.15	01:17:27.057		0.60923			4
2024.10.15	01:17:28.430	0.60917	0.60922			6
2024.10.15	01:17:49.374	0.60918				2
2024.10.15	01:17:49.745	0.60917				2
2024.10.15	01:17:51.218	0.60918				2
2024.10.15	01:17:52.789	0.60917				2
2024.10.15	01:17:56.422	0.60918				2
2024.10.15	01:17:58.939	0.60917				2
2024.10.15	01:18:00.146	0.60917				2
2024.10.15	01:18:03.526	0.60920	0.60924			6
2024.10.15	01:18:33.492	0.60923				2
2024.10.15	01:18:33.795	0.60920				2
2024.10.15	01:18:34.329	0.60929	0.60932			6
2024.10.15	01:18:38.826	0.60930				2
2024.10.15	01:18:41.618		0.60933			4
2024.10.15	01:18:42.738	0.60933	0.60935			6
2024.10.15	01:18:44.149	0.60932	0.60934			6
2024.10.15	01:18:44.872		0.60935			4
2024.10.15	01:18:45.636		0.60934			4
2024.10.15	01:18:46.342		0.60935			4
2024.10.15	01:18:46.680		0.60934			4
2024.10.15	01:18:47.417		0.60935			4
2024.10.15	01:18:59.020	0.60930	0.60933			6
2024.10.15	01:19:00.124	0.60929	0.60932			6
2024.10.15	01:19:00.780	0.60928				2
2024.10.15	01:19:06.695	0.60929	0.60933			6
2024.10.15	01:19:08.839	0.60930				2
2024.10.15	01:19:27.789	0.60933	0.60935			6
2024.10.15	01:19:29.140	0.60932	0.60933			6
2024.10.15	01:19:52.537	0.60931				2
2024.10.15	01:19:54.615	0.60933	0.60935			6
2024.10.15	01:19:55.118		0.60934			4
2024.10.15	01:19:56.915	0.60932	0.60933			6
2024.10.15	01:20:02.019	0.60932				2
2024.10.15	01:20:02.781	0.60930				2
2024.10.15	01:20:03.944	0.60931				2
2024.10.15	01:20:16.019	0.60933	0.60934			6
2024.10.15	01:20:44.690	0.60932	0.60933			6
2024.10.15	01:21:01.022	0.60932				2
2024.10.15	01:21:04.860	0.60930	0.60931			6
2024.10.15	01:21:05.594	0.60929				2
2024.10.15	01:21:06.931	0.60930	0.60932			6
2024.10.15	01:21:20.206		0.60933			4
2024.10.15	01:21:45.864	0.60929				2
2024.10.15	01:21:46.334		0.60932			4
2024.10.15	01:21:47.537	0.60932	0.60935			6
2024.10.15	01:21:47.861		0.60934			4
2024.10.15	01:21:48.631		0.60935			4
2024.10.15	01:21:52.302	0.60933	0.60936			6
2024.10.15	01:21:52.811		0.60935			4
2024.10.15	01:21:55.417	0.60934				2
2024.10.15	01:21:55.725		0.60936			4
2024.10.15	01:21:56.101	0.60935				2
2024.10.15	01:22:00.356	0.60935				2
2024.10.15	01:22:05.865	0.60934				2
2024.10.15	01:22:06.224	0.60929	0.60933			6
2024.10.15	01:22:06.565		0.60932			4
2024.10.15	01:22:15.146		0.60931			4
2024.10.15	01:22:20.304	0.60930	0.60933			6
2024.10.15	01:22:21.501	0.60931	0.60934			6
2024.10.15	01:22:26.000	0.60930	0.60933			6
2024.10.15	01:22:26.635		0.60932			4
2024.10.15	01:22:31.154	0.60927				2
2024.10.15	01:22:37.678	0.60928	0.60931			6
2024.10.15	01:22:39.102	0.60929				2
2024.10.15	01:22:40.189	0.60928				2
2024.10.15	01:22:41.088	0.60927	0.60929			6
2024.10.15	01:22:59.394	0.60926	0.60928			6
2024.10.15	01:23:01.880	0.60926				2
2024.10.15	01:23:39.179	0.60925				2
2024.10.15	01:24:01.111	0.60926	0.60929			6
2024.10.15	01:24:01.419	0.60925				2
2024.10.15	01:24:23.631	0.60926				2
2024.10.15	01:24:29.831	0.60925				2
2024.10.15	01:24:30.670		0.60930			4
2024.10.15	01:24:32.882	0.60926				2
2024.10.15	01:24:34.259	0.60925				2
2024.10.15	01:24:37.702	0.60921	0.60926			6
2024.10.15	01:24:39.138	0.60916	0.60921			6
2024.10.15	01:24:42.356	0.60917	0.60922			6
2024.10.15	01:24:42.663	0.60918	0.60923			6
2024.10.15	01:24:44.175		0.60922			4
2024.10.15	01:24:45.505	0.60921	0.60925			6
2024.10.15	01:24:46.672		0.60924			4
2024.10.15	01:24:49.489	0.60925	0.60928			6
2024.10.15	01:24:52.804	0.60921	0.60925			6
2024.10.15	01:24:56.888	0.60920	0.60923			6
2024.10.15	01:25:01.363	0.60920	0.60924			6
2024.10.15	01:25:02.041		0.60923			4
2024.10.15	01:25:10.362	0.60919				2
2024.10.15	01:25:21.841		0.60921			4
2024.10.15	01:25:22.175		0.60923			4
2024.10.15	01:25:25.922	0.60920				2
2024.10.15	01:25:31.055		0.60924			4
2024.10.15	01:25:33.933	0.60921				2
2024.10.15	01:25:36.812	0.60920				2
2024.10.15	01:25:40.751	0.60921				2
2024.10.15	01:25:49.971	0.60920				2
2024.10.15	01:26:01.511	0.60920				2
2024.10.15	01:26:05.858	0.60921				2
2024.10.15	01:26:07.916	0.60919	0.60923			6
2024.10.15	01:26:09.797	0.60920				2
2024.10.15	01:26:15.164	0.60921	0.60924			6
2024.10.15	01:26:16.186	0.60922				2
2024.10.15	01:26:21.145	0.60921				2
2024.10.15	01:26:21.566	0.60922	0.60925			6
2024.10.15	01:26:21.875	0.60921	0.60924			6
2024.10.15	01:26:22.662	0.60922	0.60925			6
2024.10.15	01:26:23.721		0.60924			4
2024.10.15	01:26:24.942	0.60921				2
2024.10.15	01:26:25.935	0.60920				2
2024.10.15	01:26:37.962	0.60921				2
2024.10.15	01:26:47.693		0.60925			4
2024.10.15	01:26:48.741		0.60924			4
2024.10.15	01:26:53.292	0.60920				2
2024.10.15	01:27:00.831	0.60920				2
2024.10.15	01:27:09.321		0.60925			4
2024.10.15	01:27:10.612		0.60924			4
2024.10.15	01:27:15.013	0.60921				2
2024.10.15	01:27:24.023		0.60925			4
2024.10.15	01:27:24.795	0.60922	0.60924			6
2024.10.15	01:27:29.379		0.60925			4
2024.10.15	01:27:30.829		0.60926			4
2024.10.15	01:27:31.160		0.60924			4
2024.10.15	01:27:36.901	0.60923	0.60925			6
2024.10.15	01:27:37.371		0.60926			4
2024.10.15	01:27:37.750	0.60922	0.60925			6
2024.10.15	01:27:39.062	0.60923	0.60926			6
2024.10.15	01:27:40.102	0.60922	0.60925			6
2024.10.15	01:27:40.410	0.60923	0.60926			6
2024.10.15	01:27:41.378	0.60922	0.60925			6
2024.10.15	01:27:43.537	0.60921	0.60924			6
2024.10.15	01:27:43.951	0.60922				2
2024.10.15	01:27:50.941	0.60921	0.60923			6
2024.10.15	01:27:53.477		0.60925			4
2024.10.15	01:27:56.001		0.60924			4
2024.10.15	01:27:58.392	0.60924	0.60926			6
2024.10.15	01:28:00.668	0.60924				2
2024.10.15	01:28:05.727		0.60928			4
2024.10.15	01:28:06.044	0.60925	0.60929			6
2024.10.15	01:28:08.581	0.60924	0.60928			6
2024.10.15	01:28:10.461	0.60925	0.60929			6
2024.10.15	01:28:21.637	0.60926				2
2024.10.15	01:28:33.485	0.60925				2
2024.10.15	01:28:39.667	0.60926				2
2024.10.15	01:28:51.171	0.60925				2
2024.10.15	01:29:00.641	0.60925				2
2024.10.15	01:29:13.130		0.60929			4
2024.10.15	01:29:31.471	0.60926				2
2024.10.15	01:29:41.674		0.60930			4
2024.10.15	01:30:00.309	0.60926				2
2024.10.15	01:30:04.983	0.60924	0.60927			6
2024.10.15	01:30:05.417	0.60927	0.60931			6
2024.10.15	01:30:10.647	0.60926	0.60929			6
2024.10.15	01:30:10.966	0.60925				2
2024.10.15	01:30:54.780	0.60926				2
2024.10.15	01:30:55.701	0.60925				2
2024.10.15	01:31:00.858	0.60925				2
2024.10.15	01:31:10.710		0.60929			4
2024.10.15	01:31:17.905		0.60928			4
2024.10.15	01:31:34.685	0.60924	0.60926			6
2024.10.15	01:31:36.356		0.60927			4
2024.10.15	01:31:59.592	0.60923				2
2024.10.15	01:32:01.987	0.60923				2
2024.10.15	01:32:02.381	0.60920	0.60924			6
2024.10.15	01:32:04.743		0.60923			4
2024.10.15	01:32:06.856	0.60918	0.60921			6
2024.10.15	01:32:08.119	0.60919	0.60923			6
2024.10.15	01:32:14.270	0.60922	0.60925			6
2024.10.15	01:32:15.214		0.60924			4
2024.10.15	01:32:19.365	0.60923	0.60926			6
2024.10.15	01:32:19.799		0.60925			4
2024.10.15	01:32:20.848		0.60926			4
2024.10.15	01:32:34.796		0.60925			4
2024.10.15	01:32:49.561	0.60922				2
2024.10.15	01:32:59.462	0.60924	0.60927			6
2024.10.15	01:33:00.361	0.60924				2
2024.10.15	01:33:09.472		0.60926			4
2024.10.15	01:33:17.813	0.60927	0.60929			6
2024.10.15	01:33:18.990		0.60930			4
2024.10.15	01:33:54.688		0.60932			4
2024.10.15	01:33:56.075	0.60928	0.60933			6
2024.10.15	01:34:00.349	0.60928				2
2024.10.15	01:34:04.828	0.60929	0.60934			6
2024.10.15	01:34:14.892		0.60933			4
2024.10.15	01:34:15.780	0.60930	0.60935			6
2024.10.15	01:34:18.216		0.60934			4
2024.10.15	01:34:28.842	0.60931	0.60935			6
2024.10.15	01:34:58.427	0.60930				2
2024.10.15	01:35:00.181	0.60930				2
2024.10.15	01:35:19.331	0.60927	0.60929			6
2024.10.15	01:35:19.633		0.60928			4
2024.10.15	01:35:22.926		0.60929			4
2024.10.15	01:35:23.928		0.60928			4
2024.10.15	01:35:25.436	0.60926				2
2024.10.15	01:35:31.488		0.60929			4
2024.10.15	01:35:31.823		0.60928			4
2024.10.15	01:35:52.164		0.60929			4
2024.10.15	01:35:53.531		0.60928			4
2024.10.15	01:36:01.268	0.60926				2
2024.10.15	01:36:04.031		0.60929			4
2024.10.15	01:36:04.396		0.60928			4
2024.10.15	01:36:04.797		0.60929			4
2024.10.15	01:36:05.156		0.60928			4
2024.10.15	01:36:15.769		0.60929			4
2024.10.15	01:36:16.751		0.60928			4
2024.10.15	01:36:24.242		0.60929			4
2024.10.15	01:36:24.547		0.60928			4
2024.10.15	01:36:25.983		0.60929			4
2024.10.15	01:36:26.295		0.60928			4
2024.10.15	01:36:39.176	0.60925				2
2024.10.15	01:36:51.601	0.60926				2
2024.10.15	01:36:57.381		0.60929			4
2024.10.15	01:36:57.805		0.60928			4
2024.10.15	01:37:00.242	0.60926				2
2024.10.15	01:37:03.082	0.60925				2
2024.10.15	01:37:19.172	0.60924				2
2024.10.15	01:37:28.487	0.60925	0.60929			6
2024.10.15	01:37:30.994	0.60924	0.60927			6
2024.10.15	01:37:33.976		0.60928			4
2024.10.15	01:37:34.291	0.60925	0.60929			6
2024.10.15	01:37:42.747	0.60924	0.60930			6
2024.10.15	01:37:44.615	0.60925				2
2024.10.15	01:38:00.669	0.60925				2
2024.10.15	01:38:01.687	0.60926				2
2024.10.15	01:38:07.903	0.60925				2
2024.10.15	01:38:30.421	0.60926	0.60931			6
2024.10.15	01:38:41.842		0.60930			4
2024.10.15	01:39:00.296	0.60926	0.60931			6
2024.10.15	01:39:05.842		0.60930			4
2024.10.15	01:39:14.163	0.60929	0.60932			6
2024.10.15	01:39:17.480	0.60930	0.60934			6
2024.10.15	01:39:18.666		0.60933			4
2024.10.15	01:39:33.094		0.60934			4
2024.10.15	01:39:39.114		0.60933			4
2024.10.15	01:39:47.658	0.60931	0.60934			6
2024.10.15	01:39:49.503	0.60930				2
2024.10.15	01:39:55.399	0.60931				2
2024.10.15	01:39:59.037	0.60930				2
2024.10.15	01:40:00.290	0.60930				2
2024.10.15	01:40:01.554		0.60933			4
2024.10.15	01:40:16.359		0.60934			4
2024.10.15	01:40:30.114	0.60931	0.60935			6
2024.10.15	01:40:32.337	0.60935	0.60936			6
2024.10.15	01:40:32.640	0.60931	0.60935			6
2024.10.15	01:40:45.420	0.60932	0.60936			6
2024.10.15	01:40:46.448	0.60931	0.60935			6
2024.10.15	01:40:48.412		0.60934			4
2024.10.15	01:40:56.706	0.60933	0.60937			6
2024.10.15	01:40:58.010		0.60938			4
2024.10.15	01:40:58.352	0.60934				2
2024.10.15	01:41:00.716	0.60934				2
2024.10.15	01:41:14.631	0.60935				2
2024.10.15	01:41:14.932	0.60934				2
2024.10.15	01:41:16.376		0.60937			4
2024.10.15	01:41:28.637	0.60933				2
2024.10.15	01:41:31.725		0.60935			4
2024.10.15	01:41:32.117		0.60934			4
2024.10.15	01:41:54.678	0.60934	0.60938			6
2024.10.15	01:41:58.829	0.60933	0.60937			6
2024.10.15	01:42:00.455	0.60933				2
2024.10.15	01:42:01.719		0.60935			4
2024.10.15	01:42:11.417	0.60931				2
2024.10.15	01:42:11.820		0.60934			4
2024.10.15	01:42:35.015	0.60930				2
2024.10.15	01:42:48.237	0.60932				2
2024.10.15	01:42:48.539	0.60930				2
2024.10.15	01:43:00.428	0.60930				2
2024.10.15	01:43:02.669	0.60931				2
2024.10.15	01:43:20.720		0.60934			4
2024.10.15	01:43:21.687	0.60930				2
2024.10.15	01:44:00.104	0.60930				2
2024.10.15	01:44:01.139	0.60932	0.60935			6
2024.10.15	01:44:01.444	0.60936	0.60937			6
2024.10.15	01:44:02.360		0.60938			4
2024.10.15	01:44:46.555	0.60937	0.60939			6
2024.10.15	01:44:48.577	0.60939	0.60940			6
2024.10.15	01:44:54.277	0.60940	0.60941			6
2024.10.15	01:44:54.589		0.60942			4
2024.10.15	01:44:56.786	0.60937	0.60940			6
2024.10.15	01:44:57.426	0.60938				2
2024.10.15	01:45:00.366	0.60938				2
2024.10.15	01:45:02.167	0.60936				2
2024.10.15	01:45:03.207	0.60937				2
2024.10.15	01:45:21.656	0.60941	0.60942			6
2024.10.15	01:45:31.568	0.60940				2
2024.10.15	01:45:42.366		0.60943			4
2024.10.15	01:45:42.846	0.60941				2
2024.10.15	01:45:45.493	0.60942	0.60944			6
2024.10.15	01:45:46.052		0.60943			4
2024.10.15	01:45:47.818	0.60943	0.60946			6
2024.10.15	01:45:48.118		0.60944			4
2024.10.15	01:45:51.291		0.60945			4
2024.10.15	01:46:00.315	0.60943				2
2024.10.15	01:46:04.692	0.60944	0.60946			6
2024.10.15	01:46:06.115	0.60943	0.60945			6
2024.10.15	01:46:07.581	0.60944	0.60946			6
2024.10.15	01:46:08.483	0.60943	0.60945			6
2024.10.15	01:46:10.050		0.60946			4
2024.10.15	01:46:10.580		0.60945			4
2024.10.15	01:46:12.667	0.60942	0.60944			6
2024.10.15	01:46:13.686	0.60943	0.60945			6
2024.10.15	01:46:14.783		0.60946			4
2024.10.15	01:46:15.957		0.60945			4
2024.10.15	01:46:23.102	0.60942				2
2024.10.15	01:46:24.121	0.60943				2
2024.10.15	01:46:26.431	0.60942	0.60944			6
2024.10.15	01:46:27.168	0.60943	0.60945			6
2024.10.15	01:46:27.512		0.60946			4
2024.10.15	01:46:33.383	0.60944				2
2024.10.15	01:46:35.517	0.60943				2
2024.10.15	01:46:37.123	0.60945				2
2024.10.15	01:46:37.428		0.60947			4
2024.10.15	01:47:00.742	0.60945				2
2024.10.15	01:47:11.761		0.60948			4
2024.10.15	01:47:14.898		0.60947			4
2024.10.15	01:47:18.416		0.60948			4
2024.10.15	01:47:23.105		0.60949			4
2024.10.15	01:47:24.337		0.60948			4
2024.10.15	01:47:59.922	0.60946	0.60949			6
2024.10.15	01:48:00.615	0.60946				2
2024.10.15	01:48:02.658		0.60948			4
2024.10.15	01:48:10.985	0.60945				2
2024.10.15	01:48:15.693	0.60946	0.60949			6
2024.10.15	01:48:45.553	0.60947				2
2024.10.15	01:49:01.448	0.60947				2
2024.10.15	01:49:11.659	0.60945				2
2024.10.15	01:49:15.299	0.60946				2
2024.10.15	01:49:18.123		0.60949			4
2024.10.15	01:49:19.434	0.60947				2
2024.10.15	01:49:19.745	0.60949	0.60951			6
2024.10.15	01:49:25.285	0.60948				2
2024.10.15	01:49:31.181	0.60949	0.60952			6
2024.10.15	01:49:54.695	0.60948	0.60951			6
2024.10.15	01:49:56.775	0.60945	0.60946			6
2024.10.15	01:49:57.084		0.60947			4
2024.10.15	01:50:00.062	0.60945				2
2024.10.15	01:50:05.152		0.60948			4
2024.10.15	01:50:08.564	0.60943	0.60946			6
2024.10.15	01:50:10.041	0.60944				2
2024.10.15	01:50:10.349		0.60947			4
2024.10.15	01:50:11.253	0.60945				2
2024.10.15	01:50:43.993	0.60946	0.60948			6
2024.10.15	01:50:49.528	0.60945				2
2024.10.15	01:50:50.675	0.60946				2
2024.10.15	01:50:51.217		0.60949			4
2024.10.15	01:50:53.621		0.60948			4
2024.10.15	01:51:01.028	0.60945				2
2024.10.15	01:51:18.504	0.60948	0.60951			6
2024.10.15	01:51:20.364	0.60949				2
2024.10.15	01:51:32.095		0.60952			4
2024.10.15	01:51:41.533		0.60951			4
2024.10.15	01:51:45.518		0.60952			4
2024.10.15	01:51:48.385	0.60950				2
2024.10.15	01:51:52.699	0.60949				2
2024.10.15	01:52:00.179	0.60949				2
2024.10.15	01:52:04.313	0.60950				2
2024.10.15	01:52:05.796		0.60953			4
2024.10.15	01:52:10.021		0.60954			4
2024.10.15	01:52:11.715		0.60953			4
2024.10.15	01:52:30.729		0.60954			4
2024.10.15	01:52:32.470	0.60951				2
2024.10.15	01:52:35.501	0.60950				2
2024.10.15	01:52:38.425	0.60949				2
2024.10.15	01:52:43.848	0.60948	0.60953			6
2024.10.15	01:52:46.021		0.60952			4
2024.10.15	01:52:52.584	0.60947				2
2024.10.15	01:52:53.629	0.60948				2
2024.10.15	01:52:57.621		0.60953			4
2024.10.15	01:52:58.073	0.60949				2
2024.10.15	01:52:59.286		0.60952			4
2024.10.15	01:53:00.525	0.60949				2
2024.10.15	01:53:01.171	0.60952	0.60955			6
2024.10.15	01:53:01.472	0.60953	0.60956			6
2024.10.15	01:53:02.778	0.60952				2
2024.10.15	01:53:13.449		0.60955			4
2024.10.15	01:53:25.176	0.60950	0.60953			6
2024.10.15	01:53:29.865		0.60952			4
2024.10.15	01:53:33.525		0.60953			4
2024.10.15	01:53:35.878	0.60952	0.60955			6
2024.10.15	01:53:57.708		0.60954			4
2024.10.15	01:54:00.372	0.60952				2
2024.10.15	01:54:01.421		0.60955			4
2024.10.15	01:54:06.821	0.60949	0.60952			6
2024.10.15	01:54:10.369	0.60950	0.60954			6
2024.10.15	01:54:10.673	0.60955	0.60957			6
2024.10.15	01:54:11.038		0.60958			4
2024.10.15	01:54:11.357	0.60956				2
2024.10.15	01:54:21.752		0.60959			4
2024.10.15	01:54:25.706	0.60957	0.60960			6
2024.10.15	01:54:27.954	0.60956	0.60958			6
2024.10.15	01:54:47.659		0.60959			4
2024.10.15	01:54:52.350	0.60955				2
2024.10.15	01:54:56.853		0.60958			4
2024.10.15	01:55:00.466	0.60955				2
2024.10.15	01:55:03.097	0.60956	0.60959			6
2024.10.15	01:55:05.402	0.60955				2
2024.10.15	01:55:15.319	0.60956				2
2024.10.15	01:55:25.661		0.60960			4
2024.10.15	01:55:28.711	0.60960	0.60962			6
2024.10.15	01:55:33.661	0.60959				2
2024.10.15	01:55:53.183	0.60960				2
2024.10.15	01:55:55.433		0.60963			4
2024.10.15	01:56:00.860	0.60960				2
2024.10.15	01:56:06.078		0.60962			4
2024.10.15	01:56:08.641	0.60957	0.60960			6
2024.10.15	01:56:09.702	0.60956	0.60959			6
2024.10.15	01:56:14.600	0.60955	0.60958			6
2024.10.15	01:56:25.651	0.60954	0.60959			6
2024.10.15	01:56:31.886	0.60953	0.60957			6
2024.10.15	01:56:32.593	0.60952				2
2024.10.15	01:56:40.863	0.60950	0.60954			6
2024.10.15	01:57:00.625	0.60950				2
2024.10.15	01:57:02.578	0.60951				2
2024.10.15	01:57:05.025		0.60953			4
2024.10.15	01:57:13.703	0.60950				2
2024.10.15	01:57:15.294		0.60952			4
2024.10.15	01:57:17.459	0.60949				2
2024.10.15	01:57:22.669	0.60950				2
2024.10.15	01:57:23.563	0.60949				2
2024.10.15	01:57:23.934	0.60950				2
2024.10.15	01:57:24.422	0.60949				2
2024.10.15	01:57:30.873	0.60950	0.60951			6
2024.10.15	01:57:57.377	0.60949	0.60950			6
2024.10.15	01:58:00.831	0.60949				2
2024.10.15	01:58:01.169	0.60950	0.60951			6
2024.10.15	01:58:02.919		0.60952			4
2024.10.15	01:58:06.633	0.60951				2
2024.10.15	01:58:06.940	0.60950				2
2024.10.15	01:58:18.627	0.60951				2
2024.10.15	01:58:30.466	0.60950				2
2024.10.15	01:58:31.904		0.60951			4
2024.10.15	01:58:32.212		0.60952			4
2024.10.15	01:58:35.645	0.60949				2
2024.10.15	01:58:48.991	0.60947	0.60949			6
2024.10.15	01:58:49.344		0.60950			4
2024.10.15	01:58:59.041		0.60951			4
2024.10.15	01:59:00.335	0.60947				2
2024.10.15	01:59:02.870		0.60950			4
2024.10.15	01:59:03.186		0.60951			4
2024.10.15	01:59:05.973	0.60946	0.60949			6
2024.10.15	01:59:06.293	0.60947	0.60950			6
2024.10.15	01:59:07.094		0.60949			4
2024.10.15	01:59:13.531		0.60948			4
2024.10.15	01:59:16.392	0.60946				2
2024.10.15	01:59:29.257	0.60945				2
2024.10.15	01:59:37.546	0.60947	0.60950			6
2024.10.15	01:59:38.169	0.60946	0.60949			6
2024.10.15	01:59:38.490		0.60950			4
2024.10.15	01:59:38.799	0.60945	0.60949			6
2024.10.15	01:59:40.669		0.60948			4
2024.10.15	02:00:00.323	0.60946				2
2024.10.15	02:00:02.272		0.60949			4
2024.10.15	02:00:06.847		0.60948			4
2024.10.15	02:00:09.087		0.60949			4
2024.10.15	02:00:11.716		0.60948			4
2024.10.15	02:00:12.930	0.60945				2
2024.10.15	02:00:20.213	0.60946				2
2024.10.15	02:00:22.144	0.60948	0.60951			6
2024.10.15	02:00:24.878	0.60949				2
2024.10.15	02:00:25.778	0.60950	0.60953			6
2024.10.15	02:00:27.539	0.60951				2
2024.10.15	02:00:31.269		0.60954			4
2024.10.15	02:00:33.974		0.60955			4
2024.10.15	02:00:34.288		0.60954			4
2024.10.15	02:00:38.771	0.60952				2
2024.10.15	02:00:39.131	0.60951				2
2024.10.15	02:00:41.446	0.60952				2
2024.10.15	02:00:44.369	0.60951				2
2024.10.15	02:00:45.360	0.60952				2
2024.10.15	02:00:45.694	0.60951				2
2024.10.15	02:00:46.165	0.60952				2
2024.10.15	02:00:47.474	0.60951				2
2024.10.15	02:00:50.387	0.60952	0.60955			6
2024.10.15	02:00:53.411		0.60954			4
2024.10.15	02:00:55.215	0.60951				2
2024.10.15	02:00:56.446	0.60952				2
2024.10.15	02:01:00.213	0.60952				2
2024.10.15	02:01:02.202	0.60951				2
2024.10.15	02:01:03.347		0.60953			4
2024.10.15	02:01:06.578		0.60954			4
2024.10.15	02:01:06.898		0.60953			4
2024.10.15	02:01:11.391		0.60954			4
2024.10.15	02:01:11.717		0.60953			4
2024.10.15	02:01:14.596	0.60948	0.60950			6
2024.10.15	02:01:41.148		0.60951			4
2024.10.15	02:01:52.715	0.60947				2
2024.10.15	02:01:53.265		0.60950			4
2024.10.15	02:01:59.458	0.60945	0.60948			6
2024.10.15	02:02:01.163	0.60944	0.60947			6
2024.10.15	02:02:09.175	0.60945				2
2024.10.15	02:02:18.352	0.60944	0.60946			6
2024.10.15	02:02:19.784		0.60947			4
2024.10.15	02:02:20.808	0.60945				2
2024.10.15	02:02:31.318	0.60946	0.60948			6
2024.10.15	02:02:37.104	0.60945				2
2024.10.15	02:02:43.410		0.60947			4
2024.10.15	02:02:43.741	0.60944				2
2024.10.15	02:02:44.052	0.60943	0.60946			6
2024.10.15	02:02:45.041		0.60945			4
2024.10.15	02:02:45.343	0.60942				2
2024.10.15	02:02:47.061		0.60946			4
2024.10.15	02:02:52.469	0.60945	0.60947			6
2024.10.15	02:02:59.371	0.60944				2
2024.10.15	02:03:00.441	0.60943	0.60946			6
2024.10.15	02:03:08.040		0.60947			4
2024.10.15	02:03:16.571		0.60945			4
2024.10.15	02:03:20.028		0.60946			4
2024.10.15	02:03:20.361		0.60945			4
2024.10.15	02:03:22.281		0.60946			4
2024.10.15	02:03:24.349	0.60940	0.60942			6
2024.10.15	02:03:24.654	0.60939				2
2024.10.15	02:03:24.971	0.60940				2
2024.10.15	02:03:25.614	0.60939				2
2024.10.15	02:03:29.260	0.60936	0.60938			6
2024.10.15	02:03:36.233	0.60935				2
2024.10.15	02:03:36.544		0.60936			4
2024.10.15	02:03:37.304	0.60934				2
2024.10.15	02:03:37.626		0.60937			4
2024.10.15	02:03:39.005		0.60936			4
2024.10.15	02:03:48.447	0.60936	0.60938			6
2024.10.15	02:03:53.406		0.60939			4
2024.10.15	02:04:02.840	0.60936	0.60940			6
2024.10.15	02:04:10.938	0.60937	0.60941			6
2024.10.15	02:04:15.462		0.60942			4
2024.10.15	02:04:16.131		0.60941			4
2024.10.15	02:04:41.151	0.60938	0.60942			6
2024.10.15	02:04:44.313		0.60943			4
2024.10.15	02:04:45.621		0.60942			4
2024.10.15	02:04:50.560	0.60937	0.60940			6
2024.10.15	02:04:51.615	0.60938	0.60941			6
2024.10.15	02:04:54.786	0.60937	0.60940			6
2024.10.15	02:04:56.809	0.60934	0.60937			6
2024.10.15	02:04:57.141	0.60933	0.60936			6
2024.10.15	02:04:58.262		0.60937			4
2024.10.15	02:05:00.129	0.60934	0.60938			6
2024.10.15	02:05:02.907	0.60935				2
2024.10.15	02:05:04.378		0.60939			4
2024.10.15	02:05:04.725	0.60936				2
2024.10.15	02:05:07.182	0.60935				2
2024.10.15	02:05:12.327	0.60934	0.60936			6
2024.10.15	02:05:12.627	0.60935	0.60939			6
2024.10.15	02:05:30.130		0.60938			4
2024.10.15	02:05:36.049	0.60934	0.60936			6
2024.10.15	02:05:41.420	0.60931	0.60935			6
2024.10.15	02:05:45.250	0.60927	0.60931			6
2024.10.15	02:05:47.237	0.60930	0.60934			6
2024.10.15	02:05:59.136	0.60929				2
2024.10.15	02:06:01.132	0.60930				2
2024.10.15	02:06:09.774		0.60933			4
2024.10.15	02:06:12.439		0.60934			4
2024.10.15	02:06:15.409		0.60933			4
2024.10.15	02:06:21.183	0.60929				2
2024.10.15	02:06:25.314	0.60928				2
2024.10.15	02:06:27.345	0.60929				2
2024.10.15	02:06:34.320		0.60934			4
2024.10.15	02:06:38.376	0.60930				2
2024.10.15	02:06:39.232	0.60931	0.60935			6
2024.10.15	02:06:39.676	0.60932				2
2024.10.15	02:06:43.242		0.60934			4
2024.10.15	02:06:43.699		0.60935			4
2024.10.15	02:06:51.782		0.60936			4
2024.10.15	02:07:00.223	0.60932				2
2024.10.15	02:07:06.587		0.60935			4
2024.10.15	02:07:07.201	0.60933	0.60936			6
2024.10.15	02:07:09.082	0.60935	0.60938			6
2024.10.15	02:07:13.315	0.60933	0.60937			6
2024.10.15	02:07:18.250	0.60934				2
2024.10.15	02:07:19.150	0.60933				2
2024.10.15	02:07:25.069	0.60934				2
2024.10.15	02:07:27.752	0.60937	0.60939			6
2024.10.15	02:07:28.053	0.60940	0.60943			6
2024.10.15	02:07:28.369	0.60938	0.60942			6
2024.10.15	02:07:29.810		0.60939			4
2024.10.15	02:07:30.124	0.60935				2
2024.10.15	02:07:30.678	0.60936				2
2024.10.15	02:07:31.124		0.60937			4
2024.10.15	02:07:31.432	0.60933				2
2024.10.15	02:07:40.190	0.60934				2
2024.10.15	02:07:40.501		0.60938			4
2024.10.15	02:07:44.462		0.60939			4
2024.10.15	02:07:44.795	0.60935				2
2024.10.15	02:07:49.035	0.60934				2
2024.10.15	02:07:50.492		0.60938			4
2024.10.15	02:07:55.446	0.60935				2
2024.10.15	02:07:58.289	0.60934				2
2024.10.15	02:08:01.674	0.60934				2
2024.10.15	02:08:13.174	0.60936	0.60940			6
2024.10.15	02:08:16.430	0.60938				2
2024.10.15	02:08:17.122	0.60937				2
2024.10.15	02:08:19.775	0.60936				2
2024.10.15	02:08:28.350	0.60935	0.60938			6
2024.10.15	02:08:32.048	0.60936				2
2024.10.15	02:08:34.706	0.60935				2
2024.10.15	02:08:38.766	0.60940	0.60944			6
2024.10.15	02:09:00.814	0.60940				2
2024.10.15	02:09:09.167	0.60941				2
2024.10.15	02:09:19.817	0.60944	0.60946			6
2024.10.15	02:09:20.119	0.60946	0.60949			6
2024.10.15	02:09:31.780		0.60948			4
2024.10.15	02:09:34.740	0.60944	0.60947			6
2024.10.15	02:09:37.741	0.60945				2
2024.10.15	02:09:45.822		0.60948			4
2024.10.15	02:09:52.149	0.60944	0.60947			6
2024.10.15	02:09:53.402	0.60942	0.60945			6
2024.10.15	02:09:55.539		0.60946			4
2024.10.15	02:09:55.877		0.60945			4
2024.10.15	02:09:56.181		0.60946			4
2024.10.15	02:09:56.568	0.60943				2
2024.10.15	02:09:56.888	0.60942	0.60945			6
2024.10.15	02:10:00.521	0.60942				2
2024.10.15	02:10:01.486		0.60946			4
2024.10.15	02:10:02.826		0.60945			4
2024.10.15	02:10:14.831		0.60944			4
2024.10.15	02:10:17.212		0.60945			4
2024.10.15	02:10:57.101	0.60944	0.60946			6
2024.10.15	02:10:57.452		0.60947			4
2024.10.15	02:10:57.817	0.60945				2
2024.10.15	02:10:59.727	0.60943	0.60945			6
2024.10.15	02:11:00.359	0.60943				2
2024.10.15	02:11:03.225		0.60946			4
2024.10.15	02:11:04.935	0.60942	0.60945			6
2024.10.15	02:11:06.987		0.60946			4
2024.10.15	02:11:09.137	0.60944				2
2024.10.15	02:11:09.442		0.60947			4
2024.10.15	02:11:09.833		0.60946			4
2024.10.15	02:11:11.821		0.60947			4
2024.10.15	02:11:12.906	0.60945				2
2024.10.15	02:11:13.784		0.60948			4
2024.10.15	02:11:31.685		0.60947			4
2024.10.15	02:11:32.196	0.60944				2
2024.10.15	02:11:36.741		0.60948			4
2024.10.15	02:11:45.828		0.60945			4
2024.10.15	02:11:46.133		0.60948			4
2024.10.15	02:11:52.221	0.60945				2
2024.10.15	02:11:56.866	0.60944				2
2024.10.15	02:12:00.361	0.60944				2
2024.10.15	02:12:03.737	0.60946	0.60950			6
2024.10.15	02:12:07.347		0.60949			4
2024.10.15	02:12:12.315	0.60944	0.60948			6
2024.10.15	02:12:13.348	0.60946	0.60949			6
2024.10.15	02:12:36.960	0.60950	0.60954			6
2024.10.15	02:12:48.587	0.60952	0.60955			6
2024.10.15	02:13:00.395	0.60951				2
2024.10.15	02:13:01.420	0.60950	0.60953			6
2024.10.15	02:13:01.968	0.60949	0.60952			6
2024.10.15	02:13:02.332	0.60950				2
2024.10.15	02:13:02.635	0.60948				2
2024.10.15	02:13:05.724		0.60951			4
2024.10.15	02:13:06.566		0.60952			4
2024.10.15	02:13:06.901		0.60951			4
2024.10.15	02:13:10.494		0.60952			4
2024.10.15	02:13:11.131		0.60951			4
2024.10.15	02:13:11.469		0.60952			4
2024.10.15	02:13:12.361	0.60949				2
2024.10.15	02:13:13.571		0.60951			4
2024.10.15	02:13:14.781		0.60952			4
2024.10.15	02:13:15.130	0.60948	0.60951			6
2024.10.15	02:13:15.455		0.60952			4
2024.10.15	02:13:20.801		0.60951			4
2024.10.15	02:13:32.616	0.60949				2
2024.10.15	02:13:38.553		0.60953			4
2024.10.15	02:13:42.419	0.60948	0.60951			6
2024.10.15	02:13:44.556		0.60950			4
2024.10.15	02:13:46.868	0.60946	0.60948			6
2024.10.15	02:13:49.349	0.60945				2
2024.10.15	02:14:00.723	0.60945				2
2024.10.15	02:14:02.707	0.60944	0.60947			6
2024.10.15	02:14:06.316	0.60945				2
2024.10.15	02:14:13.372	0.60944				2
2024.10.15	02:14:28.623	0.60942	0.60944			6
2024.10.15	02:14:39.845	0.60945	0.60947			6
2024.10.15	02:14:40.538	0.60946				2
2024.10.15	02:14:40.868	0.60948	0.60949			6
2024.10.15	02:14:41.554	0.60947				2
2024.10.15	02:14:42.138	0.60948				2
2024.10.15	02:14:42.981	0.60947				2
2024.10.15	02:14:45.071	0.60946				2
2024.10.15	02:14:45.680	0.60945	0.60948			6
2024.10.15	02:14:52.170	0.60944				2
2024.10.15	02:14:55.958	0.60945				2
2024.10.15	02:15:00.099	0.60945				2
2024.10.15	02:15:04.380	0.60947	0.60949			6
2024.10.15	02:15:04.803	0.60946				2
2024.10.15	02:15:05.420		0.60948			4
2024.10.15	02:15:08.861		0.60949			4
2024.10.15	02:15:09.177	0.60947				2
2024.10.15	02:15:10.434	0.60946				2
2024.10.15	02:15:11.580	0.60947				2
2024.10.15	02:15:11.894		0.60950			4
2024.10.15	02:15:13.638	0.60948				2
2024.10.15	02:15:19.380	0.60949				2
2024.10.15	02:15:19.991	0.60948	0.60951			6
2024.10.15	02:15:20.390	0.60950				2
2024.10.15	02:15:22.303		0.60952			4
2024.10.15	02:15:30.852		0.60953			4
2024.10.15	02:15:36.938	0.60952	0.60954			6
2024.10.15	02:15:54.781	0.60949	0.60952			6
2024.10.15	02:15:56.617		0.60951			4
2024.10.15	02:15:58.061		0.60952			4
2024.10.15	02:16:00.671	0.60949	0.60951			6
2024.10.15	02:16:01.385	0.60948	0.60950			6
2024.10.15	02:16:01.926		0.60951			4
2024.10.15	02:16:14.647	0.60950				2
2024.10.15	02:16:14.951	0.60948				2
2024.10.15	02:16:19.518	0.60949				2
2024.10.15	02:16:40.445	0.60950	0.60952			6
2024.10.15	02:16:43.308		0.60953			4
2024.10.15	02:16:44.070		0.60952			4
2024.10.15	02:16:50.270	0.60951	0.60953			6
2024.10.15	02:16:58.677	0.60954	0.60956			6
2024.10.15	02:17:02.011	0.60953				2
2024.10.15	02:17:08.724	0.60952	0.60953			6
2024.10.15	02:17:09.825	0.60950	0.60952			6
2024.10.15	02:17:10.878		0.60953			4
2024.10.15	02:17:21.577		0.60952			4
2024.10.15	02:17:21.884	0.60948	0.60951			6
2024.10.15	02:17:23.431	0.60949	0.60953			6
2024.10.15	02:17:23.748	0.60950				2
2024.10.15	02:17:29.059	0.60949				2
2024.10.15	02:17:36.281		0.60952			4
2024.10.15	02:17:37.379		0.60953			4
2024.10.15	02:17:39.457		0.60952			4
2024.10.15	02:17:51.849		0.60950			4
2024.10.15	02:17:59.726		0.60951			4
2024.10.15	02:18:00.385	0.60949				2
2024.10.15	02:18:05.463	0.60951	0.60952			6
2024.10.15	02:18:05.772	0.60945	0.60950			6
2024.10.15	02:18:06.099	0.60946				2
2024.10.15	02:18:24.050	0.60943	0.60947			6
2024.10.15	02:18:24.364	0.60944				2
2024.10.15	02:18:25.737	0.60943				2
2024.10.15	02:18:34.978	0.60944				2
2024.10.15	02:18:41.698		0.60948			4
2024.10.15	02:19:00.091	0.60944				2
2024.10.15	02:19:45.170		0.60948			4
2024.10.15	02:20:00.456	0.60944				2
2024.10.15	02:20:07.285	0.60945				2
2024.10.15	02:20:09.796		0.60949			4
2024.10.15	02:20:11.203	0.60949	0.60951			6
2024.10.15	02:20:20.893	0.60952	0.60954			6
2024.10.15	02:20:21.746		0.60955			4
2024.10.15	02:20:22.145		0.60954			4
2024.10.15	02:20:25.705	0.60949	0.60952			6
2024.10.15	02:20:30.405	0.60951	0.60954			6
2024.10.15	02:20:33.069	0.60950				2
2024.10.15	02:20:35.626	0.60949				2
2024.10.15	02:20:39.336	0.60948	0.60951			6
2024.10.15	02:20:39.732		0.60950			4
2024.10.15	02:20:42.902	0.60944	0.60948			6
2024.10.15	02:20:44.456		0.60947			4
2024.10.15	02:20:44.830		0.60948			4
2024.10.15	02:20:46.317	0.60943	0.60947			6
2024.10.15	02:20:46.621	0.60944				2
2024.10.15	02:20:54.632		0.60945			4
2024.10.15	02:20:56.431		0.60946			4
2024.10.15	02:21:16.665	0.60944	0.60947			6
2024.10.15	02:21:20.322	0.60942	0.60944			6
2024.10.15	02:21:20.818		0.60945			4
2024.10.15	02:21:27.899		0.60944			4
2024.10.15	02:21:31.519	0.60939	0.60942			6
2024.10.15	02:21:55.078	0.60934	0.60937			6
2024.10.15	02:21:57.196		0.60938			4
2024.10.15	02:22:01.068	0.60934				2
2024.10.15	02:22:06.177	0.60939	0.60941			6
2024.10.15	02:22:06.485	0.60938				2
2024.10.15	02:22:11.364	0.60937	0.60940			6
2024.10.15	02:22:15.647		0.60941			4
2024.10.15	02:22:28.744	0.60938	0.60942			6
2024.10.15	02:22:36.491	0.60937	0.60940			6
2024.10.15	02:22:39.362		0.60941			4
2024.10.15	02:22:40.346	0.60938				2
2024.10.15	02:22:49.481		0.60942			4
2024.10.15	02:22:50.314	0.60940	0.60943			6
2024.10.15	02:23:00.627	0.60941				2
2024.10.15	02:23:01.371	0.60940	0.60942			6
2024.10.15	02:23:10.804		0.60943			4
2024.10.15	02:23:13.826	0.60942	0.60946			6
2024.10.15	02:23:14.126	0.60943	0.60947			6
2024.10.15	02:23:33.284		0.60946			4
2024.10.15	02:23:36.443		0.60947			4
2024.10.15	02:23:48.006	0.60944				2
2024.10.15	02:23:49.471	0.60943				2
2024.10.15	02:23:53.355		0.60946			4
2024.10.15	02:24:00.328	0.60943				2
2024.10.15	02:24:12.377	0.60944				2
2024.10.15	02:24:38.899	0.60941	0.60942			6
2024.10.15	02:24:39.206	0.60939	0.60940			6
2024.10.15	02:24:40.019	0.60938				2
2024.10.15	02:24:50.912	0.60936	0.60938			6
2024.10.15	02:24:52.811	0.60935				2
2024.10.15	02:24:53.787		0.60937			4
2024.10.15	02:25:00.434	0.60935				2
2024.10.15	02:25:02.358	0.60934				2
2024.10.15	02:25:03.935	0.60933	0.60935			6
2024.10.15	02:25:10.682	0.60932	0.60933			6
2024.10.15	02:25:10.983		0.60934			4
2024.10.15	02:25:15.686	0.60931				2
2024.10.15	02:25:20.676	0.60929	0.60931			6
2024.10.15	02:25:21.068		0.60932			4
2024.10.15	02:25:57.438		0.60933			4
2024.10.15	02:26:00.416	0.60930				2
2024.10.15	02:26:00.721	0.60931				2
2024.10.15	02:26:09.583	0.60934	0.60937			6
2024.10.15	02:26:21.845		0.60936			4
2024.10.15	02:26:24.661		0.60937			4
2024.10.15	02:26:29.385		0.60936			4
2024.10.15	02:26:48.842	0.60933				2
2024.10.15	02:26:49.147	0.60932	0.60935			6
2024.10.15	02:26:51.130	0.60931	0.60934			6
2024.10.15	02:27:00.230	0.60930	0.60933			6
2024.10.15	02:27:00.541		0.60932			4
2024.10.15	02:27:05.285	0.60929				2
2024.10.15	02:27:06.123	0.60930	0.60933			6
2024.10.15	02:27:13.122	0.60931	0.60935			6
2024.10.15	02:27:15.473		0.60933			4
2024.10.15	02:27:15.788	0.60930	0.60932			6
2024.10.15	02:27:34.350		0.60933			4
2024.10.15	02:27:37.195		0.60932			4
2024.10.15	02:27:38.024		0.60933			4
2024.10.15	02:27:45.069	0.60929	0.60930			6
2024.10.15	02:27:45.374	0.60930	0.60933			6
2024.10.15	02:28:00.998	0.60930				2
2024.10.15	02:28:16.987		0.60932			4
2024.10.15	02:28:22.063		0.60933			4
2024.10.15	02:28:24.798		0.60932			4
2024.10.15	02:28:31.543		0.60933			4
2024.10.15	02:28:38.901	0.60933	0.60936			6
2024.10.15	02:28:57.032		0.60937			4
2024.10.15	02:29:00.421	0.60933				2
2024.10.15	02:29:01.905		0.60936			4
2024.10.15	02:29:02.638		0.60937			4
2024.10.15	02:29:10.859		0.60936			4
2024.10.15	02:29:24.338		0.60935			4
2024.10.15	02:29:42.043	0.60929	0.60932			6
2024.10.15	02:29:49.317		0.60931			4
2024.10.15	02:30:00.467	0.60929				2
2024.10.15	02:30:06.213	0.60928	0.60930			6
2024.10.15	02:30:19.652		0.60931			4
2024.10.15	02:30:22.129		0.60930			4
2024.10.15	02:30:23.457		0.60931			4
2024.10.15	02:30:24.479	0.60927				2
2024.10.15	02:30:26.024	0.60926	0.60930			6
2024.10.15	02:30:29.510	0.60927	0.60931			6
2024.10.15	02:30:46.049	0.60928				2
2024.10.15	02:31:00.361	0.60927				2
2024.10.15	02:31:00.724		0.60928			4
2024.10.15	02:31:01.027		0.60930			4
2024.10.15	02:31:03.099	0.60926				2
2024.10.15	02:31:03.400	0.60927	0.60931			6
2024.10.15	02:31:05.846		0.60930			4
2024.10.15	02:31:06.198		0.60931			4
2024.10.15	02:31:06.508	0.60928				2
2024.10.15	02:31:06.992	0.60927				2
2024.10.15	02:31:07.645	0.60928				2
2024.10.15	02:31:10.610	0.60929				2
2024.10.15	02:31:11.116	0.60928				2
2024.10.15	02:31:18.543	0.60927				2
2024.10.15	02:31:22.095		0.60930			4
2024.10.15	02:31:25.942		0.60931			4
2024.10.15	02:31:30.140		0.60930			4
2024.10.15	02:31:43.767		0.60931			4
2024.10.15	02:31:58.303	0.60928				2
2024.10.15	02:32:00.310	0.60928				2
2024.10.15	02:32:00.804	0.60927	0.60930			6
2024.10.15	02:32:08.874	0.60926				2
2024.10.15	02:32:12.639	0.60925	0.60928			6
2024.10.15	02:32:13.692	0.60924				2
2024.10.15	02:32:15.035	0.60925				2
2024.10.15	02:32:35.393	0.60924	0.60926			6
2024.10.15	02:32:49.631		0.60925			4
2024.10.15	02:33:00.421	0.60924				2
2024.10.15	02:33:10.036	0.60923				2
2024.10.15	02:33:50.464		0.60925			4
2024.10.15	02:34:00.422	0.60923				2
2024.10.15	02:34:05.588	0.60920	0.60923			6
2024.10.15	02:34:15.520	0.60922	0.60924			6
2024.10.15	02:34:34.611	0.60920	0.60922			6
2024.10.15	02:34:47.280	0.60918	0.60920			6
2024.10.15	02:34:47.608	0.60917				2
2024.10.15	02:34:54.879	0.60910	0.60913			6
2024.10.15	02:34:55.185	0.60909	0.60910			6
2024.10.15	02:34:57.234	0.60908				2
2024.10.15	02:35:00.436	0.60908				2
2024.10.15	02:35:05.650		0.60909			4
2024.10.15	02:35:06.023	0.60907				2
2024.10.15	02:35:07.362		0.60908			4
2024.10.15	02:35:08.454		0.60909			4
2024.10.15	02:35:10.115	0.60905	0.60908			6
2024.10.15	02:35:10.424	0.60904	0.60906			6
2024.10.15	02:35:14.217	0.60905	0.60907			6
2024.10.15	02:35:20.692		0.60908			4
2024.10.15	02:35:26.124	0.60907	0.60911			6
2024.10.15	02:35:31.406	0.60908				2
2024.10.15	02:35:35.994		0.60912			4
2024.10.15	02:35:45.859	0.60909				2
2024.10.15	02:35:47.618	0.60908				2
2024.10.15	02:35:57.201	0.60909				2
2024.10.15	02:36:00.420	0.60909				2
2024.10.15	02:36:04.290	0.60910				2
2024.10.15	02:36:05.159	0.60909				2
2024.10.15	02:36:20.719		0.60911			4
2024.10.15	02:36:30.557		0.60912			4
2024.10.15	02:36:34.186	0.60908				2
2024.10.15	02:36:34.826	0.60907	0.60909			6
2024.10.15	02:36:35.131		0.60910			4
2024.10.15	02:36:35.439		0.60909			4
2024.10.15	02:36:54.231		0.60908			4
2024.10.15	02:36:54.535	0.60908	0.60910			6
2024.10.15	02:36:55.386	0.60907				2
2024.10.15	02:36:58.367		0.60911			4
2024.10.15	02:37:00.417	0.60907				2
2024.10.15	02:37:05.240		0.60910			4
2024.10.15	02:37:08.254	0.60903	0.60905			6
2024.10.15	02:37:10.353	0.60902	0.60903			6
2024.10.15	02:37:10.662	0.60900				2
2024.10.15	02:37:27.276	0.60898	0.60900			6
2024.10.15	02:37:27.581	0.60897				2
2024.10.15	02:37:28.687		0.60901			4
2024.10.15	02:37:31.276		0.60900			4
2024.10.15	02:37:50.102		0.60901			4
2024.10.15	02:38:00.418	0.60897				2
2024.10.15	02:38:01.407		0.60900			4
2024.10.15	02:38:10.448		0.60901			4
2024.10.15	02:38:11.375	0.60898				2
2024.10.15	02:38:14.565	0.60897				2
2024.10.15	02:38:18.156		0.60898			4
2024.10.15	02:38:18.464	0.60892	0.60895			6
2024.10.15	02:38:20.032		0.60896			4
2024.10.15	02:38:28.803	0.60893				2
2024.10.15	02:38:33.908	0.60894				2
2024.10.15	02:38:36.994	0.60897	0.60898			6
2024.10.15	02:38:37.301	0.60896	0.60900			6
2024.10.15	02:38:38.331	0.60897				2
2024.10.15	02:38:50.681		0.60901			4
2024.10.15	02:38:52.062	0.60896	0.60900			6
2024.10.15	02:38:53.158	0.60897				2
2024.10.15	02:38:54.145	0.60899	0.60902			6
2024.10.15	02:38:54.450	0.60898				2
2024.10.15	02:39:00.411	0.60897	0.60899			6
2024.10.15	02:39:09.863		0.60898			4
2024.10.15	02:39:10.180	0.60895				2
2024.10.15	02:39:12.155	0.60897	0.60900			6
2024.10.15	02:39:21.169	0.60898	0.60901			6
2024.10.15	02:39:41.690	0.60899	0.60902			6
2024.10.15	02:39:43.253	0.60900				2
2024.10.15	02:39:43.952		0.60903			4
2024.10.15	02:39:49.694	0.60902	0.60905			6
2024.10.15	02:39:54.465	0.60903	0.60906			6
2024.10.15	02:39:54.768	0.60902	0.60905			6
2024.10.15	02:39:55.082	0.60901				2
2024.10.15	02:39:56.854	0.60900	0.60903			6
2024.10.15	02:39:59.751	0.60902	0.60904			6
2024.10.15	02:40:00.205	0.60902	0.60905			6
2024.10.15	02:40:15.114	0.60903				2
2024.10.15	02:40:17.524	0.60902				2
2024.10.15	02:40:18.254	0.60900	0.60903			6
2024.10.15	02:40:19.305	0.60901	0.60904			6
2024.10.15	02:40:19.619	0.60902	0.60905			6
2024.10.15	02:40:22.671	0.60904	0.60906			6
2024.10.15	02:40:24.616	0.60903				2
2024.10.15	02:40:28.538	0.60900	0.60903			6
2024.10.15	02:40:35.649	0.60898	0.60901			6
2024.10.15	02:40:36.351	0.60900	0.60903			6
2024.10.15	02:40:39.740	0.60902	0.60905			6
2024.10.15	02:40:40.304		0.60906			4
2024.10.15	02:40:47.942	0.60903				2
2024.10.15	02:40:50.850	0.60908	0.60911			6
2024.10.15	02:40:52.494	0.60907				2
2024.10.15	02:40:53.069		0.60910			4
2024.10.15	02:40:54.156		0.60909			4
2024.10.15	02:41:00.355	0.60906				2
2024.10.15	02:41:01.440		0.60908			4
2024.10.15	02:41:03.803	0.60903	0.60906			6
2024.10.15	02:41:04.272	0.60902				2
2024.10.15	02:41:08.475		0.60905			4
2024.10.15	02:41:32.082	0.60900	0.60903			6
2024.10.15	02:41:33.498		0.60902			4
2024.10.15	02:41:36.576	0.60899	0.60901			6
2024.10.15	02:42:00.417	0.60899	0.60902			6
2024.10.15	02:42:00.720	0.60900				2
2024.10.15	02:42:03.487	0.60898	0.60900			6
2024.10.15	02:42:03.794	0.60896				2
2024.10.15	02:42:04.173	0.60897	0.60899			6
2024.10.15	02:42:04.485		0.60901			4
2024.10.15	02:42:04.812	0.60898				2
2024.10.15	02:42:06.062	0.60899				2
2024.10.15	02:42:06.543	0.60897	0.60900			6
2024.10.15	02:42:15.846		0.60901			4
2024.10.15	02:42:17.527		0.60900			4
2024.10.15	02:42:18.006		0.60901			4
2024.10.15	02:42:20.249	0.60899	0.60902			6
2024.10.15	02:42:20.551	0.60900	0.60903			6
2024.10.15	02:42:20.921	0.60899				2
2024.10.15	02:42:22.818	0.60900				2
2024.10.15	02:42:33.107	0.60901				2
2024.10.15	02:42:57.735		0.60904			4
2024.10.15	02:43:00.323	0.60900	0.60902			6
2024.10.15	02:43:01.133	0.60901	0.60903			6
2024.10.15	02:43:14.642	0.60900				2
2024.10.15	02:43:15.646	0.60901				2
2024.10.15	02:43:18.388	0.60897	0.60900			6
2024.10.15	02:43:18.689	0.60898	0.60901			6
2024.10.15	02:43:19.338		0.60900			4
2024.10.15	02:43:19.646	0.60897				2
2024.10.15	02:43:19.976		0.60901			4
2024.10.15	02:43:21.920		0.60900			4
2024.10.15	02:43:22.662		0.60901			4
2024.10.15	02:43:24.546	0.60898				2
2024.10.15	02:43:33.603	0.60899				2
2024.10.15	02:43:33.945	0.60898				2
2024.10.15	02:43:34.643	0.60899				2
2024.10.15	02:43:38.346	0.60900	0.60903			6
2024.10.15	02:43:40.605	0.60898	0.60901			6
2024.10.15	02:43:40.974	0.60897	0.60900			6
2024.10.15	02:43:44.135		0.60901			4
2024.10.15	02:43:46.943	0.60898	0.60900			6
2024.10.15	02:43:48.030		0.60901			4
2024.10.15	02:43:48.370	0.60897	0.60900			6
2024.10.15	02:43:48.795		0.60901			4
2024.10.15	02:43:49.374		0.60900			4
2024.10.15	02:43:51.395		0.60901			4
2024.10.15	02:43:53.194	0.60898				2
2024.10.15	02:43:53.618	0.60897				2
2024.10.15	02:43:54.701	0.60898				2
2024.10.15	02:43:55.012	0.60897				2
2024.10.15	02:43:55.327		0.60900			4
2024.10.15	02:43:56.269		0.60901			4
2024.10.15	02:43:57.485		0.60900			4
2024.10.15	02:43:59.675		0.60901			4
2024.10.15	02:44:00.542	0.60897	0.60900			6
2024.10.15	02:44:00.945		0.60901			4
2024.10.15	02:44:01.251		0.60900			4
2024.10.15	02:44:10.537	0.60898	0.60901			6
2024.10.15	02:44:12.529	0.60897				2
2024.10.15	02:44:19.554		0.60900			4
2024.10.15	02:44:20.262		0.60901			4
2024.10.15	02:44:21.367		0.60900			4
2024.10.15	02:44:21.742		0.60901			4
2024.10.15	02:44:22.957		0.60900			4
2024.10.15	02:44:23.290		0.60901			4
2024.10.15	02:44:23.985		0.60900			4
2024.10.15	02:44:29.680	0.60894	0.60897			6
2024.10.15	02:44:43.754	0.60895	0.60898			6
2024.10.15	02:44:51.896	0.60893	0.60897			6
2024.10.15	02:44:53.192		0.60896			4
2024.10.15	02:44:54.671	0.60895				2
2024.10.15	02:44:55.035	0.60893				2
2024.10.15	02:44:56.133	0.60896	0.60897			6
2024.10.15	02:44:56.510	0.60893	0.60896			6
2024.10.15	02:44:56.870	0.60897	0.60898			6
2024.10.15	02:44:57.239	0.60893	0.60896			6
2024.10.15	02:45:01.559	0.60893	0.60894			6
2024.10.15	02:45:02.503		0.60896			4
2024.10.15	02:45:02.853		0.60895			4
2024.10.15	02:45:09.147		0.60896			4
2024.10.15	02:45:21.971	0.60894	0.60897			6
2024.10.15	02:45:23.251		0.60898			4
2024.10.15	02:45:30.393	0.60896	0.60899			6
2024.10.15	02:45:38.434		0.60900			4
2024.10.15	02:45:39.668	0.60897	0.60901			6
2024.10.15	02:45:42.981	0.60898				2
2024.10.15	02:45:55.466	0.60897	0.60900			6
2024.10.15	02:45:55.835		0.60901			4
2024.10.15	02:45:56.862		0.60900			4
2024.10.15	02:46:00.717	0.60897				2
2024.10.15	02:46:01.040		0.60901			4
2024.10.15	02:46:01.344	0.60898	0.60902			6
2024.10.15	02:46:03.129		0.60901			4
2024.10.15	02:46:05.052	0.60899				2
2024.10.15	02:46:14.301		0.60900			4
2024.10.15	02:46:34.690		0.60901			4
2024.10.15	02:46:42.491		0.60902			4
2024.10.15	02:46:45.559	0.60900	0.60903			6
2024.10.15	02:46:46.411	0.60901	0.60904			6
2024.10.15	02:46:46.738	0.60903	0.60905			6
2024.10.15	02:46:47.044		0.60907			4
2024.10.15	02:46:47.518	0.60905				2
2024.10.15	02:46:47.825		0.60909			4
2024.10.15	02:46:59.523	0.60908	0.60911			6
2024.10.15	02:47:00.659	0.60908				2
2024.10.15	02:47:19.381	0.60909	0.60912			6
2024.10.15	02:47:34.801	0.60908				2
2024.10.15	02:47:40.621		0.60910			4
2024.10.15	02:47:40.924		0.60911			4
2024.10.15	02:48:00.085	0.60909	0.60912			6
2024.10.15	02:48:05.293		0.60911			4
2024.10.15	02:48:05.636	0.60908				2
2024.10.15	02:48:08.645	0.60909	0.60912			6
2024.10.15	02:48:16.378	0.60910				2
2024.10.15	02:48:18.735	0.60911	0.60914			6
2024.10.15	02:48:45.796		0.60913			4
2024.10.15	02:48:50.159	0.60912	0.60914			6
2024.10.15	02:48:54.105	0.60911				2
2024.10.15	02:48:56.448		0.60913			4
2024.10.15	02:48:59.382		0.60914			4
2024.10.15	02:49:00.210	0.60911				2
2024.10.15	02:49:09.267	0.60912				2
2024.10.15	02:49:10.140	0.60913	0.60916			6
2024.10.15	02:49:10.612		0.60917			4
2024.10.15	02:49:12.530	0.60908	0.60912			6
2024.10.15	02:49:16.482		0.60910			4
2024.10.15	02:49:17.291		0.60911			4
2024.10.15	02:49:18.586		0.60910			4
2024.10.15	02:49:19.518		0.60911			4
2024.10.15	02:49:21.720		0.60909			4
2024.10.15	02:49:22.023	0.60905	0.60907			6
2024.10.15	02:49:32.060		0.60908			4
2024.10.15	02:49:46.904	0.60906				2
2024.10.15	02:49:49.413	0.60905				2
2024.10.15	02:50:00.884	0.60905				2
2024.10.15	02:50:13.981	0.60904	0.60907			6
2024.10.15	02:50:14.420		0.60906			4
2024.10.15	02:50:16.905		0.60907			4
2024.10.15	02:50:17.844	0.60903	0.60906			6
2024.10.15	02:50:20.713		0.60904			4
2024.10.15	02:50:21.026	0.60901				2
2024.10.15	02:50:21.990	0.60902	0.60906			6
2024.10.15	02:50:27.636	0.60901	0.60905			6
2024.10.15	02:50:29.549	0.60902				2
2024.10.15	02:50:29.856		0.60906			4
2024.10.15	02:50:31.522	0.60908	0.60911			6
2024.10.15	02:50:36.581		0.60910			4
2024.10.15	02:50:42.118		0.60909			4
2024.10.15	02:50:42.420	0.60907				2
2024.10.15	02:50:47.623		0.60910			4
2024.10.15	02:50:51.634		0.60909			4
2024.10.15	02:50:53.752	0.60905	0.60907			6
2024.10.15	02:50:54.062		0.60908			4
2024.10.15	02:50:57.312		0.60907			4
2024.10.15	02:50:59.515	0.60902	0.60906			6
2024.10.15	02:51:00.227	0.60902				2
2024.10.15	02:51:01.531		0.60905			4
2024.10.15	02:51:03.452	0.60900	0.60903			6
2024.10.15	02:51:07.316		0.60904			4
2024.10.15	02:51:12.940	0.60903	0.60905			6
2024.10.15	02:51:15.896		0.60906			4
2024.10.15	02:51:16.854	0.60904				2
2024.10.15	02:51:17.195		0.60907			4
2024.10.15	02:51:18.672		0.60906			4
2024.10.15	02:51:18.995		0.60907			4
2024.10.15	02:51:20.705	0.60905	0.60908			6
2024.10.15	02:51:38.347	0.60902	0.60905			6
2024.10.15	02:51:44.567		0.60906			4
2024.10.15	02:51:46.747	0.60904	0.60907			6
2024.10.15	02:51:47.065	0.60902	0.60905			6
2024.10.15	02:51:48.643	0.60901	0.60904			6
2024.10.15	02:51:48.948	0.60900	0.60903			6
2024.10.15	02:51:50.595		0.60902			4
2024.10.15	02:51:50.915		0.60903			4
2024.10.15	02:51:59.087		0.60902			4
2024.10.15	02:51:59.558		0.60903			4
2024.10.15	02:52:00.422	0.60900				2
2024.10.15	02:52:04.690		0.60904			4
2024.10.15	02:52:09.930	0.60901	0.60902			6
2024.10.15	02:52:10.317	0.60900				2
2024.10.15	02:52:16.114		0.60903			4
2024.10.15	02:52:30.554	0.60902	0.60905			6
2024.10.15	02:52:30.873	0.60901				2
2024.10.15	02:52:31.817		0.60903			4
2024.10.15	02:52:43.784	0.60900				2
2024.10.15	02:52:58.948		0.60901			4
2024.10.15	02:52:59.249		0.60903			4
2024.10.15	02:53:01.153	0.60900				2
2024.10.15	02:53:43.136	0.60901				2
2024.10.15	02:53:43.858	0.60902	0.60905			6
2024.10.15	02:53:45.398	0.60903	0.60906			6
2024.10.15	02:53:53.409		0.60905			4
2024.10.15	02:53:54.154		0.60906			4
2024.10.15	02:53:59.028	0.60905	0.60908			6
2024.10.15	02:54:00.377	0.60905				2
2024.10.15	02:54:02.727	0.60906				2
2024.10.15	02:54:04.018		0.60909			4
2024.10.15	02:54:04.377	0.60903	0.60906			6
2024.10.15	02:54:05.125	0.60904				2
2024.10.15	02:54:05.497	0.60903				2
2024.10.15	02:54:07.718	0.60902				2
2024.10.15	02:54:09.801	0.60903				2
2024.10.15	02:54:13.989		0.60907			4
2024.10.15	02:54:16.120		0.60906			4
2024.10.15	02:54:17.312	0.60904	0.60907			6
2024.10.15	02:54:17.627	0.60905	0.60908			6
2024.10.15	02:54:56.739	0.60903	0.60906			6
2024.10.15	02:54:57.045		0.60904			4
2024.10.15	02:54:57.361	0.60902				2
2024.10.15	02:55:00.651	0.60902				2
2024.10.15	02:55:02.737		0.60905			4
2024.10.15	02:55:04.225	0.60903				2
2024.10.15	02:55:04.616	0.60902				2
2024.10.15	02:55:05.039	0.60901	0.60904			6
2024.10.15	02:55:10.358		0.60903			4
2024.10.15	02:55:11.428	0.60900	0.60902			6
2024.10.15	02:55:32.329		0.60903			4
2024.10.15	02:55:39.857	0.60901				2
2024.10.15	02:55:45.822		0.60905			4
2024.10.15	02:55:48.401	0.60902				2
2024.10.15	02:55:49.367		0.60904			4
2024.10.15	02:55:50.715	0.60900	0.60902			6
2024.10.15	02:55:51.444	0.60899	0.60900			6
2024.10.15	02:56:00.310	0.60899				2
2024.10.15	02:56:02.742	0.60898				2
2024.10.15	02:56:04.614	0.60899				2
2024.10.15	02:56:08.785	0.60898				2
2024.10.15	02:56:33.390	0.60899				2
2024.10.15	02:56:35.967	0.60898				2
2024.10.15	02:56:42.397	0.60899				2
2024.10.15	02:56:42.950	0.60898	0.60901			6
2024.10.15	02:56:44.408	0.60901	0.60902			6
2024.10.15	02:56:44.711	0.60900				2
2024.10.15	02:56:45.023	0.60899	0.60901			6
2024.10.15	02:56:45.347	0.60898	0.60900			6
2024.10.15	02:56:46.761		0.60901			4
2024.10.15	02:56:48.283		0.60900			4
2024.10.15	02:56:56.120		0.60899			4
2024.10.15	02:56:56.451		0.60900			4
2024.10.15	02:56:57.583	0.60895	0.60897			6
2024.10.15	02:56:59.455	0.60896	0.60899			6
2024.10.15	02:57:00.096	0.60896				2
2024.10.15	02:57:00.409		0.60898			4
2024.10.15	02:57:01.430	0.60895				2
2024.10.15	02:57:03.612	0.60894	0.60897			6
2024.10.15	02:57:05.199	0.60893	0.60895			6
2024.10.15	02:57:05.504	0.60892				2
2024.10.15	02:57:07.714	0.60891	0.60894			6
2024.10.15	02:57:08.177		0.60893			4
2024.10.15	02:57:08.899	0.60889	0.60892			6
2024.10.15	02:57:18.186	0.60890				2
2024.10.15	02:57:19.467		0.60891			4
2024.10.15	02:57:19.767		0.60892			4
2024.10.15	02:57:20.383		0.60893			4
2024.10.15	02:57:20.761	0.60889				2
2024.10.15	02:57:25.670		0.60892			4
2024.10.15	02:57:26.027		0.60890			4
2024.10.15	02:57:26.435	0.60888	0.60892			6
2024.10.15	02:57:27.154		0.60891			4
2024.10.15	02:57:27.593		0.60890			4
2024.10.15	02:57:28.638		0.60891			4
2024.10.15	02:57:30.449	0.60887	0.60890			6
2024.10.15	02:57:31.101		0.60891			4
2024.10.15	02:57:33.189	0.60886	0.60890			6
2024.10.15	02:57:34.854	0.60887				2
2024.10.15	02:57:35.223		0.60891			4
2024.10.15	02:57:45.328	0.60888	0.60892			6
2024.10.15	02:57:45.717		0.60891			4
2024.10.15	02:57:46.023		0.60892			4
2024.10.15	02:57:47.622		0.60891			4
2024.10.15	02:57:49.119	0.60889				2
2024.10.15	02:57:57.871	0.60888				2
2024.10.15	02:58:00.370	0.60888				2
2024.10.15	02:58:06.474		0.60890			4
2024.10.15	02:58:07.204		0.60891			4
2024.10.15	02:58:11.132	0.60889				2
2024.10.15	02:58:11.484	0.60888				2
2024.10.15	02:58:12.436	0.60889				2
2024.10.15	02:58:15.180	0.60890	0.60892			6
2024.10.15	02:58:15.484		0.60893			4
2024.10.15	02:58:16.825	0.60889				2
2024.10.15	02:58:27.490		0.60892			4
2024.10.15	02:58:31.727		0.60893			4
2024.10.15	02:58:36.882	0.60895	0.60899			6
2024.10.15	02:58:37.190		0.60898			4
2024.10.15	02:58:37.614		0.60899			4
2024.10.15	02:58:39.050	0.60894	0.60898			6
2024.10.15	02:58:40.035		0.60897			4
2024.10.15	02:58:42.130		0.60898			4
2024.10.15	02:58:42.781	0.60895				2
2024.10.15	02:58:56.789		0.60897			4
2024.10.15	02:58:57.142		0.60898			4
2024.10.15	02:59:00.372	0.60895				2
2024.10.15	02:59:00.815		0.60899			4
2024.10.15	02:59:06.403	0.60897	0.60900			6
2024.10.15	02:59:06.768		0.60901			4
2024.10.15	02:59:07.501	0.60896	0.60900			6
2024.10.15	02:59:08.711	0.60897	0.60901			6
2024.10.15	02:59:12.947		0.60900			4
2024.10.15	02:59:14.360		0.60901			4
2024.10.15	02:59:18.643		0.60900			4
2024.10.15	02:59:19.106		0.60901			4
2024.10.15	02:59:19.560		0.60900			4
2024.10.15	02:59:21.779	0.60896				2
2024.10.15	02:59:23.598	0.60897				2
2024.10.15	02:59:26.670	0.60899	0.60902			6
2024.10.15	02:59:26.983	0.60898				2
2024.10.15	02:59:27.291		0.60901			4
2024.10.15	02:59:27.619		0.60902			4
2024.10.15	02:59:30.129	0.60900				2
2024.10.15	02:59:30.553	0.60899				2
2024.10.15	02:59:30.878	0.60898				2
2024.10.15	02:59:31.598	0.60899				2
2024.10.15	02:59:32.204	0.60900	0.60903			6
2024.10.15	02:59:43.375		0.60904			4
2024.10.15	02:59:45.162		0.60903			4
2024.10.15	03:00:00.319	0.60901				2
2024.10.15	03:00:00.626	0.60902	0.60904			6
2024.10.15	03:00:01.570		0.60905			4
2024.10.15	03:00:01.884	0.60904	0.60907			6
2024.10.15	03:00:02.237	0.60905				2
2024.10.15	03:00:02.544		0.60908			4
2024.10.15	03:00:03.081	0.60906				2
2024.10.15	03:00:03.444	0.60905	0.60907			6
2024.10.15	03:00:05.562	0.60906				2
2024.10.15	03:00:08.745	0.60907	0.60910			6
2024.10.15	03:00:09.390	0.60906	0.60908			6
2024.10.15	03:00:11.881	0.60904	0.60905			6
2024.10.15	03:00:12.231	0.60897	0.60901			6
2024.10.15	03:00:12.561		0.60900			4
2024.10.15	03:00:13.190	0.60895	0.60898			6
2024.10.15	03:00:15.992		0.60897			4
2024.10.15	03:00:16.347		0.60898			4
2024.10.15	03:00:19.203	0.60896	0.60899			6
2024.10.15	03:00:19.515	0.60897	0.60900			6
2024.10.15	03:00:20.563	0.60896				2
2024.10.15	03:00:21.827	0.60894	0.60897			6
2024.10.15	03:00:24.733		0.60896			4
2024.10.15	03:00:25.046	0.60893	0.60895			6
2024.10.15	03:00:25.831	0.60889	0.60891			6
2024.10.15	03:00:28.060	0.60888	0.60890			6
2024.10.15	03:00:28.363		0.60889			4
2024.10.15	03:00:29.342	0.60886				2
2024.10.15	03:00:30.355		0.60888			4
2024.10.15	03:00:32.556	0.60887	0.60890			6
2024.10.15	03:00:33.345	0.60888	0.60891			6
2024.10.15	03:00:34.083		0.60890			4
2024.10.15	03:00:34.553		0.60891			4
2024.10.15	03:00:35.636	0.60887	0.60890			6
2024.10.15	03:00:38.099	0.60888	0.60891			6
2024.10.15	03:00:38.729	0.60889				2
2024.10.15	03:00:39.558	0.60888				2
2024.10.15	03:00:40.357	0.60892	0.60896			6
2024.10.15	03:00:40.688	0.60893				2
2024.10.15	03:00:41.678	0.60896	0.60900			6
2024.10.15	03:00:45.503	0.60897				2
2024.10.15	03:00:45.819	0.60896	0.60899			6
2024.10.15	03:00:47.285		0.60900			4
2024.10.15	03:00:47.921	0.60898				2
2024.10.15	03:00:48.282	0.60897				2
2024.10.15	03:00:49.289	0.60896				2
2024.10.15	03:00:49.605	0.60895				2
2024.10.15	03:00:50.502	0.60896	0.60899			6
2024.10.15	03:00:52.280		0.60898			4
2024.10.15	03:00:53.619	0.60898	0.60899			6
2024.10.15	03:00:53.925		0.60900			4
2024.10.15	03:00:54.896	0.60897				2
2024.10.15	03:00:55.872	0.60891	0.60895			6
2024.10.15	03:00:56.621	0.60892				2
2024.10.15	03:00:57.386	0.60890	0.60893			6
2024.10.15	03:00:58.455	0.60888	0.60890			6
2024.10.15	03:00:58.993		0.60891			4
2024.10.15	03:00:59.303	0.60889				2
2024.10.15	03:01:00.270	0.60890				2
2024.10.15	03:01:01.102	0.60889				2
2024.10.15	03:01:03.810	0.60890				2
2024.10.15	03:01:04.787	0.60893	0.60894			6
2024.10.15	03:01:05.094	0.60894	0.60897			6
2024.10.15	03:01:05.542	0.60895				2
2024.10.15	03:01:07.822		0.60898			4
2024.10.15	03:01:08.161		0.60897			4
2024.10.15	03:01:08.622	0.60894				2
2024.10.15	03:01:08.931		0.60895			4
2024.10.15	03:01:09.285	0.60893	0.60897			6
2024.10.15	03:01:09.584	0.60892	0.60896			6
2024.10.15	03:01:10.500	0.60891	0.60894			6
2024.10.15	03:01:10.805	0.60890	0.60893			6
2024.10.15	03:01:11.125	0.60891	0.60894			6
2024.10.15	03:01:12.066	0.60892				2
2024.10.15	03:01:12.384		0.60895			4
2024.10.15	03:01:13.131	0.60891				2
2024.10.15	03:01:13.915	0.60892				2
2024.10.15	03:01:14.635	0.60891				2
2024.10.15	03:01:14.946	0.60890	0.60894			6
2024.10.15	03:01:15.669	0.60887	0.60890			6
2024.10.15	03:01:16.668	0.60886	0.60889			6
2024.10.15	03:01:18.896	0.60887	0.60890			6
2024.10.15	03:01:26.679	0.60888				2
2024.10.15	03:01:28.141	0.60887	0.60891			6
2024.10.15	03:01:29.732		0.60889			4
2024.10.15	03:01:30.370		0.60891			4
2024.10.15	03:01:30.699	0.60888				2
2024.10.15	03:01:33.184	0.60887				2
2024.10.15	03:01:36.042	0.60889	0.60892			6
2024.10.15	03:01:44.041	0.60888	0.60891			6
2024.10.15	03:01:44.395	0.60887				2
2024.10.15	03:01:44.710	0.60888				2
2024.10.15	03:01:45.035	0.60887				2
2024.10.15	03:01:45.702	0.60888	0.60892			6
2024.10.15	03:01:46.367	0.60889				2
2024.10.15	03:01:48.647	0.60890				2
2024.10.15	03:01:49.973		0.60893			4
2024.10.15	03:01:51.731	0.60889	0.60892			6
2024.10.15	03:01:52.048	0.60888				2
2024.10.15	03:01:54.234		0.60893			4
2024.10.15	03:01:54.773		0.60892			4
2024.10.15	03:01:59.119	0.60889				2
2024.10.15	03:02:00.162	0.60889				2
2024.10.15	03:02:02.396		0.60893			4
2024.10.15	03:02:10.054	0.60892	0.60896			6
2024.10.15	03:02:10.365	0.60891	0.60895			6
2024.10.15	03:02:10.673	0.60890	0.60893			6
2024.10.15	03:02:10.977	0.60887	0.60891			6
2024.10.15	03:02:11.585	0.60886	0.60890			6
2024.10.15	03:02:12.305	0.60885				2
2024.10.15	03:02:12.624	0.60886				2
2024.10.15	03:02:21.999		0.60889			4
2024.10.15	03:02:23.096		0.60890			4
2024.10.15	03:02:25.944	0.60882	0.60886			6
2024.10.15	03:02:27.371	0.60881	0.60885			6
2024.10.15	03:02:30.555	0.60880	0.60882			6
2024.10.15	03:02:33.653		0.60881			4
2024.10.15	03:02:34.435	0.60879				2
2024.10.15	03:02:36.691		0.60883			4
2024.10.15	03:02:37.370	0.60880				2
2024.10.15	03:02:37.676	0.60879				2
2024.10.15	03:02:38.513		0.60882			4
2024.10.15	03:02:38.954		0.60881			4
2024.10.15	03:02:42.239	0.60878				2
2024.10.15	03:02:42.561	0.60879				2
2024.10.15	03:02:42.864		0.60882			4
2024.10.15	03:02:43.531	0.60880				2
2024.10.15	03:02:44.598	0.60879				2
2024.10.15	03:02:45.458	0.60880				2
2024.10.15	03:02:47.103	0.60879				2
2024.10.15	03:02:49.101		0.60881			4
2024.10.15	03:02:50.316		0.60882			4
2024.10.15	03:02:50.752		0.60881			4
2024.10.15	03:02:54.302	0.60880	0.60883			6
2024.10.15	03:02:54.942	0.60881	0.60885			6
2024.10.15	03:02:55.686		0.60884			4
2024.10.15	03:02:56.047	0.60880	0.60885			6
2024.10.15	03:02:56.349	0.60879	0.60883			6
2024.10.15	03:02:57.385	0.60881	0.60884			6
2024.10.15	03:02:57.691	0.60880				2
2024.10.15	03:02:59.936	0.60881				2
2024.10.15	03:03:00.346	0.60881				2
2024.10.15	03:03:02.996	0.60880	0.60883			6
2024.10.15	03:03:05.786	0.60879				2
2024.10.15	03:03:07.061	0.60880				2
2024.10.15	03:03:11.702	0.60879	0.60882			6
2024.10.15	03:03:15.641	0.60877	0.60880			6
2024.10.15	03:03:16.187	0.60876	0.60879			6
2024.10.15	03:03:18.480	0.60877	0.60880			6
2024.10.15	03:03:20.984	0.60875	0.60879			6
2024.10.15	03:03:22.746	0.60876				2
2024.10.15	03:03:28.807	0.60882	0.60883			6
2024.10.15	03:03:29.110		0.60885			4
2024.10.15	03:03:30.726	0.60881				2
2024.10.15	03:03:31.028	0.60882	0.60884			6
2024.10.15	03:03:32.327	0.60880	0.60883			6
2024.10.15	03:03:32.690	0.60879	0.60880			6
2024.10.15	03:03:37.132	0.60875	0.60876			6
2024.10.15	03:03:41.138	0.60874				2
2024.10.15	03:03:41.960		0.60875			4
2024.10.15	03:03:43.455		0.60876			4
2024.10.15	03:03:45.363	0.60871	0.60873			6
2024.10.15	03:03:46.204	0.60872	0.60875			6
2024.10.15	03:03:47.946	0.60871				2
2024.10.15	03:03:48.759	0.60872				2
2024.10.15	03:03:49.939	0.60871				2
2024.10.15	03:03:50.767		0.60874			4
2024.10.15	03:03:52.872		0.60872			4
2024.10.15	03:03:54.045	0.60872	0.60873			6
2024.10.15	03:03:54.713		0.60875			4
2024.10.15	03:03:55.041		0.60876			4
2024.10.15	03:03:55.754	0.60874				2
2024.10.15	03:03:56.961		0.60877			4
2024.10.15	03:03:59.922	0.60875				2
2024.10.15	03:04:01.002	0.60874				2
2024.10.15	03:04:01.544		0.60876			4
2024.10.15	03:04:04.198	0.60875				2
2024.10.15	03:04:04.505		0.60877			4
2024.10.15	03:04:05.475	0.60876	0.60878			6
2024.10.15	03:04:06.889	0.60878	0.60880			6
2024.10.15	03:04:07.192	0.60882	0.60885			6
2024.10.15	03:04:07.537		0.60884			4
2024.10.15	03:04:08.548		0.60883			4
2024.10.15	03:04:09.703		0.60884			4
2024.10.15	03:04:10.387	0.60877	0.60879			6
2024.10.15	03:04:14.235	0.60878				2
2024.10.15	03:04:14.539	0.60879	0.60881			6
2024.10.15	03:04:15.277	0.60881	0.60883			6
2024.10.15	03:04:15.596	0.60880	0.60882			6
2024.10.15	03:04:15.968	0.60879				2
2024.10.15	03:04:18.223	0.60884	0.60887			6
2024.10.15	03:04:18.558		0.60886			4
2024.10.15	03:04:18.864		0.60885			4
2024.10.15	03:04:19.215	0.60883	0.60886			6
2024.10.15	03:04:19.521	0.60882	0.60885			6
2024.10.15	03:04:22.224		0.60884			4
2024.10.15	03:04:23.204		0.60885			4
2024.10.15	03:04:25.801	0.60883	0.60886			6
2024.10.15	03:04:27.008	0.60885	0.60887			6
2024.10.15	03:04:27.316	0.60883	0.60885			6
2024.10.15	03:04:28.896		0.60886			4
2024.10.15	03:04:32.885	0.60884	0.60887			6
2024.10.15	03:04:33.721	0.60883	0.60886			6
2024.10.15	03:04:35.703	0.60884	0.60888			6
2024.10.15	03:04:36.180	0.60885				2
2024.10.15	03:04:40.190		0.60887			4
2024.10.15	03:04:44.181		0.60888			4
2024.10.15	03:04:45.118	0.60884	0.60887			6
2024.10.15	03:04:47.146		0.60885			4
2024.10.15	03:04:49.837		0.60886			4
2024.10.15	03:04:51.396		0.60887			4
2024.10.15	03:04:56.772		0.60886			4
2024.10.15	03:04:57.075	0.60883				2
2024.10.15	03:04:57.383	0.60880	0.60882			6
2024.10.15	03:05:00.502	0.60880	0.60883			6
2024.10.15	03:05:01.264	0.60879	0.60882			6
2024.10.15	03:05:04.713	0.60878	0.60880			6
2024.10.15	03:05:05.038		0.60881			4
2024.10.15	03:05:06.783	0.60880	0.60882			6
2024.10.15	03:05:07.670		0.60883			4
2024.10.15	03:05:08.917		0.60882			4
2024.10.15	03:05:09.239	0.60879				2
2024.10.15	03:05:10.993	0.60878	0.60881			6
2024.10.15	03:05:15.959		0.60882			4
2024.10.15	03:05:17.532		0.60881			4
2024.10.15	03:05:20.839	0.60877	0.60880			6
2024.10.15	03:05:24.402		0.60879			4
2024.10.15	03:05:27.350	0.60876				2
2024.10.15	03:05:30.369		0.60878			4
2024.10.15	03:05:30.841		0.60879			4
2024.10.15	03:05:31.510		0.60878			4
2024.10.15	03:05:31.822	0.60875	0.60877			6
2024.10.15	03:05:32.227	0.60874	0.60876			6
2024.10.15	03:05:32.531	0.60872				2
2024.10.15	03:05:32.894	0.60873				2
2024.10.15	03:05:34.081	0.60872				2
2024.10.15	03:05:34.384	0.60873				2
2024.10.15	03:05:36.132	0.60872				2
2024.10.15	03:05:36.896	0.60873				2
2024.10.15	03:05:40.305		0.60875			4
2024.10.15	03:05:45.494	0.60871	0.60874			6
2024.10.15	03:05:47.411	0.60872				2
2024.10.15	03:05:51.381		0.60875			4
2024.10.15	03:05:52.324		0.60874			4
2024.10.15	03:05:53.378		0.60875			4
2024.10.15	03:05:54.578	0.60870	0.60872			6
2024.10.15	03:05:54.929	0.60869				2
2024.10.15	03:05:55.646	0.60868	0.60870			6
2024.10.15	03:05:55.949		0.60871			4
2024.10.15	03:05:59.653	0.60867	0.60870			6
2024.10.15	03:06:00.008	0.60864	0.60867			6
2024.10.15	03:06:00.313		0.60866			4
2024.10.15	03:06:00.904	0.60865	0.60867			6
2024.10.15	03:06:01.644	0.60866	0.60869			6
2024.10.15	03:06:01.956	0.60868	0.60870			6
2024.10.15	03:06:03.679	0.60870	0.60871			6
2024.10.15	03:06:03.983		0.60873			4
2024.10.15	03:06:06.499	0.60869	0.60871			6
2024.10.15	03:06:07.523	0.60868				2
2024.10.15	03:06:09.445		0.60873			4
2024.10.15	03:06:10.108		0.60872			4
2024.10.15	03:06:16.207	0.60869	0.60873			6
2024.10.15	03:06:17.016	0.60870	0.60874			6
2024.10.15	03:06:18.548	0.60869				2
2024.10.15	03:06:18.854		0.60873			4
2024.10.15	03:06:21.571	0.60872	0.60876			6
2024.10.15	03:06:21.874	0.60871				2
2024.10.15	03:06:24.021	0.60872				2
2024.10.15	03:06:25.088	0.60878	0.60881			6
2024.10.15	03:06:25.782	0.60877				2
2024.10.15	03:06:26.841		0.60880			4
2024.10.15	03:06:27.566		0.60881			4
2024.10.15	03:06:28.344		0.60880			4
2024.10.15	03:06:29.535	0.60879	0.60883			6
2024.10.15	03:06:30.054		0.60882			4
2024.10.15	03:06:33.435		0.60883			4
2024.10.15	03:06:40.865	0.60880	0.60884			6
2024.10.15	03:06:42.893	0.60879	0.60883			6
2024.10.15	03:06:48.034	0.60880	0.60884			6
2024.10.15	03:06:50.963		0.60885			4
2024.10.15	03:06:51.841	0.60882	0.60886			6
2024.10.15	03:06:52.386	0.60881	0.60885			6
2024.10.15	03:06:54.678	0.60882	0.60886			6
2024.10.15	03:06:56.530		0.60885			4
2024.10.15	03:06:57.383		0.60886			4
2024.10.15	03:07:00.045	0.60882				2
2024.10.15	03:07:01.091	0.60884	0.60888			6
2024.10.15	03:07:05.131	0.60885				2
2024.10.15	03:07:05.446	0.60884				2
2024.10.15	03:07:05.754	0.60885	0.60889			6
2024.10.15	03:07:09.501	0.60892	0.60894			6
2024.10.15	03:07:09.805	0.60893	0.60896			6
2024.10.15	03:07:10.110		0.60897			4
2024.10.15	03:07:10.426	0.60892	0.60896			6
2024.10.15	03:07:15.853	0.60888	0.60891			6
2024.10.15	03:07:16.167	0.60887				2
2024.10.15	03:07:16.546	0.60886	0.60890			6
2024.10.15	03:07:20.298	0.60888	0.60891			6
2024.10.15	03:07:20.666		0.60892			4
2024.10.15	03:07:20.973		0.60891			4
2024.10.15	03:07:21.429		0.60892			4
2024.10.15	03:07:22.615	0.60887	0.60890			6
2024.10.15	03:07:23.255		0.60891			4
2024.10.15	03:07:23.641	0.60888	0.60892			6
2024.10.15	03:07:28.117		0.60891			4
2024.10.15	03:07:28.421	0.60887				2
2024.10.15	03:07:32.259	0.60886	0.60890			6
2024.10.15	03:07:33.207	0.60887				2
2024.10.15	03:07:36.240		0.60891			4
2024.10.15	03:07:42.023		0.60890			4
2024.10.15	03:07:42.592		0.60891			4
2024.10.15	03:07:44.043		0.60890			4
2024.10.15	03:07:51.149	0.60886				2
2024.10.15	03:07:52.474	0.60887	0.60891			6
2024.10.15	03:07:52.877		0.60890			4
2024.10.15	03:07:53.195	0.60886				2
2024.10.15	03:07:59.482	0.60885	0.60889			6
2024.10.15	03:07:59.794	0.60884	0.60887			6
2024.10.15	03:08:00.361	0.60883				2
2024.10.15	03:08:01.019	0.60882	0.60885			6
2024.10.15	03:08:08.938		0.60886			4
2024.10.15	03:08:09.974		0.60885			4
2024.10.15	03:08:11.076		0.60886			4
2024.10.15	03:08:11.379	0.60883	0.60887			6
2024.10.15	03:08:12.457	0.60882	0.60885			6
2024.10.15	03:08:18.594	0.60880	0.60884			6
2024.10.15	03:08:18.935	0.60879	0.60883			6
2024.10.15	03:08:19.271		0.60882			4
2024.10.15	03:08:20.461		0.60883			4
2024.10.15	03:08:21.384	0.60878	0.60882			6
2024.10.15	03:08:23.492	0.60879				2
2024.10.15	03:08:23.945	0.60882	0.60885			6
2024.10.15	03:08:25.252		0.60886			4
2024.10.15	03:08:27.610	0.60884	0.60887			6
2024.10.15	03:08:29.020	0.60883	0.60886			6
2024.10.15	03:08:38.395	0.60885	0.60887			6
2024.10.15	03:08:38.704		0.60888			4
2024.10.15	03:08:41.368	0.60884	0.60887			6
2024.10.15	03:08:44.767		0.60888			4
2024.10.15	03:08:47.101		0.60887			4
2024.10.15	03:08:51.859		0.60888			4
2024.10.15	03:08:52.170	0.60885	0.60887			6
2024.10.15	03:08:52.474		0.60888			4
2024.10.15	03:08:55.916	0.60886	0.60890			6
2024.10.15	03:08:57.182	0.60888	0.60891			6
2024.10.15	03:08:57.587	0.60887				2
2024.10.15	03:09:00.117	0.60887	0.60890			6
2024.10.15	03:09:03.508	0.60886				2
2024.10.15	03:09:04.664	0.60887				2
2024.10.15	03:09:05.033	0.60886	0.60889			6
2024.10.15	03:09:05.340	0.60885	0.60888			6
2024.10.15	03:09:06.161	0.60882	0.60885			6
2024.10.15	03:09:07.539		0.60886			4
2024.10.15	03:09:07.844	0.60883				2
2024.10.15	03:09:11.376	0.60882				2
2024.10.15	03:09:12.521		0.60885			4
2024.10.15	03:09:13.195	0.60881				2
2024.10.15	03:09:13.507	0.60882				2
2024.10.15	03:09:14.128	0.60881				2
2024.10.15	03:09:17.228	0.60875	0.60878			6
2024.10.15	03:09:17.532	0.60874	0.60877			6
2024.10.15	03:09:18.328	0.60875	0.60878			6
2024.10.15	03:09:20.316	0.60874	0.60877			6
2024.10.15	03:09:24.034	0.60873	0.60876			6
2024.10.15	03:09:24.343		0.60877			4
2024.10.15	03:09:27.363		0.60876			4
2024.10.15	03:09:27.702		0.60877			4
2024.10.15	03:09:30.184	0.60874				2
2024.10.15	03:09:35.242	0.60873	0.60876			6
2024.10.15	03:09:35.717	0.60872	0.60875			6
2024.10.15	03:09:36.771		0.60876			4
2024.10.15	03:09:37.913	0.60868	0.60872			6
2024.10.15	03:09:38.219		0.60871			4
2024.10.15	03:09:38.955	0.60869	0.60872			6
2024.10.15	03:09:40.662		0.60871			4
2024.10.15	03:09:40.975		0.60872			4
2024.10.15	03:09:43.338	0.60867	0.60870			6
2024.10.15	03:09:44.388		0.60871			4
2024.10.15	03:09:45.122		0.60870			4
2024.10.15	03:09:45.432		0.60869			4
2024.10.15	03:09:49.315	0.60865	0.60868			6
2024.10.15	03:09:50.292	0.60867	0.60870			6
2024.10.15	03:09:50.598		0.60871			4
2024.10.15	03:09:51.592		0.60870			4
2024.10.15	03:09:52.351	0.60865	0.60869			6
2024.10.15	03:09:52.656	0.60866				2
2024.10.15	03:09:54.361	0.60865				2
2024.10.15	03:09:55.012		0.60868			4
2024.10.15	03:09:55.319	0.60864	0.60867			6
2024.10.15	03:09:56.868		0.60865			4
2024.10.15	03:09:57.170	0.60862				2
2024.10.15	03:09:57.502	0.60861				2
2024.10.15	03:09:58.170	0.60862				2
2024.10.15	03:10:00.346	0.60863	0.60866			6
2024.10.15	03:10:02.304	0.60867	0.60871			6
2024.10.15	03:10:03.703	0.60866	0.60870			6
2024.10.15	03:10:04.017	0.60867				2
2024.10.15	03:10:09.092	0.60866				2
2024.10.15	03:10:09.407		0.60869			4
2024.10.15	03:10:10.440	0.60867	0.60871			6
2024.10.15	03:10:15.283		0.60870			4
2024.10.15	03:10:18.426	0.60870	0.60871			6
2024.10.15	03:10:18.745	0.60873	0.60876			6
2024.10.15	03:10:19.047		0.60877			4
2024.10.15	03:10:22.912	0.60872	0.60876			6
2024.10.15	03:10:25.941		0.60875			4
2024.10.15	03:10:26.631	0.60871	0.60874			6
2024.10.15	03:10:27.074	0.60867	0.60871			6
2024.10.15	03:10:30.919	0.60868	0.60872			6
2024.10.15	03:10:31.286	0.60867	0.60871			6
2024.10.15	03:10:35.132	0.60869	0.60872			6
2024.10.15	03:10:41.518	0.60868	0.60871			6
2024.10.15	03:10:42.616	0.60867	0.60870			6
2024.10.15	03:10:42.925		0.60871			4
2024.10.15	03:10:48.693	0.60868				2
2024.10.15	03:10:51.208		0.60869			4
2024.10.15	03:10:51.630		0.60871			4
2024.10.15	03:10:54.286	0.60867				2
2024.10.15	03:10:55.012	0.60868				2
2024.10.15	03:11:00.339	0.60868				2
2024.10.15	03:11:02.363	0.60866	0.60869			6
2024.10.15	03:11:05.561	0.60867	0.60871			6
2024.10.15	03:11:06.171	0.60868				2
2024.10.15	03:11:06.561	0.60871	0.60872			6
2024.10.15	03:11:06.863	0.60872	0.60876			6
2024.10.15	03:11:07.815	0.60874	0.60877			6
2024.10.15	03:11:08.205	0.60875	0.60878			6
2024.10.15	03:11:09.181	0.60874				2
2024.10.15	03:11:09.511		0.60877			4
2024.10.15	03:11:09.827		0.60878			4
2024.10.15	03:11:11.339	0.60873	0.60876			6
2024.10.15	03:11:11.961	0.60874	0.60877			6
2024.10.15	03:11:12.378		0.60878			4
2024.10.15	03:11:13.194	0.60875				2
2024.10.15	03:11:14.102	0.60874	0.60877			6
2024.10.15	03:11:14.452		0.60878			4
2024.10.15	03:11:16.884	0.60877	0.60880			6
2024.10.15	03:11:17.198	0.60878	0.60881			6
2024.10.15	03:11:20.593	0.60877				2
2024.10.15	03:11:24.149	0.60876	0.60879			6
2024.10.15	03:11:25.857	0.60877	0.60880			6
2024.10.15	03:11:26.791		0.60881			4
2024.10.15	03:11:28.228	0.60878				2
2024.10.15	03:11:31.695	0.60877				2
2024.10.15	03:11:35.676		0.60880			4
2024.10.15	03:11:36.037		0.60879			4
2024.10.15	03:11:39.439		0.60878			4
2024.10.15	03:11:39.781	0.60876	0.60879			6
2024.10.15	03:11:40.236	0.60877				2
2024.10.15	03:11:40.964		0.60880			4
2024.10.15	03:11:42.555	0.60876	0.60879			6
2024.10.15	03:11:43.508		0.60878			4
2024.10.15	03:11:44.138		0.60879			4
2024.10.15	03:11:47.335	0.60873	0.60876			6
2024.10.15	03:11:48.717	0.60872				2
2024.10.15	03:11:49.396	0.60875	0.60877			6
2024.10.15	03:11:50.101		0.60878			4
2024.10.15	03:11:55.387	0.60874				2
2024.10.15	03:11:57.079		0.60877			4
2024.10.15	03:11:58.272		0.60878			4
2024.10.15	03:11:59.033		0.60877			4
2024.10.15	03:11:59.742	0.60873	0.60876			6
2024.10.15	03:12:00.093	0.60874				2
2024.10.15	03:12:00.811		0.60878			4
2024.10.15	03:12:02.122	0.60875				2
2024.10.15	03:12:05.451	0.60876	0.60879			6
2024.10.15	03:12:05.795	0.60874	0.60877			6
2024.10.15	03:12:10.367	0.60878	0.60880			6
2024.10.15	03:12:11.113		0.60881			4
2024.10.15	03:12:11.860	0.60879				2
2024.10.15	03:12:12.314	0.60878				2
2024.10.15	03:12:12.654	0.60879	0.60883			6
2024.10.15	03:12:18.671	0.60882	0.60885			6
2024.10.15	03:12:19.810	0.60883				2
2024.10.15	03:12:21.541		0.60886			4
2024.10.15	03:12:22.310		0.60887			4
2024.10.15	03:12:23.817	0.60884				2
2024.10.15	03:12:24.228		0.60886			4
2024.10.15	03:12:27.172	0.60882	0.60885			6
2024.10.15	03:12:27.476		0.60886			4
2024.10.15	03:12:27.822	0.60883				2
2024.10.15	03:12:32.487	0.60888	0.60890			6
2024.10.15	03:12:32.789	0.60887				2
2024.10.15	03:12:38.700	0.60888	0.60891			6
2024.10.15	03:12:41.027	0.60889	0.60893			6
2024.10.15	03:12:43.008	0.60887	0.60891			6
2024.10.15	03:12:43.319	0.60888	0.60892			6
2024.10.15	03:12:47.736	0.60889				2
2024.10.15	03:12:48.183		0.60893			4
2024.10.15	03:12:48.511		0.60892			4
2024.10.15	03:12:48.965	0.60888				2
2024.10.15	03:12:49.777	0.60889				2
2024.10.15	03:12:52.437	0.60888	0.60891			6
2024.10.15	03:12:52.794	0.60887	0.60890			6
2024.10.15	03:12:53.395		0.60891			4
2024.10.15	03:12:54.522		0.60890			4
2024.10.15	03:12:55.059		0.60891			4
2024.10.15	03:12:56.316		0.60890			4
2024.10.15	03:12:58.601		0.60891			4
2024.10.15	03:13:00.491	0.60887				2
2024.10.15	03:13:03.717		0.60890			4
2024.10.15	03:13:05.763		0.60891			4
2024.10.15	03:13:06.133		0.60890			4
2024.10.15	03:13:06.602		0.60891			4
2024.10.15	03:13:07.142	0.60886	0.60889			6
2024.10.15	03:13:07.456	0.60887	0.60890			6
2024.10.15	03:13:16.060	0.60886	0.60889			6
2024.10.15	03:13:19.444	0.60887	0.60890			6
2024.10.15	03:13:22.152		0.60891			4
2024.10.15	03:13:22.508		0.60890			4
2024.10.15	03:13:24.704		0.60891			4
2024.10.15	03:13:26.375		0.60890			4
2024.10.15	03:13:30.566		0.60891			4
2024.10.15	03:13:32.738		0.60890			4
2024.10.15	03:13:46.598	0.60885	0.60889			6
2024.10.15	03:13:47.672	0.60879	0.60882			6
2024.10.15	03:13:48.352	0.60881				2
2024.10.15	03:13:48.665	0.60882	0.60885			6
2024.10.15	03:13:48.980	0.60880	0.60884			6
2024.10.15	03:13:49.309	0.60881				2
2024.10.15	03:13:50.630	0.60880				2
2024.10.15	03:13:53.732	0.60882	0.60885			6
2024.10.15	03:13:54.757	0.60881				2
2024.10.15	03:14:00.093	0.60881				2
2024.10.15	03:14:00.458	0.60882				2
2024.10.15	03:14:02.031	0.60880	0.60883			6
2024.10.15	03:14:03.129	0.60879				2
2024.10.15	03:14:03.448		0.60882			4
2024.10.15	03:14:05.731	0.60878				2
2024.10.15	03:14:06.774	0.60876	0.60880			6
2024.10.15	03:14:07.078	0.60875	0.60877			6
2024.10.15	03:14:07.386	0.60873	0.60876			6
2024.10.15	03:14:07.688		0.60875			4
2024.10.15	03:14:08.006	0.60872				2
2024.10.15	03:14:11.031	0.60871				2
2024.10.15	03:14:11.370	0.60872				2
2024.10.15	03:14:14.081	0.60871				2
2024.10.15	03:14:15.233		0.60874			4
2024.10.15	03:14:16.352	0.60870	0.60872			6
2024.10.15	03:14:17.959	0.60872	0.60874			6
2024.10.15	03:14:18.830	0.60873	0.60875			6
2024.10.15	03:14:19.662	0.60872				2
2024.10.15	03:14:28.720	0.60868	0.60870			6
2024.10.15	03:14:29.064	0.60867				2
2024.10.15	03:14:29.377		0.60869			4
2024.10.15	03:14:29.757		0.60870			4
2024.10.15	03:14:30.801	0.60868				2
2024.10.15	03:14:31.424	0.60867				2
2024.10.15	03:14:31.752		0.60869			4
2024.10.15	03:14:32.311	0.60866				2
2024.10.15	03:14:33.913	0.60867	0.60870			6
2024.10.15	03:14:35.209	0.60868				2
2024.10.15	03:14:37.007	0.60867				2
2024.10.15	03:14:37.368	0.60866	0.60869			6
2024.10.15	03:14:39.417	0.60863	0.60866			6
2024.10.15	03:14:42.329	0.60862				2
2024.10.15	03:14:42.774	0.60863				2
2024.10.15	03:14:45.995	0.60862				2
2024.10.15	03:14:49.996	0.60863				2
2024.10.15	03:14:50.325	0.60864				2
2024.10.15	03:14:50.637	0.60863				2
2024.10.15	03:14:54.294		0.60865			4
2024.10.15	03:14:56.999	0.60862				2
2024.10.15	03:14:59.504	0.60863	0.60866			6
2024.10.15	03:15:00.449	0.60867	0.60870			6
2024.10.15	03:15:01.463	0.60868				2
2024.10.15	03:15:02.201	0.60867				2
2024.10.15	03:15:07.786	0.60868				2
2024.10.15	03:15:09.515	0.60867				2
2024.10.15	03:15:15.572	0.60870	0.60871			6
2024.10.15	03:15:15.880	0.60867	0.60870			6
2024.10.15	03:15:23.308	0.60868				2
2024.10.15	03:15:24.079	0.60869				2
2024.10.15	03:15:24.400	0.60868				2
2024.10.15	03:15:29.628	0.60869	0.60871			6
2024.10.15	03:15:30.289	0.60870	0.60873			6
2024.10.15	03:15:30.606		0.60872			4
2024.10.15	03:15:32.430	0.60868	0.60871			6
2024.10.15	03:15:33.590		0.60872			4
2024.10.15	03:15:33.894		0.60870			4
2024.10.15	03:15:35.657	0.60867				2
2024.10.15	03:15:41.600	0.60868				2
2024.10.15	03:15:42.593	0.60871	0.60874			6
2024.10.15	03:15:44.622	0.60872	0.60875			6
2024.10.15	03:15:44.924	0.60871	0.60874			6
2024.10.15	03:15:45.244	0.60870	0.60873			6
2024.10.15	03:15:48.646	0.60872	0.60875			6
2024.10.15	03:15:52.337	0.60871				2
2024.10.15	03:15:53.389	0.60870	0.60874			6
2024.10.15	03:15:55.318	0.60869	0.60873			6
2024.10.15	03:15:59.227		0.60872			4
2024.10.15	03:15:59.532	0.60868				2
2024.10.15	03:16:00.128	0.60868				2
2024.10.15	03:16:00.441	0.60869				2
2024.10.15	03:16:03.453	0.60868	0.60871			6
2024.10.15	03:16:05.388	0.60869	0.60872			6
2024.10.15	03:16:06.650	0.60870				2
2024.10.15	03:16:08.286	0.60862	0.60866			6
2024.10.15	03:16:10.688	0.60864				2
2024.10.15	03:16:12.689	0.60865	0.60867			6
2024.10.15	03:16:13.455	0.60864				2
2024.10.15	03:16:13.900		0.60868			4
2024.10.15	03:16:15.977	0.60865				2
2024.10.15	03:16:16.349	0.60864				2
2024.10.15	03:16:17.986	0.60865				2
2024.10.15	03:16:19.972	0.60864				2
2024.10.15	03:16:24.649		0.60867			4
2024.10.15	03:16:28.472	0.60863				2
2024.10.15	03:16:28.909	0.60864				2
2024.10.15	03:16:30.314	0.60861	0.60864			6
2024.10.15	03:16:32.890	0.60862				2
2024.10.15	03:16:33.612	0.60861				2
2024.10.15	03:16:37.194	0.60860	0.60863			6
2024.10.15	03:16:40.311	0.60859				2
2024.10.15	03:16:42.846	0.60861	0.60864			6
2024.10.15	03:16:43.157	0.60862				2
2024.10.15	03:16:48.754	0.60863	0.60866			6
2024.10.15	03:16:50.529	0.60864				2
2024.10.15	03:16:53.192	0.60863				2
2024.10.15	03:16:54.380	0.60862	0.60865			6
2024.10.15	03:16:56.758	0.60863				2
2024.10.15	03:16:58.202	0.60862				2
2024.10.15	03:16:59.368	0.60863				2
2024.10.15	03:17:00.432	0.60863				2
2024.10.15	03:17:00.938	0.60865	0.60869			6
2024.10.15	03:17:01.284	0.60864	0.60867			6
2024.10.15	03:17:02.361	0.60863				2
2024.10.15	03:17:03.142	0.60862				2
2024.10.15	03:17:03.507	0.60863				2
2024.10.15	03:17:06.160	0.60865	0.60868			6
2024.10.15	03:17:10.250		0.60869			4
2024.10.15	03:17:18.093		0.60868			4
2024.10.15	03:17:28.766		0.60869			4
2024.10.15	03:17:30.713	0.60866	0.60870			6
2024.10.15	03:17:32.780	0.60864	0.60868			6
2024.10.15	03:17:40.988	0.60863				2
2024.10.15	03:17:41.897		0.60867			4
2024.10.15	03:17:42.454	0.60864				2
2024.10.15	03:17:42.803	0.60863	0.60865			6
2024.10.15	03:17:43.111		0.60866			4
