<DATE>	<TIME>	<BID>	<ASK>	<LAST>	<VOLUME>	<FLAGS>
2024.10.03	00:00:00.453	0.62571	0.62656			6
2024.10.03	00:00:01.178	0.62573				2
2024.10.03	00:00:01.810	0.62574				2
2024.10.03	00:00:31.367		0.62654			4
2024.10.03	00:00:35.107	0.62562	0.62762			6
2024.10.03	00:00:39.119	0.62560	0.62760			6
2024.10.03	00:00:43.342	0.62558	0.62758			6
2024.10.03	00:00:44.039	0.62556	0.62756			6
2024.10.03	00:00:49.059	0.62564	0.62764			6
2024.10.03	00:01:00.486	0.62562	0.62762			6
2024.10.03	00:03:01.568	0.62559	0.62766			6
2024.10.03	00:03:11.846		0.62769			4
2024.10.03	00:04:01.452	0.62559	0.62766			6
2024.10.03	00:05:00.631	0.62559				2
2024.10.03	00:05:02.376		0.62766			4
2024.10.03	00:05:18.490	0.62616	0.62746			6
2024.10.03	00:05:19.145	0.62623				2
2024.10.03	00:05:24.102	0.62625				2
2024.10.03	00:05:48.644	0.62628				2
2024.10.03	00:05:53.747	0.62620				2
2024.10.03	00:05:56.569	0.62618	0.62751			6
2024.10.03	00:06:01.015	0.62618				2
2024.10.03	00:06:05.841		0.62724			4
2024.10.03	00:06:08.863		0.62722			4
2024.10.03	00:06:12.873		0.62720			4
2024.10.03	00:06:14.036		0.62741			4
2024.10.03	00:06:14.557		0.62734			4
2024.10.03	00:06:18.164		0.62733			4
2024.10.03	00:06:24.267		0.62728			4
2024.10.03	00:06:24.733		0.62727			4
2024.10.03	00:06:29.834		0.62734			4
2024.10.03	00:06:34.361		0.62737			4
2024.10.03	00:06:44.281	0.62612				2
2024.10.03	00:06:44.675		0.62736			4
2024.10.03	00:06:45.176		0.62741			4
2024.10.03	00:06:49.525	0.62613				2
2024.10.03	00:06:50.068	0.62612	0.62736			6
2024.10.03	00:07:00.312	0.62612	0.62737			6
2024.10.03	00:07:05.444		0.62735			4
2024.10.03	00:07:11.395		0.62736			4
2024.10.03	00:07:14.116	0.62611	0.62737			6
2024.10.03	00:07:15.127		0.62745			4
2024.10.03	00:07:25.514		0.62739			4
2024.10.03	00:07:35.717		0.62742			4
2024.10.03	00:07:36.456	0.62647				2
2024.10.03	00:07:41.059		0.62739			4
2024.10.03	00:07:45.500		0.62737			4
2024.10.03	00:07:48.896	0.62643	0.62747			6
2024.10.03	00:07:50.329	0.62646				2
2024.10.03	00:07:51.694	0.62647				2
2024.10.03	00:07:56.134		0.62734			4
2024.10.03	00:08:00.321	0.62647	0.62747			6
2024.10.03	00:08:00.626	0.62644				2
2024.10.03	00:08:00.928	0.62647				2
2024.10.03	00:08:15.549		0.62727			4
2024.10.03	00:08:16.354		0.62733			4
2024.10.03	00:08:20.595	0.62644	0.62736			6
2024.10.03	00:08:21.754	0.62647				2
2024.10.03	00:08:22.597		0.62733			4
2024.10.03	00:08:26.787	0.62644	0.62744			6
2024.10.03	00:08:28.085	0.62647				2
2024.10.03	00:08:36.944		0.62734			4
2024.10.03	00:08:38.047		0.62736			4
2024.10.03	00:08:44.134	0.62645	0.62747			6
2024.10.03	00:08:45.370	0.62647				2
2024.10.03	00:08:46.948	0.62645				2
2024.10.03	00:08:48.074	0.62647				2
2024.10.03	00:08:57.351	0.62645	0.62729			6
2024.10.03	00:08:58.359	0.62647				2
2024.10.03	00:09:00.314	0.62647	0.62730			6
2024.10.03	00:09:04.121	0.62643	0.62747			6
2024.10.03	00:09:04.427	0.62647				2
2024.10.03	00:09:07.541	0.62645				2
2024.10.03	00:09:08.083	0.62647				2
2024.10.03	00:09:12.552		0.62744			4
2024.10.03	00:09:17.759		0.62739			4
2024.10.03	00:09:20.072	0.62607	0.62668			6
2024.10.03	00:09:20.384	0.62605				2
2024.10.03	00:09:28.004	0.62611				2
2024.10.03	00:09:48.363	0.62603				2
2024.10.03	00:09:54.176	0.62602				2
2024.10.03	00:10:00.321	0.62602				2
2024.10.03	00:10:04.469	0.62601				2
2024.10.03	00:10:07.571	0.62603				2
2024.10.03	00:10:08.076	0.62604				2
2024.10.03	00:10:10.995	0.62603				2
2024.10.03	00:10:18.807	0.62602				2
2024.10.03	00:10:19.306	0.62603				2
2024.10.03	00:10:20.553		0.62668			4
2024.10.03	00:10:34.502	0.62602				2
2024.10.03	00:10:39.224	0.62603				2
2024.10.03	00:10:49.438	0.62605				2
2024.10.03	00:11:00.155	0.62605				2
2024.10.03	00:11:05.968	0.62597	0.62679			6
2024.10.03	00:11:06.269	0.62591				2
2024.10.03	00:11:07.305	0.62595				2
2024.10.03	00:11:09.546	0.62597				2
2024.10.03	00:11:09.862	0.62599				2
2024.10.03	00:11:20.065	0.62581				2
2024.10.03	00:11:20.564	0.62582				2
2024.10.03	00:11:21.062	0.62592				2
2024.10.03	00:11:26.223	0.62595				2
2024.10.03	00:11:29.355	0.62593				2
2024.10.03	00:11:30.608	0.62595				2
2024.10.03	00:11:40.280	0.62599				2
2024.10.03	00:11:50.298	0.62600				2
2024.10.03	00:12:00.499	0.62602				2
2024.10.03	00:12:05.970		0.62676			4
2024.10.03	00:12:09.969	0.62584				2
2024.10.03	00:12:10.357	0.62589				2
2024.10.03	00:12:20.710	0.62597				2
2024.10.03	00:12:21.013	0.62599				2
2024.10.03	00:12:39.407	0.62612	0.62682			6
2024.10.03	00:12:40.424		0.62680			4
2024.10.03	00:12:41.853	0.62608	0.62682			6
2024.10.03	00:12:49.473	0.62611				2
2024.10.03	00:12:59.974	0.62615				2
2024.10.03	00:13:01.096	0.62615				2
2024.10.03	00:13:11.915	0.62611	0.62695			6
2024.10.03	00:13:16.669	0.62609	0.62703			6
2024.10.03	00:13:17.603	0.62611	0.62695			6
2024.10.03	00:13:21.960	0.62588				2
2024.10.03	00:13:29.057	0.62583	0.62700			6
2024.10.03	00:13:29.881	0.62587				2
2024.10.03	00:13:30.478	0.62588	0.62695			6
2024.10.03	00:13:32.168	0.62584	0.62692			6
2024.10.03	00:13:37.545		0.62688			4
2024.10.03	00:13:40.139		0.62686			4
2024.10.03	00:13:46.479		0.62680			4
2024.10.03	00:14:01.840	0.62584				2
2024.10.03	00:14:23.247		0.62692			4
2024.10.03	00:14:33.442	0.62583	0.62688			6
2024.10.03	00:14:38.241		0.62685			4
2024.10.03	00:14:41.945		0.62683			4
2024.10.03	00:14:43.654		0.62682			4
2024.10.03	00:14:53.874		0.62693			4
2024.10.03	00:15:01.656	0.62583				2
2024.10.03	00:15:04.075		0.62692			4
2024.10.03	00:15:06.182		0.62689			4
2024.10.03	00:15:08.874		0.62687			4
2024.10.03	00:15:14.131		0.62692			4
2024.10.03	00:15:21.598	0.62597	0.62681			6
2024.10.03	00:15:22.880		0.62680			4
2024.10.03	00:15:24.486		0.62681			4
2024.10.03	00:16:00.188	0.62596				2
2024.10.03	00:16:04.249		0.62680			4
2024.10.03	00:16:35.799	0.62598	0.62682			6
2024.10.03	00:16:45.760	0.62600	0.62681			6
2024.10.03	00:16:49.466	0.62601	0.62680			6
2024.10.03	00:16:51.849	0.62600	0.62681			6
2024.10.03	00:16:52.355		0.62680			4
2024.10.03	00:16:53.828		0.62681			4
2024.10.03	00:16:55.967		0.62675			4
2024.10.03	00:16:59.270		0.62673			4
2024.10.03	00:17:00.318	0.62600				2
2024.10.03	00:17:05.968	0.62597	0.62676			6
2024.10.03	00:17:10.880	0.62598	0.62671			6
2024.10.03	00:17:16.190	0.62599	0.62678			6
2024.10.03	00:17:26.393	0.62601	0.62676			6
2024.10.03	00:17:36.601	0.62595	0.62677			6
2024.10.03	00:17:39.389	0.62597	0.62676			6
2024.10.03	00:17:41.625	0.62596				2
2024.10.03	00:17:46.817		0.62675			4
2024.10.03	00:18:00.710	0.62596				2
2024.10.03	00:18:22.297		0.62674			4
2024.10.03	00:18:41.801	0.62597	0.62670			6
2024.10.03	00:18:48.070		0.62668			4
2024.10.03	00:18:56.914		0.62676			4
2024.10.03	00:18:58.276		0.62672			4
2024.10.03	00:19:00.354	0.62597				2
2024.10.03	00:19:02.272	0.62596	0.62670			6
2024.10.03	00:19:08.363	0.62597	0.62675			6
2024.10.03	00:19:09.817	0.62596				2
2024.10.03	00:19:12.158	0.62597	0.62674			6
2024.10.03	00:19:17.100		0.62673			4
2024.10.03	00:19:20.708	0.62601	0.62676			6
2024.10.03	00:19:28.891	0.62599				2
2024.10.03	00:19:30.053	0.62600	0.62675			6
2024.10.03	00:20:01.063	0.62600	0.62676			6
2024.10.03	00:20:13.366	0.62601				2
2024.10.03	00:20:19.906	0.62602				2
2024.10.03	00:20:24.249	0.62603	0.62675			6
2024.10.03	00:20:54.415	0.62601	0.62671			6
2024.10.03	00:20:57.040	0.62603	0.62673			6
2024.10.03	00:20:57.349	0.62604	0.62674			6
2024.10.03	00:21:00.120	0.62604				2
2024.10.03	00:21:17.482	0.62602	0.62672			6
2024.10.03	00:21:27.752	0.62603	0.62668			6
2024.10.03	00:22:00.682	0.62603				2
2024.10.03	00:22:28.288		0.62669			4
2024.10.03	00:22:50.972	0.62608	0.62659			6
2024.10.03	00:23:00.285	0.62608				2
2024.10.03	00:23:33.521	0.62610	0.62661			6
2024.10.03	00:23:43.724	0.62612				2
2024.10.03	00:24:04.196	0.62612	0.62662			6
2024.10.03	00:24:53.880	0.62610				2
2024.10.03	00:25:03.295	0.62610				2
2024.10.03	00:25:05.324		0.62662			4
2024.10.03	00:25:36.184		0.62660			4
2024.10.03	00:26:03.686	0.62610				2
2024.10.03	00:26:36.224		0.62660			4
2024.10.03	00:26:47.486	0.62613	0.62665			6
2024.10.03	00:27:20.465	0.62613				2
2024.10.03	00:27:41.999	0.62618	0.62667			6
2024.10.03	00:27:42.354	0.62625				2
2024.10.03	00:27:43.430	0.62624				2
2024.10.03	00:27:43.783	0.62622				2
2024.10.03	00:27:52.718	0.62623				2
2024.10.03	00:28:02.828	0.62624				2
2024.10.03	00:28:25.008	0.62623				2
2024.10.03	00:28:37.611	0.62615	0.62665			6
2024.10.03	00:28:50.485	0.62611	0.62660			6
2024.10.03	00:29:00.792	0.62611				2
2024.10.03	00:29:42.288	0.62609	0.62675			6
2024.10.03	00:29:43.068		0.62674			4
2024.10.03	00:29:45.145		0.62673			4
2024.10.03	00:29:47.630		0.62674			4
2024.10.03	00:29:56.957	0.62608	0.62675			6
2024.10.03	00:30:00.380	0.62610	0.62674			6
2024.10.03	00:30:01.928	0.62608	0.62671			6
2024.10.03	00:30:02.260	0.62609	0.62670			6
2024.10.03	00:30:03.074		0.62672			4
2024.10.03	00:30:13.655	0.62608				2
2024.10.03	00:30:15.587		0.62673			4
2024.10.03	00:30:17.255	0.62606	0.62672			6
2024.10.03	00:30:24.982		0.62671			4
2024.10.03	00:30:34.424		0.62672			4
2024.10.03	00:30:37.751	0.62605	0.62670			6
2024.10.03	00:30:38.182	0.62604	0.62667			6
2024.10.03	00:30:43.060	0.62605	0.62671			6
2024.10.03	00:30:43.436		0.62670			4
2024.10.03	00:30:45.557	0.62607				2
2024.10.03	00:30:52.657		0.62671			4
2024.10.03	00:30:53.698		0.62670			4
2024.10.03	00:31:00.712	0.62607				2
2024.10.03	00:31:03.561		0.62669			4
2024.10.03	00:31:11.257		0.62668			4
2024.10.03	00:31:11.890		0.62667			4
2024.10.03	00:31:12.758		0.62668			4
2024.10.03	00:31:28.762		0.62667			4
2024.10.03	00:31:53.764		0.62666			4
2024.10.03	00:31:54.142		0.62667			4
2024.10.03	00:31:54.735		0.62665			4
2024.10.03	00:32:00.806	0.62607	0.62666			6
2024.10.03	00:32:02.303		0.62665			4
2024.10.03	00:32:14.048	0.62604	0.62664			6
2024.10.03	00:32:16.340	0.62601	0.62659			6
2024.10.03	00:32:16.817	0.62599	0.62661			6
2024.10.03	00:32:23.802	0.62600	0.62659			6
2024.10.03	00:32:24.272	0.62599	0.62660			6
2024.10.03	00:32:25.048		0.62658			4
2024.10.03	00:32:26.950		0.62660			4
2024.10.03	00:32:28.031		0.62659			4
2024.10.03	00:32:28.579	0.62597				2
2024.10.03	00:32:28.971	0.62599	0.62658			6
2024.10.03	00:32:34.134		0.62656			4
2024.10.03	00:32:39.416		0.62659			4
2024.10.03	00:32:46.023	0.62597				2
2024.10.03	00:32:47.303	0.62599				2
2024.10.03	00:32:51.381		0.62658			4
2024.10.03	00:32:54.363	0.62596				2
2024.10.03	00:32:55.962		0.62657			4
2024.10.03	00:32:58.332		0.62656			4
2024.10.03	00:33:01.707	0.62596				2
2024.10.03	00:33:02.627		0.62655			4
2024.10.03	00:33:03.121		0.62656			4
2024.10.03	00:33:08.949		0.62652			4
2024.10.03	00:33:10.440		0.62656			4
2024.10.03	00:33:11.570		0.62655			4
2024.10.03	00:33:29.571		0.62656			4
2024.10.03	00:33:35.353		0.62655			4
2024.10.03	00:33:40.862		0.62656			4
2024.10.03	00:33:41.781	0.62597				2
2024.10.03	00:34:00.757	0.62597				2
2024.10.03	00:34:14.440		0.62657			4
2024.10.03	00:34:16.061		0.62658			4
2024.10.03	00:34:19.578	0.62598				2
2024.10.03	00:34:36.350		0.62657			4
2024.10.03	00:34:41.555		0.62658			4
2024.10.03	00:35:02.555	0.62598				2
2024.10.03	00:35:05.921		0.62657			4
2024.10.03	00:35:06.680	0.62597				2
2024.10.03	00:35:30.865	0.62598				2
2024.10.03	00:35:34.960		0.62658			4
2024.10.03	00:35:38.864		0.62657			4
2024.10.03	00:35:43.931		0.62658			4
2024.10.03	00:35:56.365	0.62597	0.62656			6
2024.10.03	00:35:57.136	0.62598	0.62657			6
2024.10.03	00:35:57.549	0.62597	0.62656			6
2024.10.03	00:35:58.294	0.62598	0.62655			6
2024.10.03	00:35:59.560	0.62597	0.62656			6
2024.10.03	00:36:00.456	0.62597				2
2024.10.03	00:36:00.768	0.62598	0.62657			6
2024.10.03	00:36:05.258		0.62656			4
2024.10.03	00:36:05.811	0.62597	0.62657			6
2024.10.03	00:36:06.348	0.62598				2
2024.10.03	00:36:07.526	0.62599				2
2024.10.03	00:36:10.957		0.62658			4
2024.10.03	00:36:14.178	0.62597	0.62657			6
2024.10.03	00:36:14.864	0.62598				2
2024.10.03	00:36:17.759	0.62599				2
2024.10.03	00:36:18.080	0.62598				2
2024.10.03	00:36:18.754	0.62599				2
2024.10.03	00:36:20.304	0.62598				2
2024.10.03	00:36:21.440	0.62599				2
2024.10.03	00:36:25.490		0.62656			4
2024.10.03	00:36:28.059	0.62598	0.62655			6
2024.10.03	00:36:28.371		0.62657			4
2024.10.03	00:36:28.698		0.62656			4
2024.10.03	00:36:29.481		0.62652			4
2024.10.03	00:36:31.743		0.62656			4
2024.10.03	00:36:32.324	0.62597				2
2024.10.03	00:36:36.091	0.62598	0.62652			6
2024.10.03	00:36:38.373		0.62657			4
2024.10.03	00:36:41.557		0.62656			4
2024.10.03	00:36:52.128		0.62657			4
2024.10.03	00:36:54.475		0.62654			4
2024.10.03	00:36:58.585	0.62597	0.62656			6
2024.10.03	00:36:59.211	0.62598				2
2024.10.03	00:37:00.757	0.62598	0.62655			6
2024.10.03	00:37:01.066		0.62657			4
2024.10.03	00:37:01.496	0.62597	0.62655			6
2024.10.03	00:37:02.260	0.62598				2
2024.10.03	00:37:02.974		0.62656			4
2024.10.03	00:37:07.282	0.62599				2
2024.10.03	00:37:27.162	0.62600				2
2024.10.03	00:37:27.755	0.62593	0.62644			6
2024.10.03	00:37:28.121	0.62594				2
2024.10.03	00:37:28.445	0.62593				2
2024.10.03	00:37:28.812	0.62594				2
2024.10.03	00:37:38.195	0.62593				2
2024.10.03	00:37:38.782	0.62594				2
2024.10.03	00:37:40.440	0.62593				2
2024.10.03	00:37:41.491	0.62594				2
2024.10.03	00:37:47.275	0.62593				2
2024.10.03	00:37:51.078	0.62594				2
2024.10.03	00:37:55.258	0.62593				2
2024.10.03	00:38:01.163	0.62593				2
2024.10.03	00:38:31.091		0.62644			4
2024.10.03	00:38:36.722		0.62643			4
2024.10.03	00:38:54.142		0.62644			4
2024.10.03	00:39:00.368	0.62593				2
2024.10.03	00:39:03.159		0.62643			4
2024.10.03	00:39:33.724		0.62644			4
2024.10.03	00:39:35.471		0.62643			4
2024.10.03	00:39:44.559		0.62644			4
2024.10.03	00:39:59.859		0.62643			4
2024.10.03	00:40:00.536	0.62593	0.62644			6
2024.10.03	00:40:20.558		0.62643			4
2024.10.03	00:40:24.358		0.62644			4
2024.10.03	00:40:24.831		0.62643			4
2024.10.03	00:40:27.787		0.62642			4
2024.10.03	00:40:28.998		0.62641			4
2024.10.03	00:40:36.780		0.62640			4
2024.10.03	00:40:37.905		0.62642			4
2024.10.03	00:40:40.434		0.62640			4
2024.10.03	00:40:42.902		0.62638			4
2024.10.03	00:40:50.622		0.62639			4
2024.10.03	00:40:53.952		0.62641			4
2024.10.03	00:40:54.679		0.62642			4
2024.10.03	00:40:55.503		0.62641			4
2024.10.03	00:40:58.861		0.62642			4
2024.10.03	00:40:59.668		0.62641			4
2024.10.03	00:41:00.043	0.62593	0.62642			6
2024.10.03	00:41:00.548		0.62643			4
2024.10.03	00:41:01.331		0.62641			4
2024.10.03	00:41:08.683		0.62638			4
2024.10.03	00:41:09.213		0.62642			4
2024.10.03	00:41:09.791		0.62640			4
2024.10.03	00:41:16.010		0.62638			4
2024.10.03	00:41:18.011		0.62642			4
2024.10.03	00:41:20.840		0.62640			4
2024.10.03	00:41:21.482		0.62642			4
2024.10.03	00:41:23.286		0.62643			4
2024.10.03	00:41:23.598		0.62642			4
2024.10.03	00:41:28.939		0.62641			4
2024.10.03	00:41:30.837		0.62639			4
2024.10.03	00:41:31.989		0.62640			4
2024.10.03	00:41:32.418		0.62638			4
2024.10.03	00:41:36.615		0.62642			4
2024.10.03	00:41:37.902		0.62637			4
2024.10.03	00:41:39.193		0.62642			4
2024.10.03	00:41:51.436		0.62639			4
2024.10.03	00:41:55.774		0.62636			4
2024.10.03	00:41:59.947		0.62640			4
2024.10.03	00:42:00.501	0.62593	0.62639			6
2024.10.03	00:42:01.620		0.62642			4
2024.10.03	00:42:13.906		0.62644			4
2024.10.03	00:42:14.459		0.62642			4
2024.10.03	00:42:15.473		0.62641			4
2024.10.03	00:42:20.453		0.62642			4
2024.10.03	00:42:36.750		0.62644			4
2024.10.03	00:43:00.474	0.62593	0.62643			6
2024.10.03	00:43:05.469		0.62644			4
2024.10.03	00:43:59.076		0.62643			4
2024.10.03	00:44:03.679	0.62593	0.62644			6
2024.10.03	00:44:11.372		0.62641			4
2024.10.03	00:44:29.528		0.62644			4
2024.10.03	00:44:40.472		0.62642			4
2024.10.03	00:44:40.801		0.62644			4
2024.10.03	00:44:51.950		0.62639			4
2024.10.03	00:44:53.370		0.62644			4
2024.10.03	00:44:55.974		0.62638			4
2024.10.03	00:44:59.181		0.62642			4
2024.10.03	00:45:00.472	0.62593	0.62644			6
2024.10.03	00:45:04.054		0.62642			4
2024.10.03	00:45:06.558	0.62607	0.62630			6
2024.10.03	00:45:15.828		0.62631			4
2024.10.03	00:46:04.483	0.62607				2
2024.10.03	00:46:20.712		0.62631			4
2024.10.03	00:47:02.102	0.62607				2
2024.10.03	00:47:07.392		0.62630			4
2024.10.03	00:47:13.363		0.62631			4
2024.10.03	00:47:16.296	0.62597				2
2024.10.03	00:47:17.218	0.62596	0.62630			6
2024.10.03	00:47:25.638	0.62607				2
2024.10.03	00:47:29.001		0.62631			4
2024.10.03	00:47:30.247		0.62630			4
2024.10.03	00:47:36.507		0.62631			4
2024.10.03	00:47:48.861		0.62630			4
2024.10.03	00:47:49.325		0.62631			4
2024.10.03	00:47:49.706		0.62630			4
2024.10.03	00:48:00.704	0.62607				2
2024.10.03	00:48:02.842		0.62631			4
2024.10.03	00:48:44.186		0.62630			4
2024.10.03	00:48:44.542		0.62631			4
2024.10.03	00:48:57.754		0.62630			4
2024.10.03	00:48:58.474		0.62631			4
2024.10.03	00:49:02.578	0.62607				2
2024.10.03	00:50:00.503	0.62607	0.62631			6
2024.10.03	00:50:41.242	0.62598				2
2024.10.03	00:50:41.557		0.62630			4
2024.10.03	00:50:42.069		0.62628			4
2024.10.03	00:50:42.456		0.62629			4
2024.10.03	00:51:00.383	0.62597				2
2024.10.03	00:51:08.558		0.62628			4
2024.10.03	00:51:14.184	0.62598				2
2024.10.03	00:51:26.858	0.62597	0.62629			6
2024.10.03	00:51:38.260	0.62598				2
2024.10.03	00:51:39.446	0.62597				2
2024.10.03	00:51:41.196		0.62628			4
2024.10.03	00:51:46.912	0.62598				2
2024.10.03	00:51:50.772	0.62595				2
2024.10.03	00:51:51.582	0.62593	0.62626			6
2024.10.03	00:51:52.695		0.62624			4
2024.10.03	00:51:54.626	0.62591				2
2024.10.03	00:51:55.651		0.62625			4
2024.10.03	00:51:57.209	0.62594	0.62626			6
2024.10.03	00:51:57.522	0.62592	0.62628			6
2024.10.03	00:51:57.823	0.62595	0.62639			6
2024.10.03	00:51:58.143	0.62594	0.62637			6
2024.10.03	00:51:58.445	0.62593	0.62636			6
2024.10.03	00:51:58.831		0.62627			4
2024.10.03	00:51:59.357	0.62592	0.62628			6
2024.10.03	00:51:59.662		0.62630			4
2024.10.03	00:51:59.971	0.62591	0.62629			6
2024.10.03	00:52:00.282	0.62591				2
2024.10.03	00:52:00.956	0.62594	0.62631			6
2024.10.03	00:52:01.279	0.62592	0.62633			6
2024.10.03	00:52:01.603		0.62630			4
2024.10.03	00:52:02.028	0.62593				2
2024.10.03	00:52:02.343	0.62592				2
2024.10.03	00:52:03.423	0.62595	0.62633			6
2024.10.03	00:52:03.733	0.62594	0.62630			6
2024.10.03	00:52:04.192	0.62593	0.62631			6
2024.10.03	00:52:04.860		0.62630			4
2024.10.03	00:52:05.661		0.62631			4
2024.10.03	00:52:06.155		0.62630			4
2024.10.03	00:52:10.583		0.62629			4
2024.10.03	00:52:10.883	0.62595	0.62631			6
2024.10.03	00:52:11.189	0.62593				2
2024.10.03	00:52:12.353	0.62592	0.62630			6
2024.10.03	00:52:13.729		0.62629			4
2024.10.03	00:52:14.267		0.62630			4
2024.10.03	00:52:22.624	0.62593	0.62631			6
2024.10.03	00:52:23.651	0.62594	0.62630			6
2024.10.03	00:52:23.965	0.62595	0.62631			6
2024.10.03	00:52:26.325		0.62633			4
2024.10.03	00:52:26.966		0.62632			4
2024.10.03	00:52:27.458	0.62594	0.62639			6
2024.10.03	00:52:27.760		0.62631			4
2024.10.03	00:52:28.061	0.62595	0.62632			6
2024.10.03	00:52:28.363		0.62635			4
2024.10.03	00:52:30.260	0.62594	0.62634			6
2024.10.03	00:52:30.568		0.62633			4
2024.10.03	00:52:31.399		0.62632			4
2024.10.03	00:52:32.245		0.62634			4
2024.10.03	00:52:33.562		0.62633			4
2024.10.03	00:52:36.418	0.62593	0.62631			6
2024.10.03	00:52:37.547		0.62632			4
2024.10.03	00:52:37.871	0.62595				2
2024.10.03	00:52:40.055	0.62594				2
2024.10.03	00:52:40.362	0.62593				2
2024.10.03	00:52:41.556		0.62631			4
2024.10.03	00:52:44.343		0.62632			4
2024.10.03	00:52:44.650		0.62630			4
2024.10.03	00:52:45.294	0.62595	0.62632			6
2024.10.03	00:52:46.500	0.62594	0.62631			6
2024.10.03	00:52:50.860	0.62596	0.62639			6
2024.10.03	00:52:51.163	0.62597	0.62634			6
2024.10.03	00:52:51.466	0.62595				2
2024.10.03	00:52:54.545	0.62596	0.62631			6
2024.10.03	00:52:54.856	0.62594				2
2024.10.03	00:52:55.161	0.62596	0.62632			6
2024.10.03	00:52:55.464	0.62595				2
2024.10.03	00:52:55.785	0.62594	0.62631			6
2024.10.03	00:52:56.952		0.62632			4
2024.10.03	00:52:57.266	0.62593	0.62631			6
2024.10.03	00:52:57.883		0.62632			4
2024.10.03	00:52:58.790		0.62631			4
2024.10.03	00:53:00.243	0.62593				2
2024.10.03	00:53:04.746	0.62595	0.62633			6
2024.10.03	00:53:05.202	0.62596	0.62635			6
2024.10.03	00:53:06.359		0.62637			4
2024.10.03	00:53:07.056		0.62638			4
2024.10.03	00:53:14.952	0.62598	0.62637			6
2024.10.03	00:53:18.082		0.62638			4
2024.10.03	00:53:25.150	0.62601	0.62641			6
2024.10.03	00:53:27.182	0.62599	0.62637			6
2024.10.03	00:53:27.773		0.62636			4
2024.10.03	00:53:28.425	0.62597	0.62637			6
2024.10.03	00:53:30.491	0.62596	0.62636			6
2024.10.03	00:53:30.807	0.62595	0.62635			6
2024.10.03	00:53:31.360		0.62634			4
2024.10.03	00:53:32.252		0.62635			4
2024.10.03	00:53:32.564		0.62634			4
2024.10.03	00:53:33.861		0.62635			4
2024.10.03	00:53:34.357		0.62634			4
2024.10.03	00:53:36.436		0.62633			4
2024.10.03	00:53:52.993		0.62632			4
2024.10.03	00:53:55.764	0.62596	0.62634			6
2024.10.03	00:54:00.367	0.62596	0.62635			6
2024.10.03	00:54:01.308	0.62598	0.62636			6
2024.10.03	00:54:01.615		0.62635			4
2024.10.03	00:54:05.313	0.62597				2
2024.10.03	00:54:05.791	0.62595	0.62636			6
2024.10.03	00:54:07.585		0.62635			4
2024.10.03	00:54:09.467		0.62634			4
2024.10.03	00:54:09.768		0.62633			4
2024.10.03	00:54:10.096	0.62593	0.62632			6
2024.10.03	00:54:10.955		0.62631			4
2024.10.03	00:54:16.661		0.62633			4
2024.10.03	00:54:21.723		0.62632			4
2024.10.03	00:54:32.318		0.62633			4
2024.10.03	00:54:36.161		0.62632			4
2024.10.03	00:54:46.803	0.62594				2
2024.10.03	00:54:51.163		0.62631			4
2024.10.03	00:54:51.546	0.62593				2
2024.10.03	00:54:53.426	0.62595	0.62637			6
2024.10.03	00:54:53.738	0.62596	0.62639			6
2024.10.03	00:54:54.046	0.62595	0.62636			6
2024.10.03	00:54:54.917	0.62594	0.62633			6
2024.10.03	00:54:57.002		0.62634			4
2024.10.03	00:54:58.468	0.62592	0.62633			6
2024.10.03	00:55:00.572	0.62592	0.62632			6
2024.10.03	00:55:00.878		0.62633			4
2024.10.03	00:55:05.263	0.62594	0.62634			6
2024.10.03	00:55:05.587		0.62633			4
2024.10.03	00:55:05.965		0.62634			4
2024.10.03	00:55:06.273	0.62593	0.62632			6
2024.10.03	00:55:12.870	0.62594	0.62633			6
2024.10.03	00:55:13.182		0.62632			4
2024.10.03	00:55:14.742		0.62633			4
2024.10.03	00:55:15.065		0.62636			4
2024.10.03	00:55:15.426		0.62631			4
2024.10.03	00:55:15.727	0.62595	0.62634			6
2024.10.03	00:55:17.416	0.62592	0.62631			6
2024.10.03	00:55:17.722	0.62596	0.62633			6
2024.10.03	00:55:18.035	0.62592	0.62631			6
2024.10.03	00:55:18.344	0.62594				2
2024.10.03	00:55:18.661	0.62592	0.62630			6
2024.10.03	00:55:19.529	0.62594				2
2024.10.03	00:55:20.035	0.62592				2
2024.10.03	00:55:21.520	0.62595	0.62633			6
2024.10.03	00:55:21.821	0.62594	0.62631			6
2024.10.03	00:55:25.671	0.62593	0.62630			6
2024.10.03	00:55:27.924	0.62592				2
2024.10.03	00:55:31.883		0.62629			4
2024.10.03	00:55:36.806		0.62630			4
2024.10.03	00:55:37.820	0.62593	0.62631			6
2024.10.03	00:55:38.121	0.62594	0.62630			6
2024.10.03	00:55:38.422	0.62593				2
2024.10.03	00:55:40.673		0.62631			4
2024.10.03	00:55:40.997		0.62630			4
2024.10.03	00:55:42.730		0.62631			4
2024.10.03	00:55:43.775		0.62630			4
2024.10.03	00:55:48.033	0.62595	0.62633			6
2024.10.03	00:55:57.147		0.62634			4
2024.10.03	00:56:02.527	0.62595	0.62635			6
2024.10.03	00:56:03.075	0.62597	0.62634			6
2024.10.03	00:56:03.381		0.62636			4
2024.10.03	00:56:12.536		0.62634			4
2024.10.03	00:56:16.390		0.62635			4
2024.10.03	00:56:18.332		0.62636			4
2024.10.03	00:56:28.857	0.62599	0.62637			6
2024.10.03	00:56:32.287	0.62600				2
2024.10.03	00:56:34.653		0.62636			4
2024.10.03	00:56:36.081	0.62599	0.62635			6
2024.10.03	00:56:37.866		0.62636			4
2024.10.03	00:56:49.116		0.62637			4
2024.10.03	00:56:53.233		0.62636			4
2024.10.03	00:56:53.552		0.62635			4
2024.10.03	00:56:54.500		0.62636			4
2024.10.03	00:57:00.758	0.62599	0.62637			6
2024.10.03	00:57:03.571	0.62597	0.62635			6
2024.10.03	00:57:04.719		0.62634			4
2024.10.03	00:57:06.573		0.62633			4
2024.10.03	00:57:06.882		0.62634			4
2024.10.03	00:57:10.442		0.62633			4
2024.10.03	00:57:13.568	0.62595				2
2024.10.03	00:57:14.762	0.62597	0.62632			6
2024.10.03	00:57:15.074	0.62596	0.62634			6
2024.10.03	00:57:18.201	0.62598	0.62635			6
2024.10.03	00:57:19.486	0.62599				2
2024.10.03	00:57:26.868		0.62636			4
2024.10.03	00:57:27.234	0.62600	0.62635			6
2024.10.03	00:57:27.543		0.62638			4
2024.10.03	00:57:29.605	0.62601	0.62640			6
2024.10.03	00:57:35.946		0.62639			4
2024.10.03	00:57:37.376	0.62603	0.62641			6
2024.10.03	00:57:39.910		0.62642			4
2024.10.03	00:57:47.560		0.62643			4
2024.10.03	00:57:47.928		0.62641			4
2024.10.03	00:57:48.308		0.62642			4
2024.10.03	00:57:50.126	0.62606	0.62643			6
2024.10.03	00:57:53.966	0.62604	0.62642			6
2024.10.03	00:57:54.282	0.62603	0.62640			6
2024.10.03	00:57:54.615		0.62641			4
2024.10.03	00:57:56.554		0.62640			4
2024.10.03	00:57:58.662	0.62601	0.62639			6
2024.10.03	00:57:58.977		0.62640			4
2024.10.03	00:58:00.312	0.62601	0.62639			6
2024.10.03	00:58:05.426	0.62600	0.62638			6
2024.10.03	00:58:10.368		0.62639			4
2024.10.03	00:58:14.559		0.62638			4
2024.10.03	00:58:15.521	0.62599				2
2024.10.03	00:58:25.378	0.62598	0.62637			6
2024.10.03	00:58:25.713	0.62599				2
2024.10.03	00:58:31.023	0.62598	0.62636			6
2024.10.03	00:58:33.651	0.62599				2
2024.10.03	00:58:37.774		0.62637			4
2024.10.03	00:58:44.083	0.62598	0.62636			6
2024.10.03	00:58:48.824	0.62597	0.62635			6
2024.10.03	00:58:59.663	0.62598	0.62636			6
2024.10.03	00:59:00.232	0.62598				2
2024.10.03	00:59:00.545	0.62597	0.62635			6
2024.10.03	00:59:02.922	0.62624	0.62639			6
2024.10.03	00:59:03.956		0.62640			4
2024.10.03	00:59:05.925	0.62608	0.62641			6
2024.10.03	00:59:42.211	0.62609				2
2024.10.03	00:59:52.454	0.62608				2
2024.10.03	00:59:54.166	0.62609				2
2024.10.03	01:00:00.310	0.62609				2
2024.10.03	01:00:00.628	0.62614				2
2024.10.03	01:00:01.145	0.62617				2
2024.10.03	01:00:01.466	0.62620	0.62646			6
2024.10.03	01:00:01.770	0.62619				2
2024.10.03	01:00:02.356	0.62620				2
2024.10.03	01:00:02.678	0.62619				2
2024.10.03	01:00:04.452	0.62622				2
2024.10.03	01:00:06.417	0.62623				2
2024.10.03	01:00:11.879	0.62621				2
2024.10.03	01:00:13.566	0.62620				2
2024.10.03	01:00:15.345	0.62622				2
2024.10.03	01:00:18.345	0.62619				2
2024.10.03	01:00:24.479		0.62641			4
2024.10.03	01:00:36.670	0.62617				2
2024.10.03	01:00:39.996		0.62626			4
2024.10.03	01:00:40.359		0.62624			4
2024.10.03	01:00:53.459	0.62619	0.62625			6
2024.10.03	01:00:57.696	0.62624	0.62630			6
2024.10.03	01:01:00.149	0.62619	0.62625			6
2024.10.03	01:01:05.073		0.62627			4
2024.10.03	01:01:05.593	0.62618	0.62628			6
2024.10.03	01:01:05.913	0.62617	0.62625			6
2024.10.03	01:01:07.562		0.62623			4
2024.10.03	01:01:40.663	0.62618				2
2024.10.03	01:01:44.238		0.62625			4
2024.10.03	01:02:00.395	0.62618				2
2024.10.03	01:02:44.292		0.62625			4
2024.10.03	01:03:01.057	0.62618				2
2024.10.03	01:03:05.036	0.62619				2
2024.10.03	01:03:44.292		0.62625			4
2024.10.03	01:04:00.311	0.62619				2
2024.10.03	01:04:44.682		0.62625			4
2024.10.03	01:05:00.426	0.62619				2
2024.10.03	01:05:01.358	0.62624	0.62631			6
2024.10.03	01:05:01.718	0.62623				2
2024.10.03	01:05:20.478	0.62625				2
2024.10.03	01:05:21.529	0.62624				2
2024.10.03	01:05:21.923	0.62623	0.62628			6
2024.10.03	01:05:30.711	0.62624				2
2024.10.03	01:05:32.009	0.62620	0.62626			6
2024.10.03	01:06:00.709	0.62620				2
2024.10.03	01:06:05.033	0.62619				2
2024.10.03	01:06:16.612	0.62620				2
2024.10.03	01:07:00.576	0.62622	0.62626			6
2024.10.03	01:07:34.922	0.62620	0.62623			6
2024.10.03	01:07:36.106	0.62622	0.62626			6
2024.10.03	01:07:40.728	0.62620	0.62624			6
2024.10.03	01:07:41.681	0.62622	0.62626			6
2024.10.03	01:07:42.364	0.62620	0.62624			6
2024.10.03	01:07:51.827	0.62622	0.62626			6
2024.10.03	01:08:17.321	0.62625	0.62628			6
2024.10.03	01:08:18.181	0.62622	0.62626			6
2024.10.03	01:09:07.955	0.62622				2
2024.10.03	01:09:22.144	0.62620	0.62621			6
2024.10.03	01:10:00.363	0.62620				2
2024.10.03	01:10:22.201		0.62621			4
2024.10.03	01:10:34.022		0.62622			4
2024.10.03	01:10:40.045		0.62621			4
2024.10.03	01:10:40.361		0.62622			4
2024.10.03	01:10:41.084		0.62621			4
2024.10.03	01:10:41.410		0.62622			4
2024.10.03	01:10:42.667		0.62621			4
2024.10.03	01:10:43.030		0.62622			4
2024.10.03	01:10:44.113	0.62617	0.62621			6
2024.10.03	01:10:44.419	0.62620				2
2024.10.03	01:10:45.587	0.62617	0.62620			6
2024.10.03	01:10:46.068	0.62620	0.62621			6
2024.10.03	01:10:46.735	0.62617	0.62620			6
2024.10.03	01:10:47.043	0.62620	0.62621			6
2024.10.03	01:10:48.321	0.62617	0.62620			6
2024.10.03	01:10:49.057	0.62620	0.62621			6
2024.10.03	01:10:49.845	0.62617	0.62620			6
2024.10.03	01:10:50.155	0.62620	0.62621			6
2024.10.03	01:10:50.460	0.62617	0.62620			6
2024.10.03	01:10:51.041	0.62620	0.62621			6
2024.10.03	01:10:52.883	0.62617	0.62620			6
2024.10.03	01:10:53.201		0.62621			4
2024.10.03	01:10:53.513	0.62620				2
2024.10.03	01:10:53.821	0.62617				2
2024.10.03	01:10:54.136	0.62620				2
2024.10.03	01:10:54.573	0.62617				2
2024.10.03	01:10:54.875	0.62620				2
2024.10.03	01:10:55.565	0.62617	0.62620			6
2024.10.03	01:10:56.337	0.62620	0.62621			6
2024.10.03	01:10:56.922	0.62617	0.62620			6
2024.10.03	01:10:57.699	0.62620	0.62621			6
2024.10.03	01:10:58.010	0.62617	0.62620			6
2024.10.03	01:10:58.951	0.62620	0.62621			6
2024.10.03	01:10:59.410	0.62617				2
2024.10.03	01:11:00.766	0.62620				2
2024.10.03	01:11:01.125	0.62617				2
2024.10.03	01:11:01.508	0.62620				2
2024.10.03	01:11:03.353	0.62617				2
2024.10.03	01:11:04.024	0.62620				2
2024.10.03	01:11:04.340	0.62618				2
2024.10.03	01:11:04.660	0.62620				2
2024.10.03	01:11:05.007	0.62617				2
2024.10.03	01:11:05.560	0.62618				2
2024.10.03	01:11:07.327	0.62617				2
2024.10.03	01:11:08.910	0.62618				2
2024.10.03	01:11:09.220	0.62617				2
2024.10.03	01:11:11.121	0.62618				2
2024.10.03	01:11:11.625	0.62617				2
2024.10.03	01:11:11.960	0.62618				2
2024.10.03	01:11:12.280	0.62617				2
2024.10.03	01:11:12.643	0.62618				2
2024.10.03	01:11:13.187	0.62617				2
2024.10.03	01:11:13.870	0.62618				2
2024.10.03	01:11:15.731	0.62617				2
2024.10.03	01:11:17.445	0.62618				2
2024.10.03	01:11:19.422	0.62617	0.62620			6
2024.10.03	01:11:19.895	0.62618				2
2024.10.03	01:11:20.585	0.62617				2
2024.10.03	01:11:21.213	0.62618				2
2024.10.03	01:11:23.169	0.62617				2
2024.10.03	01:11:23.542	0.62618				2
2024.10.03	01:11:24.436	0.62617				2
2024.10.03	01:11:24.762	0.62618				2
2024.10.03	01:11:27.600	0.62617				2
2024.10.03	01:11:27.951	0.62620	0.62621			6
2024.10.03	01:11:29.016	0.62618	0.62620			6
2024.10.03	01:11:30.182	0.62619				2
2024.10.03	01:11:30.534	0.62618				2
2024.10.03	01:11:30.860	0.62619				2
2024.10.03	01:11:32.046	0.62618				2
2024.10.03	01:11:32.351	0.62619				2
2024.10.03	01:11:34.424	0.62618				2
2024.10.03	01:11:35.296	0.62619				2
2024.10.03	01:11:41.071	0.62618				2
2024.10.03	01:11:41.385	0.62619				2
2024.10.03	01:11:43.920	0.62618				2
2024.10.03	01:11:44.225	0.62619				2
2024.10.03	01:11:44.529	0.62618				2
2024.10.03	01:11:44.906	0.62619				2
2024.10.03	01:11:47.292	0.62618				2
2024.10.03	01:11:47.921	0.62619				2
2024.10.03	01:11:48.350	0.62618				2
2024.10.03	01:11:49.881	0.62619				2
2024.10.03	01:12:00.362	0.62619				2
2024.10.03	01:12:11.765	0.62618				2
2024.10.03	01:12:17.858	0.62619				2
2024.10.03	01:12:18.352	0.62618				2
2024.10.03	01:12:21.220	0.62619				2
2024.10.03	01:12:28.747	0.62618				2
2024.10.03	01:12:29.501	0.62619	0.62620			6
2024.10.03	01:12:32.165	0.62618				2
2024.10.03	01:12:35.445	0.62619				2
2024.10.03	01:12:36.815	0.62618				2
2024.10.03	01:12:40.129	0.62619				2
2024.10.03	01:12:49.905	0.62613	0.62616			6
2024.10.03	01:12:50.354	0.62614	0.62617			6
2024.10.03	01:12:51.526	0.62613				2
2024.10.03	01:13:00.362	0.62613				2
2024.10.03	01:13:08.082	0.62614				2
2024.10.03	01:13:34.418		0.62618			4
2024.10.03	01:13:43.036	0.62612	0.62616			6
2024.10.03	01:13:43.605	0.62610	0.62613			6
2024.10.03	01:14:18.623	0.62610				2
2024.10.03	01:15:01.111	0.62610	0.62613			6
2024.10.03	01:15:25.625	0.62609				2
2024.10.03	01:15:35.679	0.62608	0.62612			6
2024.10.03	01:15:43.950	0.62609	0.62613			6
2024.10.03	01:15:44.309	0.62606	0.62611			6
2024.10.03	01:15:47.854	0.62605	0.62610			6
2024.10.03	01:15:50.709	0.62607	0.62611			6
2024.10.03	01:15:51.123	0.62606	0.62610			6
2024.10.03	01:15:52.056	0.62605				2
2024.10.03	01:16:01.657	0.62605				2
2024.10.03	01:16:04.926	0.62606				2
2024.10.03	01:16:07.864	0.62601	0.62605			6
2024.10.03	01:16:23.276	0.62600				2
2024.10.03	01:16:29.877	0.62601				2
2024.10.03	01:16:51.310	0.62600				2
2024.10.03	01:16:55.877	0.62601				2
2024.10.03	01:17:30.594	0.62600	0.62605			6
2024.10.03	01:18:02.377	0.62602				2
2024.10.03	01:18:03.794	0.62600				2
2024.10.03	01:18:30.831		0.62605			4
2024.10.03	01:19:00.849	0.62603	0.62607			6
2024.10.03	01:19:01.163	0.62604	0.62609			6
2024.10.03	01:19:16.381	0.62603	0.62608			6
2024.10.03	01:19:18.128	0.62604				2
2024.10.03	01:20:00.753	0.62604				2
2024.10.03	01:20:02.374	0.62605				2
2024.10.03	01:20:13.912	0.62606				2
2024.10.03	01:20:14.372	0.62605				2
2024.10.03	01:20:16.181		0.62609			4
2024.10.03	01:20:21.426		0.62610			4
2024.10.03	01:20:28.585		0.62608			4
2024.10.03	01:20:39.107	0.62604				2
2024.10.03	01:20:44.550	0.62603	0.62606			6
2024.10.03	01:20:44.863	0.62602				2
2024.10.03	01:20:45.179		0.62605			4
2024.10.03	01:20:58.293	0.62600				2
2024.10.03	01:21:01.154	0.62600				2
2024.10.03	01:21:31.117	0.62602	0.62606			6
2024.10.03	01:21:32.173		0.62605			4
2024.10.03	01:21:44.244		0.62604			4
2024.10.03	01:21:44.547		0.62605			4
2024.10.03	01:21:51.413	0.62604	0.62607			6
2024.10.03	01:21:51.718	0.62609	0.62612			6
2024.10.03	01:21:54.306		0.62613			4
2024.10.03	01:21:58.729		0.62612			4
2024.10.03	01:22:00.481	0.62609				2
2024.10.03	01:22:07.330		0.62613			4
2024.10.03	01:22:20.741	0.62608	0.62612			6
2024.10.03	01:22:22.457	0.62609	0.62613			6
2024.10.03	01:23:00.852	0.62609				2
2024.10.03	01:23:05.834		0.62612			4
2024.10.03	01:23:08.312		0.62613			4
2024.10.03	01:23:14.974	0.62610				2
2024.10.03	01:23:19.277	0.62609				2
2024.10.03	01:23:23.160		0.62612			4
2024.10.03	01:23:23.912	0.62608	0.62611			6
2024.10.03	01:23:44.945	0.62612	0.62616			6
2024.10.03	01:23:45.275	0.62613	0.62617			6
2024.10.03	01:23:45.612		0.62618			4
2024.10.03	01:23:50.069		0.62617			4
2024.10.03	01:24:01.387	0.62613				2
2024.10.03	01:24:20.850	0.62614				2
2024.10.03	01:24:22.166	0.62617	0.62621			6
2024.10.03	01:24:31.166	0.62616	0.62620			6
2024.10.03	01:24:42.281		0.62619			4
2024.10.03	01:24:51.214	0.62615				2
2024.10.03	01:24:57.645	0.62614				2
2024.10.03	01:25:00.794	0.62614				2
2024.10.03	01:25:06.697		0.62620			4
2024.10.03	01:25:21.049	0.62620	0.62624			6
2024.10.03	01:25:22.705		0.62625			4
2024.10.03	01:25:32.354		0.62624			4
2024.10.03	01:25:37.355	0.62617	0.62622			6
2024.10.03	01:25:38.157		0.62621			4
2024.10.03	01:25:38.589		0.62622			4
2024.10.03	01:25:42.896		0.62621			4
2024.10.03	01:26:00.124	0.62617				2
2024.10.03	01:26:24.861	0.62624	0.62628			6
2024.10.03	01:26:25.163	0.62626	0.62630			6
2024.10.03	01:26:25.473	0.62625	0.62629			6
2024.10.03	01:26:25.902		0.62630			4
2024.10.03	01:26:30.954		0.62631			4
2024.10.03	01:26:31.759		0.62630			4
2024.10.03	01:26:34.788	0.62624	0.62628			6
2024.10.03	01:26:35.650		0.62629			4
2024.10.03	01:26:51.153	0.62623				2
2024.10.03	01:26:59.895	0.62624				2
2024.10.03	01:27:00.850	0.62624				2
2024.10.03	01:27:14.193		0.62630			4
2024.10.03	01:27:22.030	0.62625				2
2024.10.03	01:27:25.320		0.62631			4
2024.10.03	01:27:27.381		0.62630			4
2024.10.03	01:27:56.435	0.62624	0.62628			6
2024.10.03	01:27:58.350		0.62629			4
2024.10.03	01:28:03.260	0.62624				2
2024.10.03	01:28:05.460		0.62628			4
2024.10.03	01:28:06.263	0.62621	0.62623			6
2024.10.03	01:28:07.010	0.62614	0.62619			6
2024.10.03	01:28:07.323	0.62613	0.62618			6
2024.10.03	01:28:07.624	0.62614	0.62619			6
2024.10.03	01:28:11.822	0.62615	0.62620			6
2024.10.03	01:28:15.475	0.62618				2
2024.10.03	01:28:15.778	0.62615	0.62619			6
2024.10.03	01:28:16.097		0.62620			4
2024.10.03	01:28:21.147	0.62614	0.62618			6
2024.10.03	01:28:51.467	0.62612	0.62617			6
2024.10.03	01:28:52.038	0.62614				2
2024.10.03	01:29:01.596	0.62614				2
2024.10.03	01:29:02.058		0.62618			4
2024.10.03	01:29:09.606	0.62612	0.62615			6
2024.10.03	01:29:13.004	0.62611				2
2024.10.03	01:29:13.350	0.62612	0.62614			6
2024.10.03	01:29:13.857		0.62615			4
2024.10.03	01:29:15.651		0.62613			4
2024.10.03	01:29:15.954		0.62615			4
2024.10.03	01:29:22.131	0.62611	0.62613			6
2024.10.03	01:29:22.586		0.62614			4
2024.10.03	01:29:40.307	0.62613	0.62615			6
2024.10.03	01:29:40.795	0.62612				2
2024.10.03	01:29:47.397	0.62613	0.62617			6
2024.10.03	01:29:50.738		0.62616			4
2024.10.03	01:30:00.307	0.62613				2
2024.10.03	01:30:02.135		0.62617			4
2024.10.03	01:30:03.090	0.62614	0.62616			6
2024.10.03	01:30:04.580		0.62615			4
2024.10.03	01:30:11.179	0.62612	0.62614			6
2024.10.03	01:30:12.182	0.62611	0.62612			6
2024.10.03	01:30:13.864	0.62606	0.62607			6
2024.10.03	01:30:14.502	0.62597	0.62600			6
2024.10.03	01:30:14.830	0.62598				2
2024.10.03	01:30:17.538	0.62596	0.62598			6
2024.10.03	01:30:18.307	0.62597				2
2024.10.03	01:30:21.873		0.62599			4
2024.10.03	01:30:22.482		0.62600			4
2024.10.03	01:30:22.925		0.62601			4
2024.10.03	01:30:24.310		0.62600			4
2024.10.03	01:30:24.623		0.62601			4
2024.10.03	01:30:30.125		0.62600			4
2024.10.03	01:30:30.795		0.62599			4
2024.10.03	01:30:32.265	0.62598	0.62601			6
2024.10.03	01:30:40.705	0.62597				2
2024.10.03	01:30:41.473	0.62598	0.62602			6
2024.10.03	01:30:42.561	0.62597				2
2024.10.03	01:30:47.180	0.62598				2
2024.10.03	01:30:48.018	0.62597				2
2024.10.03	01:30:49.421	0.62598				2
2024.10.03	01:30:56.570		0.62603			4
2024.10.03	01:30:56.915	0.62599				2
2024.10.03	01:30:57.757	0.62601	0.62605			6
2024.10.03	01:31:02.723	0.62600	0.62606			6
2024.10.03	01:31:03.680	0.62602	0.62607			6
2024.10.03	01:31:08.282	0.62601	0.62606			6
2024.10.03	01:31:09.384	0.62598	0.62604			6
2024.10.03	01:31:10.664	0.62601	0.62605			6
2024.10.03	01:31:15.247	0.62602	0.62607			6
2024.10.03	01:31:16.445	0.62604	0.62609			6
2024.10.03	01:31:16.747	0.62606	0.62611			6
2024.10.03	01:31:17.617	0.62605	0.62609			6
2024.10.03	01:31:18.677	0.62604	0.62608			6
2024.10.03	01:31:23.453		0.62607			4
2024.10.03	01:31:23.755	0.62603				2
2024.10.03	01:31:24.057		0.62606			4
2024.10.03	01:31:24.365	0.62602	0.62605			6
2024.10.03	01:31:26.211		0.62604			4
2024.10.03	01:31:26.550		0.62605			4
2024.10.03	01:31:27.644		0.62606			4
2024.10.03	01:31:28.007	0.62599	0.62603			6
2024.10.03	01:31:28.308		0.62604			4
2024.10.03	01:31:28.751		0.62603			4
2024.10.03	01:31:29.063		0.62602			4
2024.10.03	01:31:29.377	0.62600	0.62605			6
2024.10.03	01:31:30.763		0.62606			4
2024.10.03	01:31:35.381	0.62601				2
2024.10.03	01:31:42.384	0.62602	0.62607			6
2024.10.03	01:31:43.063	0.62603	0.62608			6
2024.10.03	01:31:47.888		0.62609			4
2024.10.03	01:31:55.305	0.62604				2
2024.10.03	01:31:56.061	0.62608				2
2024.10.03	01:31:56.374	0.62607				2
2024.10.03	01:32:00.267	0.62607				2
2024.10.03	01:32:05.811		0.62610			4
2024.10.03	01:32:08.604	0.62606				2
2024.10.03	01:32:15.719		0.62609			4
2024.10.03	01:32:17.122	0.62607	0.62610			6
2024.10.03	01:32:18.456	0.62608	0.62612			6
2024.10.03	01:32:27.516	0.62607	0.62611			6
2024.10.03	01:32:33.412	0.62608	0.62612			6
2024.10.03	01:32:56.902	0.62612	0.62616			6
2024.10.03	01:32:57.364	0.62611				2
2024.10.03	01:33:00.486	0.62611				2
2024.10.03	01:33:02.030	0.62612	0.62617			6
2024.10.03	01:33:03.090	0.62613				2
2024.10.03	01:33:03.641	0.62614	0.62619			6
2024.10.03	01:33:09.685	0.62613	0.62617			6
2024.10.03	01:33:10.029	0.62614				2
2024.10.03	01:33:12.012		0.62618			4
2024.10.03	01:33:12.717		0.62617			4
2024.10.03	01:33:27.207		0.62619			4
2024.10.03	01:33:28.214	0.62618	0.62622			6
2024.10.03	01:33:30.442	0.62622	0.62626			6
2024.10.03	01:33:34.403	0.62623				2
2024.10.03	01:33:34.775		0.62625			4
2024.10.03	01:33:35.323		0.62627			4
2024.10.03	01:33:36.244		0.62626			4
2024.10.03	01:33:50.366	0.62625	0.62628			6
2024.10.03	01:33:50.681	0.62627	0.62630			6
2024.10.03	01:33:51.881	0.62628				2
2024.10.03	01:33:52.213		0.62631			4
2024.10.03	01:33:52.964		0.62630			4
2024.10.03	01:33:56.783	0.62631	0.62632			6
2024.10.03	01:33:57.104		0.62635			4
2024.10.03	01:33:57.419	0.62632	0.62636			6
2024.10.03	01:33:58.329		0.62635			4
2024.10.03	01:34:00.545	0.62632	0.62636			6
2024.10.03	01:34:13.040	0.62631	0.62635			6
2024.10.03	01:34:15.421	0.62630				2
2024.10.03	01:34:16.305	0.62631				2
2024.10.03	01:34:22.459		0.62636			4
2024.10.03	01:34:38.903		0.62635			4
2024.10.03	01:34:40.715		0.62636			4
2024.10.03	01:34:41.787	0.62628	0.62633			6
2024.10.03	01:34:45.812		0.62634			4
2024.10.03	01:34:46.640		0.62633			4
2024.10.03	01:34:46.942	0.62629	0.62635			6
2024.10.03	01:34:50.332	0.62630				2
2024.10.03	01:34:51.663	0.62628	0.62634			6
2024.10.03	01:34:52.792	0.62629				2
2024.10.03	01:34:55.335	0.62628				2
2024.10.03	01:35:00.373	0.62628				2
2024.10.03	01:35:05.639	0.62629				2
2024.10.03	01:35:12.980		0.62635			4
2024.10.03	01:35:18.572	0.62630				2
2024.10.03	01:35:18.878	0.62629	0.62634			6
2024.10.03	01:35:20.190	0.62628				2
2024.10.03	01:35:28.685		0.62633			4
2024.10.03	01:35:32.564	0.62627				2
2024.10.03	01:35:36.324	0.62629	0.62635			6
2024.10.03	01:35:38.516		0.62634			4
2024.10.03	01:35:41.157	0.62628	0.62633			6
2024.10.03	01:35:57.005		0.62632			4
2024.10.03	01:35:57.305	0.62627				2
2024.10.03	01:35:58.997	0.62628	0.62633			6
2024.10.03	01:36:00.312	0.62628				2
2024.10.03	01:36:22.783	0.62631	0.62636			6
2024.10.03	01:36:27.703	0.62629	0.62635			6
2024.10.03	01:36:28.174		0.62634			4
2024.10.03	01:36:31.060		0.62633			4
2024.10.03	01:36:32.545		0.62634			4
2024.10.03	01:36:40.550	0.62627	0.62632			6
2024.10.03	01:36:40.877		0.62631			4
2024.10.03	01:36:41.283	0.62625	0.62630			6
2024.10.03	01:36:41.615	0.62622	0.62625			6
2024.10.03	01:36:42.355	0.62624	0.62629			6
2024.10.03	01:36:42.705	0.62625				2
2024.10.03	01:36:43.197		0.62630			4
2024.10.03	01:36:46.922	0.62626	0.62631			6
2024.10.03	01:36:50.662	0.62627	0.62632			6
2024.10.03	01:36:52.040	0.62628	0.62633			6
2024.10.03	01:37:00.132	0.62628				2
2024.10.03	01:37:01.112	0.62630	0.62635			6
2024.10.03	01:37:01.835	0.62632	0.62637			6
2024.10.03	01:37:02.870	0.62631				2
2024.10.03	01:37:04.373	0.62630	0.62635			6
2024.10.03	01:37:12.799	0.62631				2
2024.10.03	01:37:25.346	0.62627	0.62632			6
2024.10.03	01:37:37.573	0.62628	0.62633			6
2024.10.03	01:37:41.515	0.62629				2
2024.10.03	01:37:44.429	0.62628				2
2024.10.03	01:37:49.553	0.62630	0.62635			6
2024.10.03	01:37:51.209	0.62631				2
2024.10.03	01:38:10.856	0.62631				2
2024.10.03	01:38:11.612		0.62636			4
2024.10.03	01:38:13.654	0.62632	0.62637			6
2024.10.03	01:38:53.766	0.62631	0.62636			6
2024.10.03	01:38:55.354		0.62637			4
2024.10.03	01:38:55.684		0.62636			4
2024.10.03	01:39:00.058	0.62631				2
2024.10.03	01:39:06.106	0.62630	0.62635			6
2024.10.03	01:39:17.809	0.62631				2
2024.10.03	01:39:25.215	0.62626	0.62631			6
2024.10.03	01:39:25.873		0.62630			4
2024.10.03	01:39:27.501	0.62627	0.62631			6
2024.10.03	01:39:48.378	0.62631	0.62635			6
2024.10.03	01:40:00.361	0.62631				2
2024.10.03	01:40:30.849	0.62630	0.62634			6
2024.10.03	01:40:32.438	0.62627	0.62632			6
2024.10.03	01:40:32.768		0.62633			4
2024.10.03	01:40:33.262		0.62632			4
2024.10.03	01:40:33.924		0.62633			4
2024.10.03	01:40:39.088	0.62626	0.62631			6
2024.10.03	01:40:43.120		0.62632			4
2024.10.03	01:40:43.897	0.62627				2
2024.10.03	01:40:46.876	0.62628				2
2024.10.03	01:41:02.980	0.62627				2
2024.10.03	01:41:03.292		0.62631			4
2024.10.03	01:41:03.603		0.62630			4
2024.10.03	01:41:10.315		0.62631			4
2024.10.03	01:41:13.037	0.62626				2
2024.10.03	01:41:16.778	0.62627	0.62632			6
2024.10.03	01:41:17.126	0.62628	0.62633			6
2024.10.03	01:41:17.447	0.62629	0.62634			6
2024.10.03	01:41:26.437	0.62628				2
2024.10.03	01:41:48.072	0.62629				2
2024.10.03	01:41:59.262	0.62630	0.62636			6
2024.10.03	01:42:00.283	0.62628	0.62634			6
2024.10.03	01:42:01.482	0.62626	0.62632			6
2024.10.03	01:42:02.351	0.62627	0.62633			6
2024.10.03	01:42:09.823	0.62628				2
2024.10.03	01:42:19.945		0.62632			4
2024.10.03	01:42:22.332	0.62626				2
2024.10.03	01:42:30.444	0.62627				2
2024.10.03	01:42:39.014	0.62628				2
2024.10.03	01:42:40.254	0.62630				2
2024.10.03	01:42:40.559	0.62628				2
2024.10.03	01:42:55.645		0.62631			4
2024.10.03	01:43:00.587	0.62628				2
2024.10.03	01:43:08.650	0.62625				2
2024.10.03	01:43:09.000	0.62626				2
2024.10.03	01:43:26.563	0.62625				2
2024.10.03	01:43:26.984		0.62630			4
2024.10.03	01:43:36.005		0.62631			4
2024.10.03	01:43:37.165		0.62630			4
2024.10.03	01:43:38.537	0.62624	0.62629			6
2024.10.03	01:43:39.567	0.62625				2
2024.10.03	01:43:40.412	0.62624				2
2024.10.03	01:43:45.543	0.62623				2
2024.10.03	01:43:48.808	0.62625				2
2024.10.03	01:43:55.648		0.62630			4
2024.10.03	01:44:00.175	0.62625				2
2024.10.03	01:44:56.352		0.62630			4
2024.10.03	01:45:00.417	0.62625				2
2024.10.03	01:45:35.382	0.62628	0.62633			6
2024.10.03	01:45:36.171	0.62627				2
2024.10.03	01:45:36.514	0.62628				2
2024.10.03	01:45:36.835	0.62627				2
2024.10.03	01:45:46.564	0.62628				2
2024.10.03	01:45:55.409	0.62627				2
2024.10.03	01:45:59.484		0.62632			4
2024.10.03	01:46:00.525	0.62627				2
2024.10.03	01:46:11.905	0.62628				2
2024.10.03	01:46:15.385		0.62633			4
2024.10.03	01:46:15.839	0.62629				2
2024.10.03	01:46:21.247	0.62627				2
2024.10.03	01:46:35.920	0.62628				2
2024.10.03	01:46:38.156	0.62629				2
2024.10.03	01:46:38.482	0.62627				2
2024.10.03	01:46:47.825	0.62629				2
2024.10.03	01:47:00.292	0.62629				2
2024.10.03	01:47:16.329		0.62633			4
2024.10.03	01:47:17.599	0.62627				2
2024.10.03	01:47:55.654		0.62632			4
2024.10.03	01:48:02.244	0.62627				2
2024.10.03	01:48:03.230	0.62628				2
2024.10.03	01:48:08.961	0.62629				2
2024.10.03	01:48:11.232	0.62630				2
2024.10.03	01:48:24.211	0.62629				2
2024.10.03	01:48:26.912	0.62630				2
2024.10.03	01:48:27.825	0.62627				2
2024.10.03	01:48:28.138	0.62628				2
2024.10.03	01:48:36.590		0.62633			4
2024.10.03	01:48:46.123	0.62629				2
2024.10.03	01:48:47.962		0.62632			4
2024.10.03	01:48:54.410	0.62626				2
2024.10.03	01:48:54.727	0.62627				2
2024.10.03	01:49:00.741	0.62627				2
2024.10.03	01:49:01.788	0.62628				2
2024.10.03	01:49:02.094	0.62627				2
2024.10.03	01:49:21.326	0.62629				2
2024.10.03	01:49:26.641		0.62631			4
2024.10.03	01:49:42.692		0.62632			4
2024.10.03	01:49:45.136		0.62633			4
2024.10.03	01:49:57.727	0.62630				2
2024.10.03	01:49:59.932	0.62632	0.62636			6
2024.10.03	01:50:00.362	0.62630	0.62633			6
2024.10.03	01:50:01.509	0.62631				2
2024.10.03	01:50:04.928	0.62630				2
2024.10.03	01:51:00.160	0.62630				2
2024.10.03	01:51:00.711		0.62633			4
2024.10.03	01:51:06.920	0.62631	0.62636			6
2024.10.03	01:51:11.726	0.62628	0.62634			6
2024.10.03	01:51:12.632	0.62630				2
2024.10.03	01:51:22.869	0.62632	0.62637			6
2024.10.03	01:51:30.641	0.62631	0.62636			6
2024.10.03	01:51:45.096	0.62632				2
2024.10.03	01:51:46.385	0.62629	0.62632			6
2024.10.03	01:51:46.693	0.62627				2
2024.10.03	01:51:47.019		0.62633			4
2024.10.03	01:51:51.872	0.62626	0.62631			6
2024.10.03	01:51:56.043	0.62625	0.62630			6
2024.10.03	01:51:56.998	0.62623	0.62629			6
2024.10.03	01:51:57.904	0.62624				2
2024.10.03	01:51:58.233	0.62623				2
2024.10.03	01:52:00.331	0.62623				2
2024.10.03	01:52:04.838	0.62624				2
2024.10.03	01:52:13.856	0.62623				2
2024.10.03	01:52:14.981	0.62624				2
2024.10.03	01:52:16.106	0.62623				2
2024.10.03	01:52:17.238	0.62624				2
2024.10.03	01:52:19.494	0.62623				2
2024.10.03	01:52:20.401	0.62624				2
2024.10.03	01:52:20.708	0.62623				2
2024.10.03	01:52:21.742	0.62624				2
2024.10.03	01:52:23.457	0.62623				2
2024.10.03	01:52:26.612	0.62620	0.62625			6
2024.10.03	01:52:26.927	0.62621	0.62626			6
2024.10.03	01:52:40.578	0.62622				2
2024.10.03	01:52:50.712	0.62619	0.62622			6
2024.10.03	01:52:55.648	0.62618				2
2024.10.03	01:53:00.459	0.62618				2
2024.10.03	01:53:00.898	0.62617	0.62621			6
2024.10.03	01:53:03.061	0.62616				2
2024.10.03	01:53:05.055	0.62619				2
2024.10.03	01:53:05.361	0.62616				2
2024.10.03	01:53:21.602		0.62622			4
2024.10.03	01:53:27.031	0.62617				2
2024.10.03	01:53:30.506	0.62618				2
2024.10.03	01:53:35.162	0.62621	0.62625			6
2024.10.03	01:53:44.284	0.62622				2
2024.10.03	01:53:45.513	0.62621				2
2024.10.03	01:53:47.380	0.62620				2
2024.10.03	01:54:00.308	0.62620				2
2024.10.03	01:54:08.115	0.62617	0.62622			6
2024.10.03	01:54:23.367		0.62623			4
2024.10.03	01:54:23.678	0.62618				2
2024.10.03	01:54:44.574	0.62617	0.62622			6
2024.10.03	01:54:47.482		0.62621			4
2024.10.03	01:54:48.561	0.62615				2
2024.10.03	01:54:48.877	0.62616				2
2024.10.03	01:54:58.360	0.62617				2
2024.10.03	01:55:00.126	0.62617				2
2024.10.03	01:55:00.743		0.62622			4
2024.10.03	01:55:01.118	0.62618				2
2024.10.03	01:55:01.467		0.62623			4
2024.10.03	01:55:09.247	0.62617	0.62622			6
2024.10.03	01:55:10.820	0.62615	0.62618			6
2024.10.03	01:55:21.569	0.62614	0.62619			6
2024.10.03	01:55:27.970	0.62615				2
2024.10.03	01:55:31.605	0.62613	0.62618			6
2024.10.03	01:55:40.342	0.62614				2
2024.10.03	01:55:41.561	0.62615				2
2024.10.03	01:55:43.979	0.62614				2
2024.10.03	01:55:47.018	0.62615				2
2024.10.03	01:55:47.322	0.62614	0.62617			6
2024.10.03	01:55:56.917	0.62611	0.62616			6
2024.10.03	01:56:00.142	0.62609	0.62614			6
2024.10.03	01:56:11.690	0.62611	0.62616			6
2024.10.03	01:56:15.095	0.62605	0.62608			6
2024.10.03	01:56:15.412	0.62603				2
2024.10.03	01:56:30.656		0.62609			4
2024.10.03	01:56:40.825		0.62608			4
2024.10.03	01:56:44.912	0.62604				2
2024.10.03	01:56:48.448	0.62608	0.62612			6
2024.10.03	01:56:49.514		0.62613			4
2024.10.03	01:56:50.101	0.62607				2
2024.10.03	01:56:50.490	0.62608				2
2024.10.03	01:56:50.797	0.62607				2
2024.10.03	01:56:51.744	0.62608				2
2024.10.03	01:56:52.121	0.62607				2
2024.10.03	01:56:53.672	0.62603	0.62609			6
2024.10.03	01:56:57.014	0.62604				2
2024.10.03	01:56:59.137	0.62603	0.62608			6
2024.10.03	01:57:00.281	0.62603				2
2024.10.03	01:57:10.158	0.62604				2
2024.10.03	01:57:14.601	0.62608	0.62613			6
2024.10.03	01:57:24.911		0.62614			4
2024.10.03	01:57:26.041		0.62613			4
2024.10.03	01:57:26.557	0.62612	0.62616			6
2024.10.03	01:57:27.235	0.62611				2
2024.10.03	01:57:28.184	0.62612				2
2024.10.03	01:57:31.664		0.62617			4
2024.10.03	01:57:32.521	0.62613				2
2024.10.03	01:57:42.375		0.62618			4
2024.10.03	01:57:50.260	0.62614				2
2024.10.03	01:57:50.564	0.62613				2
2024.10.03	01:57:51.617	0.62616	0.62619			6
2024.10.03	01:57:54.427	0.62612	0.62616			6
2024.10.03	01:57:54.755		0.62617			4
2024.10.03	01:57:55.787		0.62616			4
2024.10.03	01:57:57.436		0.62617			4
2024.10.03	01:57:58.223	0.62614	0.62618			6
2024.10.03	01:58:00.025	0.62614				2
2024.10.03	01:58:12.079	0.62613				2
2024.10.03	01:58:13.547	0.62610	0.62615			6
2024.10.03	01:58:15.226	0.62611				2
2024.10.03	01:58:16.449	0.62610				2
2024.10.03	01:58:22.154		0.62616			4
2024.10.03	01:58:23.176	0.62611	0.62615			6
2024.10.03	01:58:30.940	0.62610				2
2024.10.03	01:58:31.982	0.62611				2
2024.10.03	01:58:34.745	0.62612	0.62616			6
2024.10.03	01:58:35.850	0.62611	0.62615			6
2024.10.03	01:58:43.167	0.62610	0.62614			6
2024.10.03	01:59:01.345	0.62611	0.62615			6
2024.10.03	01:59:02.816	0.62612				2
2024.10.03	01:59:03.384		0.62616			4
2024.10.03	01:59:07.219	0.62609	0.62614			6
2024.10.03	01:59:20.699	0.62608				2
2024.10.03	01:59:30.022	0.62606	0.62610			6
2024.10.03	01:59:31.085		0.62611			4
2024.10.03	01:59:32.141	0.62605	0.62610			6
2024.10.03	01:59:33.192	0.62606				2
2024.10.03	01:59:39.341	0.62605				2
2024.10.03	01:59:46.519	0.62601	0.62606			6
2024.10.03	01:59:47.271	0.62602	0.62607			6
2024.10.03	01:59:48.382		0.62606			4
2024.10.03	01:59:49.561		0.62607			4
2024.10.03	01:59:52.971		0.62606			4
2024.10.03	01:59:54.081		0.62607			4
2024.10.03	01:59:54.477	0.62601				2
2024.10.03	01:59:55.002	0.62602	0.62606			6
2024.10.03	01:59:56.190	0.62601	0.62607			6
2024.10.03	01:59:56.815	0.62602	0.62606			6
2024.10.03	01:59:59.487	0.62601				2
2024.10.03	02:00:00.277	0.62606	0.62610			6
2024.10.03	02:00:07.203	0.62605				2
2024.10.03	02:00:12.428	0.62602	0.62607			6
2024.10.03	02:00:14.143	0.62601				2
2024.10.03	02:00:17.599	0.62602				2
2024.10.03	02:00:18.497		0.62606			4
2024.10.03	02:00:27.021		0.62607			4
2024.10.03	02:00:29.601	0.62603				2
2024.10.03	02:00:30.665	0.62602				2
2024.10.03	02:00:30.998	0.62603				2
2024.10.03	02:00:32.541	0.62601	0.62606			6
2024.10.03	02:00:33.035	0.62600				2
2024.10.03	02:00:34.588		0.62605			4
2024.10.03	02:00:39.426	0.62599				2
2024.10.03	02:00:39.775		0.62604			4
2024.10.03	02:00:40.282	0.62596	0.62600			6
2024.10.03	02:00:42.701	0.62597				2
2024.10.03	02:00:44.461	0.62596	0.62601			6
2024.10.03	02:00:45.438	0.62597				2
2024.10.03	02:00:48.702	0.62598				2
2024.10.03	02:00:49.923	0.62597				2
2024.10.03	02:00:58.444		0.62602			4
2024.10.03	02:00:59.278	0.62600	0.62604			6
2024.10.03	02:01:00.542	0.62600				2
2024.10.03	02:01:01.141	0.62599				2
2024.10.03	02:01:03.675	0.62595	0.62600			6
2024.10.03	02:01:03.992	0.62596				2
2024.10.03	02:01:05.286	0.62595	0.62599			6
2024.10.03	02:01:23.325		0.62600			4
2024.10.03	02:01:27.226		0.62599			4
2024.10.03	02:01:29.828	0.62592	0.62595			6
2024.10.03	02:01:30.149	0.62591				2
2024.10.03	02:01:39.020	0.62590				2
2024.10.03	02:01:40.384	0.62591				2
2024.10.03	02:01:40.698	0.62592	0.62596			6
2024.10.03	02:01:43.537		0.62595			4
2024.10.03	02:01:45.517	0.62591	0.62596			6
2024.10.03	02:01:46.293	0.62594				2
2024.10.03	02:01:46.602	0.62593				2
2024.10.03	02:01:52.639	0.62594	0.62597			6
2024.10.03	02:01:54.016	0.62593				2
2024.10.03	02:01:54.819	0.62594				2
2024.10.03	02:01:58.411	0.62593				2
2024.10.03	02:01:59.287	0.62591	0.62595			6
2024.10.03	02:02:00.687	0.62591				2
2024.10.03	02:02:01.387	0.62592				2
2024.10.03	02:02:01.939	0.62591				2
2024.10.03	02:02:03.952	0.62594	0.62596			6
2024.10.03	02:02:04.341	0.62593				2
2024.10.03	02:02:13.198	0.62595	0.62598			6
2024.10.03	02:02:13.505	0.62593				2
2024.10.03	02:02:14.527	0.62594				2
2024.10.03	02:02:16.230	0.62595				2
2024.10.03	02:02:24.765	0.62593	0.62596			6
2024.10.03	02:02:25.910	0.62594	0.62599			6
2024.10.03	02:02:26.523	0.62597	0.62600			6
2024.10.03	02:02:28.658	0.62598				2
2024.10.03	02:02:29.016	0.62602	0.62606			6
2024.10.03	02:02:29.324	0.62604	0.62607			6
2024.10.03	02:02:30.716	0.62603				2
2024.10.03	02:02:31.623	0.62604	0.62608			6
2024.10.03	02:02:32.265	0.62602				2
2024.10.03	02:02:39.307		0.62607			4
2024.10.03	02:02:43.549	0.62601				2
2024.10.03	02:02:43.899	0.62600	0.62605			6
2024.10.03	02:02:44.368	0.62601				2
2024.10.03	02:02:45.407	0.62600				2
2024.10.03	02:02:45.711	0.62601				2
2024.10.03	02:02:46.028	0.62600				2
2024.10.03	02:02:47.403	0.62599	0.62604			6
2024.10.03	02:02:56.524	0.62597	0.62601			6
2024.10.03	02:02:57.244	0.62600	0.62605			6
2024.10.03	02:02:57.563	0.62601	0.62606			6
2024.10.03	02:02:57.883		0.62604			4
2024.10.03	02:02:58.189	0.62600				2
2024.10.03	02:02:58.602	0.62601	0.62605			6
2024.10.03	02:02:58.922	0.62602				2
2024.10.03	02:02:59.946	0.62601				2
2024.10.03	02:03:00.283	0.62601				2
2024.10.03	02:03:02.646	0.62602				2
2024.10.03	02:03:11.551	0.62601	0.62603			6
2024.10.03	02:03:11.919	0.62600				2
2024.10.03	02:03:35.373		0.62604			4
2024.10.03	02:03:35.836	0.62599				2
2024.10.03	02:03:36.429	0.62600				2
2024.10.03	02:03:37.341	0.62599	0.62603			6
2024.10.03	02:03:45.024	0.62598	0.62601			6
2024.10.03	02:03:45.476		0.62603			4
2024.10.03	02:03:55.364	0.62599				2
2024.10.03	02:04:00.074	0.62599	0.62604			6
2024.10.03	02:04:00.507	0.62600				2
2024.10.03	02:04:04.823	0.62599	0.62603			6
2024.10.03	02:04:14.233	0.62601	0.62605			6
2024.10.03	02:04:19.453	0.62600				2
2024.10.03	02:04:19.757	0.62601				2
2024.10.03	02:04:27.720	0.62609	0.62610			6
2024.10.03	02:04:29.257	0.62608	0.62611			6
2024.10.03	02:04:30.312	0.62607				2
2024.10.03	02:04:30.708	0.62606	0.62610			6
2024.10.03	02:04:31.271	0.62607				2
2024.10.03	02:04:34.864	0.62608	0.62611			6
2024.10.03	02:04:35.519	0.62610	0.62613			6
2024.10.03	02:04:36.706	0.62609				2
2024.10.03	02:04:42.821		0.62612			4
2024.10.03	02:04:43.122	0.62607	0.62611			6
2024.10.03	02:04:47.389	0.62606	0.62610			6
2024.10.03	02:04:48.082	0.62608	0.62611			6
2024.10.03	02:04:50.470	0.62607				2
2024.10.03	02:04:51.205	0.62608				2
2024.10.03	02:05:00.292	0.62608				2
2024.10.03	02:05:02.908	0.62607				2
2024.10.03	02:05:04.361		0.62610			4
2024.10.03	02:05:04.987	0.62608				2
2024.10.03	02:05:08.510	0.62613	0.62615			6
2024.10.03	02:05:13.126	0.62614				2
2024.10.03	02:05:13.487	0.62613				2
2024.10.03	02:05:21.486		0.62614			4
2024.10.03	02:05:21.856	0.62612				2
2024.10.03	02:05:22.161	0.62613				2
2024.10.03	02:05:27.344	0.62612				2
2024.10.03	02:05:28.212	0.62613	0.62615			6
2024.10.03	02:05:28.948	0.62614	0.62616			6
2024.10.03	02:05:34.639	0.62613				2
2024.10.03	02:05:35.348	0.62612				2
2024.10.03	02:05:35.900		0.62615			4
2024.10.03	02:05:36.991	0.62613	0.62616			6
2024.10.03	02:05:37.745	0.62615	0.62619			6
2024.10.03	02:05:42.778	0.62614	0.62617			6
2024.10.03	02:05:44.275	0.62615				2
2024.10.03	02:05:47.450	0.62614				2
2024.10.03	02:05:48.806		0.62616			4
2024.10.03	02:05:56.500	0.62615				2
2024.10.03	02:05:58.293	0.62613	0.62614			6
2024.10.03	02:05:59.387		0.62615			4
2024.10.03	02:06:00.168	0.62612				2
2024.10.03	02:06:02.101	0.62614				2
2024.10.03	02:06:04.250	0.62613				2
2024.10.03	02:06:04.778	0.62614				2
2024.10.03	02:06:12.315	0.62613				2
2024.10.03	02:06:13.340	0.62616	0.62618			6
2024.10.03	02:06:14.830	0.62615				2
2024.10.03	02:06:18.936	0.62614	0.62615			6
2024.10.03	02:06:20.846	0.62615	0.62616			6
2024.10.03	02:06:21.961	0.62614	0.62615			6
2024.10.03	02:06:25.653		0.62616			4
2024.10.03	02:06:26.479	0.62615				2
2024.10.03	02:06:30.362	0.62614				2
2024.10.03	02:06:31.737		0.62615			4
2024.10.03	02:06:32.204	0.62612	0.62614			6
2024.10.03	02:06:37.811	0.62613				2
2024.10.03	02:06:38.440	0.62614	0.62615			6
2024.10.03	02:06:38.783	0.62615	0.62616			6
2024.10.03	02:06:42.676	0.62614				2
2024.10.03	02:06:43.007	0.62612				2
2024.10.03	02:06:44.099	0.62613				2
2024.10.03	02:06:44.552	0.62612	0.62615			6
2024.10.03	02:06:54.152	0.62611	0.62614			6
2024.10.03	02:06:57.443	0.62610				2
2024.10.03	02:07:00.098	0.62610				2
2024.10.03	02:07:04.486	0.62611				2
2024.10.03	02:07:08.631	0.62612				2
2024.10.03	02:07:08.962	0.62611				2
2024.10.03	02:07:14.726	0.62612	0.62615			6
2024.10.03	02:07:18.432	0.62613	0.62616			6
2024.10.03	02:07:25.387	0.62614	0.62618			6
2024.10.03	02:07:27.809	0.62616	0.62620			6
2024.10.03	02:07:31.025	0.62615	0.62619			6
2024.10.03	02:07:34.586	0.62614				2
2024.10.03	02:07:39.176	0.62615				2
2024.10.03	02:07:39.485	0.62616	0.62620			6
2024.10.03	02:07:43.276	0.62615				2
2024.10.03	02:07:53.375		0.62619			4
2024.10.03	02:08:00.711	0.62615				2
2024.10.03	02:08:06.457		0.62620			4
2024.10.03	02:08:07.477	0.62616				2
2024.10.03	02:08:09.520	0.62615				2
2024.10.03	02:08:11.624	0.62614	0.62618			6
2024.10.03	02:08:11.927	0.62612	0.62616			6
2024.10.03	02:08:20.347	0.62611	0.62615			6
2024.10.03	02:08:25.774	0.62612				2
2024.10.03	02:08:36.976	0.62611				2
2024.10.03	02:08:38.008	0.62612				2
2024.10.03	02:08:38.323	0.62611				2
2024.10.03	02:08:47.492	0.62612				2
2024.10.03	02:08:49.131	0.62614	0.62616			6
2024.10.03	02:08:49.448	0.62612				2
2024.10.03	02:08:50.390	0.62613				2
2024.10.03	02:08:51.039	0.62612	0.62615			6
2024.10.03	02:08:54.157	0.62613				2
2024.10.03	02:08:54.506	0.62612				2
2024.10.03	02:08:57.247	0.62613	0.62616			6
2024.10.03	02:09:00.436	0.62613	0.62615			6
2024.10.03	02:09:01.987		0.62616			4
2024.10.03	02:09:02.330	0.62612				2
2024.10.03	02:09:03.373	0.62613				2
2024.10.03	02:09:06.516	0.62614	0.62617			6
2024.10.03	02:09:21.573	0.62612	0.62615			6
2024.10.03	02:09:24.662	0.62613				2
2024.10.03	02:09:24.965	0.62614	0.62616			6
2024.10.03	02:09:25.361		0.62617			4
2024.10.03	02:09:31.142	0.62613	0.62616			6
2024.10.03	02:09:32.112	0.62612				2
2024.10.03	02:09:32.841	0.62613				2
2024.10.03	02:09:57.237	0.62614	0.62617			6
2024.10.03	02:10:00.440	0.62614				2
2024.10.03	02:10:01.299	0.62612	0.62615			6
2024.10.03	02:10:09.665	0.62614	0.62617			6
2024.10.03	02:10:39.142	0.62615				2
2024.10.03	02:10:44.122	0.62614				2
2024.10.03	02:10:50.306	0.62617	0.62620			6
2024.10.03	02:10:51.354	0.62616				2
2024.10.03	02:10:52.888	0.62615	0.62619			6
2024.10.03	02:10:58.343	0.62614				2
2024.10.03	02:10:58.731	0.62615				2
2024.10.03	02:11:00.640	0.62615				2
2024.10.03	02:11:38.682	0.62616				2
2024.10.03	02:11:42.359		0.62621			4
2024.10.03	02:11:46.925		0.62620			4
2024.10.03	02:11:57.709	0.62615	0.62619			6
2024.10.03	02:12:00.863	0.62615				2
2024.10.03	02:12:06.089		0.62620			4
2024.10.03	02:12:06.396	0.62616				2
2024.10.03	02:12:10.640	0.62615				2
2024.10.03	02:12:34.541	0.62614	0.62618			6
2024.10.03	02:12:40.201	0.62613	0.62616			6
2024.10.03	02:12:40.504	0.62612				2
2024.10.03	02:12:42.343	0.62611	0.62615			6
2024.10.03	02:12:45.185		0.62614			4
2024.10.03	02:13:00.868	0.62611	0.62615			6
2024.10.03	02:13:26.773	0.62608	0.62611			6
2024.10.03	02:13:38.161	0.62609	0.62613			6
2024.10.03	02:13:38.462	0.62612	0.62615			6
2024.10.03	02:13:39.505	0.62611				2
2024.10.03	02:14:00.709	0.62611				2
2024.10.03	02:14:06.030	0.62610				2
2024.10.03	02:14:09.598	0.62608	0.62612			6
2024.10.03	02:14:10.398	0.62609	0.62613			6
2024.10.03	02:14:16.060		0.62614			4
2024.10.03	02:14:16.454		0.62613			4
2024.10.03	02:14:26.487	0.62615	0.62617			6
2024.10.03	02:14:26.803	0.62617	0.62620			6
2024.10.03	02:14:29.941	0.62618				2
2024.10.03	02:14:30.801		0.62621			4
2024.10.03	02:14:43.433	0.62616				2
2024.10.03	02:14:44.468		0.62620			4
2024.10.03	02:14:44.867		0.62621			4
2024.10.03	02:14:46.411		0.62620			4
2024.10.03	02:14:51.599	0.62615				2
2024.10.03	02:15:00.462	0.62615				2
2024.10.03	02:15:39.072	0.62617				2
2024.10.03	02:15:41.543	0.62616				2
2024.10.03	02:15:42.253	0.62615	0.62619			6
2024.10.03	02:15:42.645	0.62614				2
2024.10.03	02:16:00.260	0.62614				2
2024.10.03	02:16:02.374	0.62615	0.62618			6
2024.10.03	02:16:03.440		0.62617			4
2024.10.03	02:16:03.781	0.62613				2
2024.10.03	02:16:10.574		0.62614			4
2024.10.03	02:16:10.881	0.62614	0.62615			6
2024.10.03	02:16:13.980	0.62615	0.62616			6
2024.10.03	02:16:18.490	0.62614	0.62615			6
2024.10.03	02:16:18.828	0.62615	0.62616			6
2024.10.03	02:16:34.105	0.62616	0.62617			6
2024.10.03	02:16:36.255		0.62618			4
2024.10.03	02:16:38.952	0.62615				2
2024.10.03	02:16:48.691	0.62616				2
2024.10.03	02:16:53.212	0.62615				2
2024.10.03	02:16:54.321	0.62616				2
2024.10.03	02:16:57.705	0.62617				2
2024.10.03	02:16:58.830	0.62615				2
2024.10.03	02:17:00.266	0.62615				2
2024.10.03	02:17:15.526	0.62616				2
2024.10.03	02:17:15.850	0.62615				2
2024.10.03	02:17:18.821	0.62616				2
2024.10.03	02:17:19.157	0.62615				2
2024.10.03	02:17:27.006	0.62616				2
2024.10.03	02:17:27.761	0.62615				2
2024.10.03	02:17:29.166	0.62616				2
2024.10.03	02:17:36.471		0.62618			4
2024.10.03	02:17:49.549	0.62613	0.62614			6
2024.10.03	02:18:00.307	0.62613				2
2024.10.03	02:18:11.798	0.62612	0.62613			6
2024.10.03	02:18:18.661	0.62611	0.62612			6
2024.10.03	02:18:27.452	0.62613	0.62614			6
2024.10.03	02:18:33.593	0.62612	0.62613			6
2024.10.03	02:18:48.165	0.62607	0.62608			6
2024.10.03	02:18:48.812	0.62608	0.62609			6
2024.10.03	02:19:00.147	0.62608				2
2024.10.03	02:19:05.921	0.62606	0.62607			6
2024.10.03	02:19:06.224	0.62604	0.62606			6
2024.10.03	02:19:06.667		0.62605			4
2024.10.03	02:19:07.067	0.62602	0.62603			6
2024.10.03	02:19:07.376	0.62603	0.62604			6
2024.10.03	02:19:13.360	0.62598	0.62602			6
2024.10.03	02:19:52.046	0.62595	0.62599			6
2024.10.03	02:19:52.359	0.62594	0.62598			6
2024.10.03	02:20:00.718	0.62594				2
2024.10.03	02:20:01.528	0.62593	0.62597			6
2024.10.03	02:20:02.620	0.62591	0.62595			6
2024.10.03	02:20:04.651	0.62597	0.62599			6
2024.10.03	02:20:05.010		0.62600			4
2024.10.03	02:20:07.750	0.62595	0.62599			6
2024.10.03	02:20:35.502	0.62596				2
2024.10.03	02:20:44.317	0.62597				2
2024.10.03	02:20:56.934	0.62598	0.62600			6
2024.10.03	02:20:59.728	0.62597				2
2024.10.03	02:21:00.458	0.62597				2
2024.10.03	02:21:01.036	0.62598				2
2024.10.03	02:21:02.952		0.62601			4
2024.10.03	02:21:03.267	0.62599				2
2024.10.03	02:21:09.560	0.62597	0.62600			6
2024.10.03	02:21:11.029	0.62598				2
2024.10.03	02:21:15.679	0.62597				2
2024.10.03	02:21:27.395	0.62596				2
2024.10.03	02:21:28.278	0.62599				2
2024.10.03	02:21:28.581	0.62596				2
2024.10.03	02:21:53.686	0.62595				2
2024.10.03	02:21:54.716	0.62601	0.62605			6
2024.10.03	02:22:00.816	0.62601				2
2024.10.03	02:22:02.484	0.62599				2
2024.10.03	02:22:07.383		0.62604			4
2024.10.03	02:22:23.663		0.62605			4
2024.10.03	02:22:42.886	0.62598	0.62603			6
2024.10.03	02:22:48.163	0.62602	0.62605			6
2024.10.03	02:22:48.622	0.62603	0.62606			6
2024.10.03	02:22:48.960	0.62606	0.62609			6
2024.10.03	02:22:49.321	0.62605				2
2024.10.03	02:22:51.024	0.62607	0.62610			6
2024.10.03	02:22:54.163	0.62606				2
2024.10.03	02:22:54.482	0.62605				2
2024.10.03	02:23:00.218	0.62605				2
2024.10.03	02:23:01.264		0.62609			4
2024.10.03	02:23:02.037	0.62603	0.62606			6
2024.10.03	02:23:02.344	0.62601				2
2024.10.03	02:23:07.474	0.62602				2
2024.10.03	02:23:15.421		0.62605			4
2024.10.03	02:23:19.646	0.62601				2
2024.10.03	02:23:22.121	0.62602				2
2024.10.03	02:23:23.156		0.62604			4
2024.10.03	02:23:24.325		0.62606			4
2024.10.03	02:23:24.836		0.62604			4
2024.10.03	02:23:25.496		0.62606			4
2024.10.03	02:23:26.684	0.62600	0.62605			6
2024.10.03	02:23:27.060	0.62599	0.62603			6
2024.10.03	02:23:28.438		0.62604			4
2024.10.03	02:23:28.738		0.62603			4
2024.10.03	02:23:31.416		0.62602			4
2024.10.03	02:23:35.486		0.62603			4
2024.10.03	02:23:44.346	0.62603	0.62606			6
2024.10.03	02:23:44.722		0.62605			4
2024.10.03	02:23:45.024		0.62606			4
2024.10.03	02:23:47.772	0.62602				2
2024.10.03	02:23:48.379	0.62603				2
2024.10.03	02:23:50.633	0.62602				2
2024.10.03	02:23:51.472	0.62603				2
2024.10.03	02:23:52.886	0.62602				2
2024.10.03	02:23:55.627	0.62603				2
2024.10.03	02:23:56.032	0.62604	0.62605			6
2024.10.03	02:23:56.337	0.62603	0.62607			6
2024.10.03	02:23:57.318		0.62608			4
2024.10.03	02:23:59.389	0.62604				2
2024.10.03	02:23:59.700	0.62603				2
2024.10.03	02:24:00.180	0.62603				2
2024.10.03	02:24:05.120	0.62604				2
2024.10.03	02:24:05.799	0.62606	0.62611			6
2024.10.03	02:24:07.059		0.62610			4
2024.10.03	02:24:11.570		0.62609			4
2024.10.03	02:24:12.274		0.62610			4
2024.10.03	02:24:17.680		0.62609			4
2024.10.03	02:24:33.158		0.62610			4
2024.10.03	02:24:37.012	0.62604	0.62609			6
2024.10.03	02:24:37.314	0.62605				2
2024.10.03	02:24:39.127	0.62606	0.62610			6
2024.10.03	02:24:39.492	0.62605	0.62609			6
2024.10.03	02:24:40.245	0.62606				2
2024.10.03	02:24:40.572		0.62610			4
2024.10.03	02:24:42.277		0.62609			4
2024.10.03	02:24:44.910	0.62605				2
2024.10.03	02:24:45.436		0.62608			4
2024.10.03	02:24:47.286	0.62603	0.62606			6
2024.10.03	02:24:51.622	0.62602				2
2024.10.03	02:24:54.250	0.62603				2
2024.10.03	02:24:55.625		0.62605			4
2024.10.03	02:24:58.796		0.62607			4
2024.10.03	02:24:59.229		0.62606			4
2024.10.03	02:24:59.603		0.62607			4
2024.10.03	02:24:59.921		0.62606			4
2024.10.03	02:25:00.233	0.62603	0.62605			6
2024.10.03	02:25:00.640		0.62606			4
2024.10.03	02:25:01.046		0.62607			4
2024.10.03	02:25:01.452		0.62606			4
2024.10.03	02:25:02.177		0.62607			4
2024.10.03	02:25:02.561	0.62604				2
2024.10.03	02:25:07.598	0.62603				2
2024.10.03	02:25:08.958		0.62606			4
2024.10.03	02:25:10.080		0.62607			4
2024.10.03	02:25:11.207		0.62606			4
2024.10.03	02:25:12.336		0.62607			4
2024.10.03	02:25:12.718		0.62606			4
2024.10.03	02:25:15.240	0.62602	0.62605			6
2024.10.03	02:25:15.953		0.62606			4
2024.10.03	02:25:17.521		0.62604			4
2024.10.03	02:25:18.519		0.62606			4
2024.10.03	02:25:21.004	0.62601	0.62604			6
2024.10.03	02:25:21.324	0.62602	0.62605			6
2024.10.03	02:25:22.370		0.62604			4
2024.10.03	02:25:24.092	0.62601	0.62605			6
2024.10.03	02:25:25.749	0.62604	0.62608			6
2024.10.03	02:25:29.241	0.62605				2
2024.10.03	02:25:29.543	0.62606	0.62611			6
2024.10.03	02:25:31.619		0.62610			4
2024.10.03	02:25:34.685		0.62609			4
2024.10.03	02:25:35.126		0.62610			4
2024.10.03	02:25:35.719		0.62609			4
2024.10.03	02:25:36.101		0.62610			4
2024.10.03	02:25:36.976		0.62609			4
2024.10.03	02:25:37.318		0.62610			4
2024.10.03	02:25:38.000		0.62609			4
2024.10.03	02:25:38.331		0.62610			4
2024.10.03	02:25:49.606		0.62609			4
2024.10.03	02:25:51.153		0.62610			4
2024.10.03	02:25:54.261		0.62609			4
2024.10.03	02:25:59.580	0.62605				2
2024.10.03	02:26:00.640	0.62605				2
2024.10.03	02:26:09.031	0.62604	0.62608			6
2024.10.03	02:26:25.234	0.62603	0.62605			6
2024.10.03	02:26:26.276		0.62606			4
2024.10.03	02:26:27.763	0.62604	0.62607			6
2024.10.03	02:26:30.036	0.62603				2
2024.10.03	02:26:36.564	0.62602	0.62606			6
2024.10.03	02:26:36.981		0.62605			4
2024.10.03	02:26:37.291	0.62599	0.62602			6
2024.10.03	02:26:43.016		0.62603			4
2024.10.03	02:26:45.189	0.62601	0.62605			6
2024.10.03	02:26:46.661		0.62606			4
2024.10.03	02:26:47.002		0.62605			4
2024.10.03	02:26:47.713	0.62602	0.62606			6
2024.10.03	02:26:48.093	0.62603				2
2024.10.03	02:26:49.674	0.62602	0.62605			6
2024.10.03	02:26:50.691	0.62601	0.62604			6
2024.10.03	02:27:00.029	0.62601	0.62605			6
2024.10.03	02:27:01.055	0.62602				2
2024.10.03	02:27:01.363	0.62603	0.62606			6
2024.10.03	02:27:06.428	0.62601	0.62604			6
2024.10.03	02:27:07.310	0.62602	0.62605			6
2024.10.03	02:27:07.654		0.62606			4
2024.10.03	02:27:16.722	0.62603				2
2024.10.03	02:27:19.776		0.62605			4
2024.10.03	02:27:20.140	0.62602	0.62606			6
2024.10.03	02:27:20.446		0.62605			4
2024.10.03	02:27:21.260		0.62606			4
2024.10.03	02:27:21.869		0.62605			4
2024.10.03	02:27:22.210		0.62606			4
2024.10.03	02:27:27.314	0.62603				2
2024.10.03	02:27:28.712		0.62605			4
2024.10.03	02:27:31.902		0.62606			4
2024.10.03	02:27:34.478		0.62605			4
2024.10.03	02:27:34.985		0.62606			4
2024.10.03	02:27:36.361		0.62605			4
2024.10.03	02:27:37.687	0.62602				2
2024.10.03	02:27:38.617	0.62603				2
2024.10.03	02:27:42.059	0.62602	0.62606			6
2024.10.03	02:27:45.264	0.62606	0.62610			6
2024.10.03	02:27:45.619	0.62608				2
2024.10.03	02:27:45.926		0.62611			4
2024.10.03	02:27:49.442	0.62607				2
2024.10.03	02:27:50.301	0.62608				2
2024.10.03	02:27:50.946	0.62607				2
2024.10.03	02:27:54.273	0.62608	0.62612			6
2024.10.03	02:27:54.906		0.62611			4
2024.10.03	02:27:55.936		0.62612			4
2024.10.03	02:28:00.716	0.62608				2
2024.10.03	02:28:03.076	0.62607				2
2024.10.03	02:28:12.841	0.62608				2
2024.10.03	02:28:13.221	0.62607				2
2024.10.03	02:28:13.855	0.62608				2
2024.10.03	02:28:33.096	0.62610	0.62614			6
2024.10.03	02:28:33.399	0.62611				2
2024.10.03	02:28:36.214	0.62606	0.62610			6
2024.10.03	02:28:36.525	0.62607				2
2024.10.03	02:28:37.784	0.62605				2
2024.10.03	02:28:40.002		0.62608			4
2024.10.03	02:28:40.916		0.62609			4
2024.10.03	02:28:44.134	0.62611	0.62612			6
2024.10.03	02:28:44.434		0.62614			4
2024.10.03	02:29:00.621	0.62611				2
2024.10.03	02:29:01.931	0.62609	0.62611			6
2024.10.03	02:29:11.073	0.62608	0.62610			6
2024.10.03	02:29:11.475	0.62607				2
2024.10.03	02:29:25.308	0.62606				2
2024.10.03	02:29:26.339	0.62607	0.62609			6
2024.10.03	02:29:27.151		0.62610			4
2024.10.03	02:29:49.710	0.62608	0.62611			6
2024.10.03	02:29:53.358	0.62607				2
2024.10.03	02:29:55.571	0.62608				2
2024.10.03	02:29:56.629	0.62607				2
2024.10.03	02:30:00.374	0.62607				2
2024.10.03	02:30:04.415	0.62606	0.62610			6
2024.10.03	02:30:04.949	0.62607				2
2024.10.03	02:30:06.636	0.62606	0.62609			6
2024.10.03	02:30:19.103	0.62607	0.62610			6
2024.10.03	02:30:21.599	0.62608				2
2024.10.03	02:30:21.912	0.62607				2
2024.10.03	02:30:34.079	0.62608	0.62611			6
2024.10.03	02:30:47.912	0.62610				2
2024.10.03	02:30:48.223	0.62609				2
2024.10.03	02:30:58.160	0.62608				2
2024.10.03	02:31:00.471	0.62607				2
2024.10.03	02:31:01.672		0.62610			4
2024.10.03	02:31:13.560	0.62604	0.62607			6
2024.10.03	02:31:16.879	0.62603	0.62606			6
2024.10.03	02:31:31.393	0.62604				2
2024.10.03	02:31:33.069	0.62605	0.62607			6
2024.10.03	02:31:34.246	0.62604				2
2024.10.03	02:31:46.494	0.62603				2
2024.10.03	02:31:48.428	0.62601				2
2024.10.03	02:31:49.369	0.62602				2
2024.10.03	02:31:50.480	0.62603				2
2024.10.03	02:32:00.292	0.62603				2
2024.10.03	02:32:01.252	0.62604				2
2024.10.03	02:32:02.121	0.62602				2
2024.10.03	02:32:02.684	0.62603				2
2024.10.03	02:32:20.423		0.62608			4
2024.10.03	02:32:26.930		0.62607			4
2024.10.03	02:32:48.831	0.62602	0.62606			6
2024.10.03	02:32:49.886		0.62607			4
2024.10.03	02:32:58.953		0.62606			4
2024.10.03	02:33:00.275	0.62602				2
2024.10.03	02:33:05.522	0.62601	0.62605			6
2024.10.03	02:33:06.468	0.62600	0.62603			6
2024.10.03	02:33:07.343		0.62604			4
2024.10.03	02:33:13.082	0.62601	0.62605			6
2024.10.03	02:33:22.706	0.62602				2
2024.10.03	02:33:25.165	0.62601				2
2024.10.03	02:33:27.526	0.62602				2
2024.10.03	02:33:35.399	0.62601				2
2024.10.03	02:33:36.555	0.62602				2
2024.10.03	02:33:42.374	0.62603	0.62606			6
2024.10.03	02:33:43.371	0.62604	0.62607			6
2024.10.03	02:33:43.989	0.62606	0.62610			6
2024.10.03	02:33:48.829		0.62608			4
2024.10.03	02:33:49.181		0.62610			4
2024.10.03	02:34:00.129	0.62606				2
2024.10.03	02:34:00.846		0.62611			4
2024.10.03	02:34:04.257	0.62607				2
2024.10.03	02:34:07.424	0.62606				2
2024.10.03	02:34:08.455	0.62607				2
2024.10.03	02:34:58.763	0.62605	0.62609			6
2024.10.03	02:34:59.076	0.62606	0.62610			6
2024.10.03	02:35:00.216	0.62607	0.62612			6
2024.10.03	02:35:00.720		0.62611			4
2024.10.03	02:35:24.734		0.62612			4
2024.10.03	02:35:25.043	0.62608				2
2024.10.03	02:35:27.698		0.62611			4
2024.10.03	02:35:28.078	0.62607				2
2024.10.03	02:35:31.245	0.62606	0.62610			6
2024.10.03	02:35:36.329		0.62611			4
2024.10.03	02:35:38.895		0.62610			4
2024.10.03	02:35:39.355		0.62611			4
2024.10.03	02:35:54.211		0.62610			4
2024.10.03	02:36:00.309	0.62606				2
2024.10.03	02:36:14.279		0.62611			4
2024.10.03	02:36:15.317	0.62607				2
2024.10.03	02:36:28.028		0.62612			4
2024.10.03	02:36:31.985		0.62611			4
2024.10.03	02:36:35.136	0.62608				2
2024.10.03	02:36:35.471	0.62606	0.62609			6
2024.10.03	02:36:36.760	0.62604				2
2024.10.03	02:37:00.371	0.62604				2
2024.10.03	02:37:00.712	0.62605	0.62610			6
2024.10.03	02:37:10.889	0.62606				2
2024.10.03	02:37:14.662	0.62602	0.62607			6
2024.10.03	02:37:15.103		0.62606			4
2024.10.03	02:37:19.534		0.62607			4
2024.10.03	02:37:27.202	0.62605	0.62610			6
2024.10.03	02:37:27.714	0.62607	0.62612			6
2024.10.03	02:37:32.949		0.62611			4
2024.10.03	02:37:44.421		0.62612			4
2024.10.03	02:37:50.410		0.62611			4
2024.10.03	02:37:53.196		0.62612			4
2024.10.03	02:38:01.164	0.62607				2
2024.10.03	02:38:09.718	0.62608	0.62613			6
2024.10.03	02:38:18.022	0.62611	0.62614			6
2024.10.03	02:38:18.348		0.62616			4
2024.10.03	02:38:21.387	0.62612				2
2024.10.03	02:38:23.884	0.62610	0.62614			6
2024.10.03	02:38:26.364	0.62611				2
2024.10.03	02:38:27.801		0.62615			4
2024.10.03	02:38:31.490		0.62616			4
2024.10.03	02:38:33.566	0.62612				2
2024.10.03	02:38:38.856		0.62615			4
2024.10.03	02:38:39.164	0.62608	0.62611			6
2024.10.03	02:38:42.348		0.62613			4
2024.10.03	02:38:48.683	0.62610	0.62615			6
2024.10.03	02:38:49.741		0.62614			4
2024.10.03	02:38:52.059		0.62615			4
2024.10.03	02:38:52.421	0.62611	0.62616			6
2024.10.03	02:38:57.068		0.62614			4
2024.10.03	02:39:00.501	0.62610				2
2024.10.03	02:39:11.003	0.62607	0.62611			6
2024.10.03	02:39:12.877		0.62612			4
2024.10.03	02:39:13.960	0.62608				2
2024.10.03	02:40:00.155	0.62608				2
2024.10.03	02:40:07.193	0.62610				2
2024.10.03	02:40:07.503		0.62614			4
2024.10.03	02:40:12.502	0.62609	0.62613			6
2024.10.03	02:40:23.187	0.62610	0.62615			6
2024.10.03	02:40:25.913	0.62611				2
2024.10.03	02:40:33.264		0.62616			4
2024.10.03	02:40:33.569		0.62614			4
2024.10.03	02:40:37.414	0.62608	0.62612			6
2024.10.03	02:40:37.853	0.62607	0.62611			6
2024.10.03	02:40:42.256		0.62612			4
2024.10.03	02:40:44.177	0.62608	0.62613			6
2024.10.03	02:40:51.373		0.62612			4
2024.10.03	02:40:52.598		0.62613			4
2024.10.03	02:40:55.177		0.62612			4
2024.10.03	02:41:00.023	0.62608				2
2024.10.03	02:41:11.762		0.62613			4
2024.10.03	02:41:12.245	0.62609				2
2024.10.03	02:41:12.573	0.62608				2
2024.10.03	02:41:30.228	0.62609	0.62615			6
2024.10.03	02:41:31.201	0.62610				2
2024.10.03	02:41:33.158	0.62613	0.62618			6
2024.10.03	02:41:36.251		0.62617			4
2024.10.03	02:41:52.926	0.62612	0.62618			6
2024.10.03	02:42:00.409	0.62612				2
2024.10.03	02:42:03.239	0.62611	0.62614			6
2024.10.03	02:42:05.219	0.62610	0.62613			6
2024.10.03	02:42:09.814		0.62614			4
2024.10.03	02:42:23.061	0.62609	0.62613			6
2024.10.03	02:42:27.351		0.62614			4
2024.10.03	02:42:32.036		0.62613			4
2024.10.03	02:42:37.753	0.62608	0.62612			6
2024.10.03	02:43:00.414	0.62608				2
2024.10.03	02:43:06.331		0.62613			4
2024.10.03	02:43:26.255		0.62612			4
2024.10.03	02:43:32.010	0.62606	0.62611			6
2024.10.03	02:43:41.622	0.62607				2
2024.10.03	02:43:43.185	0.62606				2
2024.10.03	02:43:45.440	0.62607				2
2024.10.03	02:43:49.159		0.62610			4
2024.10.03	02:43:49.617		0.62611			4
2024.10.03	02:43:52.750		0.62610			4
2024.10.03	02:44:00.093	0.62608				2
2024.10.03	02:44:27.430	0.62606				2
2024.10.03	02:44:34.721	0.62605				2
2024.10.03	02:44:35.023	0.62603	0.62606			6
2024.10.03	02:44:42.389	0.62602				2
2024.10.03	02:44:46.822	0.62603	0.62607			6
2024.10.03	02:44:48.343	0.62604	0.62608			6
2024.10.03	02:44:49.330	0.62601	0.62605			6
2024.10.03	02:44:49.644	0.62599	0.62602			6
2024.10.03	02:44:54.310	0.62595	0.62599			6
2024.10.03	02:44:54.624		0.62600			4
2024.10.03	02:44:54.990	0.62598				2
2024.10.03	02:44:55.303		0.62601			4
2024.10.03	02:44:55.650	0.62596	0.62600			6
2024.10.03	02:44:57.153	0.62597				2
2024.10.03	02:44:58.340	0.62595	0.62598			6
2024.10.03	02:44:59.632	0.62593	0.62597			6
2024.10.03	02:45:00.064	0.62593				2
2024.10.03	02:45:01.386	0.62595	0.62598			6
2024.10.03	02:45:01.693	0.62596	0.62599			6
2024.10.03	02:45:03.272		0.62600			4
2024.10.03	02:45:05.257	0.62599	0.62601			6
2024.10.03	02:45:05.865		0.62602			4
2024.10.03	02:45:06.612	0.62598	0.62601			6
2024.10.03	02:45:06.956	0.62596	0.62600			6
2024.10.03	02:45:07.309	0.62595	0.62599			6
2024.10.03	02:45:11.893	0.62596				2
2024.10.03	02:45:12.212	0.62595				2
2024.10.03	02:45:14.189	0.62596				2
2024.10.03	02:45:16.067	0.62595				2
2024.10.03	02:45:18.528	0.62596				2
2024.10.03	02:45:20.021	0.62595				2
2024.10.03	02:45:21.184	0.62596				2
2024.10.03	02:45:22.234	0.62595				2
2024.10.03	02:45:24.630	0.62597	0.62600			6
2024.10.03	02:45:49.712	0.62596				2
2024.10.03	02:45:50.060	0.62597				2
2024.10.03	02:46:00.510	0.62596	0.62599			6
2024.10.03	02:46:15.605	0.62600	0.62604			6
2024.10.03	02:46:17.019	0.62601				2
2024.10.03	02:46:18.273	0.62600				2
2024.10.03	02:46:21.341		0.62603			4
2024.10.03	02:46:27.290	0.62597	0.62601			6
2024.10.03	02:46:27.598		0.62600			4
2024.10.03	02:46:29.772	0.62600	0.62605			6
2024.10.03	02:46:30.122		0.62604			4
2024.10.03	02:46:30.514		0.62605			4
2024.10.03	02:46:30.829		0.62604			4
2024.10.03	02:46:32.902	0.62604	0.62609			6
2024.10.03	02:46:33.226	0.62603	0.62607			6
2024.10.03	02:46:33.542		0.62606			4
2024.10.03	02:46:34.777	0.62602				2
2024.10.03	02:46:37.943	0.62601	0.62604			6
2024.10.03	02:46:39.418		0.62605			4
2024.10.03	02:46:39.955	0.62599	0.62604			6
2024.10.03	02:46:41.604	0.62600	0.62602			6
2024.10.03	02:46:41.921		0.62603			4
2024.10.03	02:46:45.554		0.62602			4
2024.10.03	02:46:45.922	0.62599				2
2024.10.03	02:46:46.636	0.62600	0.62601			6
2024.10.03	02:46:47.015		0.62602			4
2024.10.03	02:46:50.720		0.62601			4
2024.10.03	02:46:55.422	0.62598	0.62600			6
2024.10.03	02:46:56.807	0.62599	0.62602			6
2024.10.03	02:46:57.833	0.62598	0.62600			6
2024.10.03	02:47:02.435	0.62599				2
2024.10.03	02:47:03.802	0.62598				2
2024.10.03	02:47:05.488		0.62601			4
2024.10.03	02:47:05.798		0.62600			4
2024.10.03	02:47:06.235	0.62599	0.62601			6
2024.10.03	02:47:11.645	0.62596	0.62600			6
2024.10.03	02:47:12.099		0.62599			4
2024.10.03	02:47:12.428		0.62600			4
2024.10.03	02:47:12.983		0.62599			4
2024.10.03	02:47:13.300		0.62600			4
2024.10.03	02:47:14.894	0.62597				2
2024.10.03	02:47:15.536	0.62594	0.62598			6
2024.10.03	02:47:16.538	0.62593	0.62597			6
2024.10.03	02:47:16.843		0.62596			4
2024.10.03	02:47:19.122	0.62592	0.62595			6
2024.10.03	02:47:22.443		0.62594			4
2024.10.03	02:47:23.493		0.62595			4
2024.10.03	02:47:23.840		0.62594			4
2024.10.03	02:47:24.554		0.62595			4
2024.10.03	02:47:24.856	0.62590	0.62594			6
2024.10.03	02:47:25.771		0.62593			4
2024.10.03	02:47:26.133		0.62595			4
2024.10.03	02:47:35.381	0.62587	0.62591			6
2024.10.03	02:47:37.354	0.62582	0.62586			6
2024.10.03	02:47:37.665	0.62583				2
2024.10.03	02:47:38.346	0.62584	0.62587			6
2024.10.03	02:47:41.980		0.62588			4
2024.10.03	02:47:45.578	0.62583	0.62587			6
2024.10.03	02:47:46.598		0.62589			4
2024.10.03	02:47:46.959	0.62584	0.62587			6
2024.10.03	02:47:47.270		0.62589			4
2024.10.03	02:47:48.767	0.62586	0.62590			6
2024.10.03	02:47:49.337		0.62591			4
2024.10.03	02:47:50.802		0.62590			4
2024.10.03	02:47:59.889	0.62587				2
2024.10.03	02:48:00.205	0.62589	0.62592			6
2024.10.03	02:48:02.849		0.62594			4
2024.10.03	02:48:06.976	0.62591	0.62595			6
2024.10.03	02:48:07.367		0.62596			4
2024.10.03	02:48:07.752	0.62592				2
2024.10.03	02:48:09.619	0.62595	0.62600			6
2024.10.03	02:48:10.472		0.62601			4
2024.10.03	02:48:10.853		0.62600			4
2024.10.03	02:48:12.055		0.62599			4
2024.10.03	02:48:12.447		0.62598			4
2024.10.03	02:48:16.747		0.62599			4
2024.10.03	02:48:25.311		0.62600			4
2024.10.03	02:48:26.723	0.62596	0.62601			6
2024.10.03	02:48:27.840	0.62597				2
2024.10.03	02:48:28.511	0.62598	0.62602			6
2024.10.03	02:48:31.925		0.62603			4
2024.10.03	02:48:32.288		0.62602			4
2024.10.03	02:48:32.888	0.62597				2
2024.10.03	02:48:33.203	0.62595	0.62600			6
2024.10.03	02:48:34.062		0.62599			4
2024.10.03	02:48:34.717		0.62601			4
2024.10.03	02:48:37.170		0.62600			4
2024.10.03	02:48:38.941		0.62601			4
2024.10.03	02:48:39.429		0.62600			4
2024.10.03	02:48:47.351		0.62599			4
2024.10.03	02:48:48.129		0.62600			4
2024.10.03	02:48:53.552	0.62598	0.62601			6
2024.10.03	02:48:58.499		0.62602			4
2024.10.03	02:49:01.140	0.62598	0.62601			6
2024.10.03	02:49:01.447		0.62602			4
2024.10.03	02:49:02.801	0.62600	0.62603			6
2024.10.03	02:49:03.433	0.62599	0.62602			6
2024.10.03	02:49:04.999		0.62603			4
2024.10.03	02:49:14.006		0.62602			4
2024.10.03	02:49:15.734		0.62603			4
2024.10.03	02:49:20.538		0.62602			4
2024.10.03	02:49:20.841	0.62598				2
2024.10.03	02:49:22.847	0.62596	0.62600			6
2024.10.03	02:49:24.342	0.62595	0.62601			6
2024.10.03	02:49:26.211		0.62600			4
2024.10.03	02:49:30.439	0.62596				2
2024.10.03	02:49:30.749		0.62601			4
2024.10.03	02:49:35.928		0.62600			4
2024.10.03	02:49:42.523		0.62601			4
2024.10.03	02:49:44.360		0.62600			4
2024.10.03	02:49:44.721		0.62601			4
2024.10.03	02:49:45.038		0.62600			4
2024.10.03	02:49:45.429		0.62601			4
2024.10.03	02:49:46.079		0.62600			4
2024.10.03	02:50:00.554	0.62596				2
2024.10.03	02:50:00.906	0.62598				2
2024.10.03	02:50:01.222	0.62597				2
2024.10.03	02:50:15.121	0.62599				2
2024.10.03	02:50:15.477	0.62602	0.62604			6
2024.10.03	02:50:15.797		0.62606			4
2024.10.03	02:50:17.852		0.62605			4
2024.10.03	02:50:18.208		0.62606			4
2024.10.03	02:50:18.968		0.62605			4
2024.10.03	02:50:19.381		0.62606			4
2024.10.03	02:50:19.909		0.62605			4
2024.10.03	02:50:20.277		0.62606			4
2024.10.03	02:50:20.801	0.62603	0.62605			6
2024.10.03	02:50:25.154	0.62605	0.62606			6
2024.10.03	02:50:25.463	0.62610	0.62614			6
2024.10.03	02:50:28.396	0.62609	0.62613			6
2024.10.03	02:50:29.023		0.62614			4
2024.10.03	02:50:29.637	0.62610				2
2024.10.03	02:50:32.963	0.62611				2
2024.10.03	02:50:33.301	0.62613	0.62616			6
2024.10.03	02:50:34.698	0.62612	0.62615			6
2024.10.03	02:50:35.002	0.62611				2
2024.10.03	02:50:46.213	0.62612	0.62616			6
2024.10.03	02:50:48.215	0.62611				2
2024.10.03	02:50:50.571	0.62612				2
2024.10.03	02:50:50.882	0.62613				2
2024.10.03	02:50:51.381	0.62612				2
2024.10.03	02:50:53.064	0.62613	0.62617			6
2024.10.03	02:50:53.367	0.62614	0.62618			6
2024.10.03	02:50:55.639		0.62617			4
2024.10.03	02:50:56.018	0.62615	0.62620			6
2024.10.03	02:50:56.324	0.62617	0.62621			6
2024.10.03	02:50:56.634	0.62615	0.62620			6
2024.10.03	02:50:57.030	0.62617	0.62621			6
2024.10.03	02:51:00.196	0.62617				2
2024.10.03	02:51:07.313	0.62618				2
2024.10.03	02:51:07.804	0.62617				2
2024.10.03	02:51:11.424		0.62622			4
2024.10.03	02:51:12.048	0.62619	0.62623			6
2024.10.03	02:51:16.121		0.62621			4
2024.10.03	02:51:16.524		0.62623			4
2024.10.03	02:51:16.978		0.62621			4
2024.10.03	02:51:18.882	0.62617				2
2024.10.03	02:51:19.676	0.62619				2
2024.10.03	02:51:20.006		0.62623			4
2024.10.03	02:51:20.315		0.62621			4
2024.10.03	02:51:21.932	0.62617				2
2024.10.03	02:51:23.640		0.62620			4
2024.10.03	02:51:24.040		0.62621			4
2024.10.03	02:51:25.004		0.62620			4
2024.10.03	02:51:25.321	0.62616	0.62619			6
2024.10.03	02:51:41.348		0.62620			4
2024.10.03	02:51:42.214	0.62618				2
2024.10.03	02:51:42.563	0.62617				2
2024.10.03	02:51:44.981	0.62615	0.62617			6
2024.10.03	02:51:45.762		0.62618			4
2024.10.03	02:51:48.046	0.62613	0.62617			6
2024.10.03	02:51:48.438	0.62614	0.62618			6
2024.10.03	02:51:49.434	0.62613	0.62617			6
2024.10.03	02:51:50.765		0.62615			4
2024.10.03	02:51:51.083	0.62610	0.62614			6
2024.10.03	02:51:56.705	0.62609				2
2024.10.03	02:52:01.253	0.62609				2
2024.10.03	02:52:10.052		0.62613			4
2024.10.03	02:52:11.019	0.62607	0.62612			6
2024.10.03	02:52:11.339		0.62613			4
2024.10.03	02:52:13.180	0.62609				2
2024.10.03	02:52:13.481	0.62608	0.62614			6
2024.10.03	02:52:17.610	0.62610	0.62615			6
2024.10.03	02:52:17.919	0.62609	0.62614			6
2024.10.03	02:52:18.846	0.62608	0.62613			6
2024.10.03	02:52:24.367		0.62612			4
2024.10.03	02:52:31.860		0.62613			4
2024.10.03	02:52:33.659		0.62612			4
2024.10.03	02:52:38.870		0.62614			4
2024.10.03	02:52:41.089	0.62616	0.62621			6
2024.10.03	02:52:41.402	0.62618	0.62622			6
2024.10.03	02:52:41.811		0.62623			4
2024.10.03	02:52:42.632	0.62620	0.62626			6
2024.10.03	02:52:42.951	0.62622	0.62627			6
2024.10.03	02:52:44.000	0.62621				2
2024.10.03	02:52:45.039		0.62626			4
2024.10.03	02:52:45.708	0.62624	0.62629			6
2024.10.03	02:52:46.682		0.62628			4
2024.10.03	02:52:47.010	0.62622	0.62627			6
2024.10.03	02:52:50.199		0.62626			4
2024.10.03	02:52:56.166		0.62627			4
2024.10.03	02:52:56.478		0.62626			4
2024.10.03	02:52:58.723	0.62619	0.62624			6
2024.10.03	02:52:59.273		0.62623			4
2024.10.03	02:52:59.575	0.62620	0.62624			6
2024.10.03	02:53:00.573	0.62620				2
2024.10.03	02:53:01.307		0.62623			4
2024.10.03	02:53:01.621		0.62624			4
2024.10.03	02:53:11.097	0.62621	0.62626			6
2024.10.03	02:53:11.928		0.62625			4
2024.10.03	02:53:13.023	0.62619	0.62623			6
2024.10.03	02:53:13.722	0.62615	0.62619			6
2024.10.03	02:53:15.361		0.62618			4
2024.10.03	02:53:17.418	0.62614				2
2024.10.03	02:53:26.426		0.62616			4
2024.10.03	02:53:46.785	0.62615				2
2024.10.03	02:53:47.980	0.62616	0.62617			6
2024.10.03	02:53:48.846	0.62614	0.62616			6
2024.10.03	02:53:51.743		0.62618			4
2024.10.03	02:53:59.825		0.62619			4
2024.10.03	02:54:00.197	0.62618	0.62622			6
2024.10.03	02:54:01.296	0.62619	0.62623			6
2024.10.03	02:54:02.174	0.62618				2
2024.10.03	02:54:02.492		0.62621			4
2024.10.03	02:54:04.723		0.62622			4
2024.10.03	02:54:12.211	0.62617				2
2024.10.03	02:54:24.726	0.62615	0.62618			6
2024.10.03	02:54:25.036		0.62619			4
2024.10.03	02:54:25.906		0.62618			4
2024.10.03	02:54:27.438	0.62613				2
2024.10.03	02:54:35.615	0.62614				2
2024.10.03	02:54:45.983	0.62619	0.62624			6
2024.10.03	02:54:46.290		0.62623			4
2024.10.03	02:54:50.600	0.62617	0.62622			6
2024.10.03	02:54:50.902		0.62623			4
2024.10.03	02:54:56.808	0.62619	0.62624			6
2024.10.03	02:54:57.129	0.62620	0.62623			6
2024.10.03	02:55:02.211	0.62619				2
2024.10.03	02:55:07.606	0.62620				2
2024.10.03	02:55:13.632	0.62618	0.62621			6
2024.10.03	02:55:15.061	0.62613	0.62618			6
2024.10.03	02:55:15.363		0.62617			4
2024.10.03	02:55:22.196	0.62615	0.62619			6
2024.10.03	02:55:24.096	0.62614	0.62618			6
2024.10.03	02:55:27.465	0.62613	0.62617			6
2024.10.03	02:55:31.363	0.62612	0.62616			6
2024.10.03	02:55:33.756	0.62614	0.62617			6
2024.10.03	02:55:34.416	0.62615	0.62620			6
2024.10.03	02:55:40.125		0.62619			4
2024.10.03	02:55:40.717	0.62612	0.62616			6
2024.10.03	02:55:41.023	0.62613				2
2024.10.03	02:55:41.352	0.62612				2
2024.10.03	02:55:41.692		0.62615			4
2024.10.03	02:55:46.518		0.62616			4
2024.10.03	02:55:49.830	0.62614	0.62618			6
2024.10.03	02:55:52.818	0.62615				2
2024.10.03	02:55:54.201	0.62614	0.62619			6
2024.10.03	02:55:56.146		0.62618			4
2024.10.03	02:56:00.457	0.62614				2
2024.10.03	02:56:03.386	0.62615				2
2024.10.03	02:56:03.753	0.62614				2
2024.10.03	02:56:15.736	0.62613	0.62616			6
2024.10.03	02:56:16.267	0.62614				2
2024.10.03	02:56:17.670		0.62615			4
2024.10.03	02:56:20.610	0.62611	0.62613			6
2024.10.03	02:56:20.910	0.62610	0.62612			6
2024.10.03	02:56:21.223	0.62609				2
2024.10.03	02:56:22.671		0.62611			4
2024.10.03	02:56:24.373	0.62610	0.62613			6
2024.10.03	02:56:25.575	0.62611				2
2024.10.03	02:56:27.909	0.62614	0.62618			6
2024.10.03	02:56:28.233		0.62616			4
2024.10.03	02:56:29.201	0.62611	0.62613			6
2024.10.03	02:56:29.511	0.62612	0.62614			6
2024.10.03	02:56:30.688	0.62615	0.62618			6
2024.10.03	02:56:31.460		0.62617			4
2024.10.03	02:56:36.007	0.62614	0.62616			6
2024.10.03	02:56:37.066	0.62616	0.62618			6
2024.10.03	02:56:40.797		0.62617			4
2024.10.03	02:56:41.901		0.62618			4
2024.10.03	02:57:00.419	0.62616				2
2024.10.03	02:57:02.374	0.62617				2
2024.10.03	02:57:11.208	0.62616				2
2024.10.03	02:57:30.167	0.62615	0.62616			6
2024.10.03	02:57:30.482	0.62614				2
2024.10.03	02:57:32.303		0.62615			4
2024.10.03	02:57:36.942	0.62613	0.62614			6
2024.10.03	02:57:37.963	0.62609	0.62612			6
2024.10.03	02:57:38.268		0.62613			4
2024.10.03	02:57:39.829	0.62611	0.62614			6
2024.10.03	02:57:45.420	0.62610	0.62612			6
2024.10.03	02:57:46.167	0.62609	0.62613			6
2024.10.03	02:57:49.715	0.62611	0.62614			6
2024.10.03	02:57:50.086	0.62610	0.62613			6
2024.10.03	02:57:50.407	0.62609	0.62611			6
2024.10.03	02:57:50.741	0.62605	0.62608			6
2024.10.03	02:57:59.751	0.62606	0.62609			6
2024.10.03	02:58:00.160	0.62606				2
2024.10.03	02:58:05.905	0.62605	0.62608			6
2024.10.03	02:58:11.940		0.62607			4
2024.10.03	02:58:16.222	0.62604				2
2024.10.03	02:58:21.722	0.62601	0.62604			6
2024.10.03	02:58:22.025	0.62600				2
2024.10.03	02:58:27.373	0.62601	0.62605			6
2024.10.03	02:58:29.444	0.62602				2
2024.10.03	02:58:30.753	0.62601	0.62604			6
2024.10.03	02:58:34.314		0.62606			4
2024.10.03	02:58:38.093		0.62605			4
2024.10.03	02:58:45.450	0.62598	0.62603			6
2024.10.03	02:58:48.198	0.62597	0.62600			6
2024.10.03	02:58:50.813		0.62599			4
2024.10.03	02:58:51.448	0.62594	0.62598			6
2024.10.03	02:58:52.251		0.62597			4
2024.10.03	02:58:55.276		0.62598			4
2024.10.03	02:58:57.875	0.62592	0.62595			6
2024.10.03	02:59:00.341	0.62592				2
2024.10.03	02:59:03.512	0.62591	0.62594			6
2024.10.03	02:59:06.171	0.62592				2
2024.10.03	02:59:06.496		0.62595			4
2024.10.03	02:59:09.421		0.62596			4
2024.10.03	02:59:19.625	0.62591	0.62594			6
2024.10.03	02:59:29.509	0.62589	0.62592			6
2024.10.03	02:59:33.722	0.62588	0.62590			6
2024.10.03	02:59:36.754		0.62591			4
2024.10.03	02:59:38.495	0.62587				2
2024.10.03	02:59:38.802		0.62590			4
2024.10.03	02:59:42.835	0.62584	0.62588			6
2024.10.03	02:59:44.415	0.62586	0.62589			6
2024.10.03	02:59:45.861	0.62585	0.62588			6
2024.10.03	02:59:46.768		0.62589			4
2024.10.03	02:59:47.455	0.62583	0.62587			6
2024.10.03	02:59:50.874		0.62586			4
2024.10.03	02:59:53.135		0.62585			4
2024.10.03	02:59:53.468	0.62581				2
2024.10.03	03:00:00.322	0.62583				2
2024.10.03	03:00:00.624		0.62584			4
2024.10.03	03:00:02.451	0.62582				2
2024.10.03	03:00:05.313	0.62576	0.62580			6
2024.10.03	03:00:05.619	0.62575	0.62579			6
2024.10.03	03:00:05.973	0.62576				2
2024.10.03	03:00:06.279	0.62573	0.62576			6
2024.10.03	03:00:06.899	0.62574				2
2024.10.03	03:00:07.316		0.62575			4
2024.10.03	03:00:07.621	0.62575	0.62576			6
2024.10.03	03:00:08.474	0.62574	0.62575			6
2024.10.03	03:00:09.916	0.62572				2
2024.10.03	03:00:10.223	0.62571				2
2024.10.03	03:00:10.915	0.62572				2
2024.10.03	03:00:12.031	0.62574				2
2024.10.03	03:00:12.371	0.62573				2
2024.10.03	03:00:14.192	0.62574				2
2024.10.03	03:00:16.281	0.62579	0.62580			6
2024.10.03	03:00:17.969	0.62578				2
2024.10.03	03:00:18.444	0.62579				2
2024.10.03	03:00:18.777		0.62581			4
2024.10.03	03:00:20.070	0.62580				2
2024.10.03	03:00:20.408	0.62579				2
2024.10.03	03:00:21.097	0.62580				2
2024.10.03	03:00:24.869	0.62575	0.62577			6
2024.10.03	03:00:25.180	0.62574	0.62576			6
2024.10.03	03:00:29.282		0.62575			4
2024.10.03	03:00:29.597	0.62572	0.62574			6
2024.10.03	03:00:30.358	0.62573	0.62576			6
2024.10.03	03:00:31.326	0.62572	0.62575			6
2024.10.03	03:00:32.340	0.62575	0.62576			6
2024.10.03	03:00:32.644	0.62574				2
2024.10.03	03:00:35.740		0.62578			4
2024.10.03	03:00:38.671	0.62575				2
2024.10.03	03:00:44.195	0.62574				2
2024.10.03	03:00:45.099	0.62573	0.62577			6
2024.10.03	03:00:45.409		0.62576			4
2024.10.03	03:00:47.356	0.62574	0.62578			6
2024.10.03	03:00:47.687	0.62575	0.62579			6
2024.10.03	03:00:48.769	0.62574	0.62578			6
2024.10.03	03:00:49.527	0.62575	0.62579			6
2024.10.03	03:00:49.882		0.62578			4
2024.10.03	03:00:51.175	0.62573	0.62577			6
2024.10.03	03:00:52.067	0.62577	0.62578			6
2024.10.03	03:00:52.386		0.62580			4
2024.10.03	03:00:54.227	0.62576				2
2024.10.03	03:00:56.353	0.62575	0.62579			6
2024.10.03	03:00:57.456		0.62580			4
2024.10.03	03:00:57.759	0.62576				2
2024.10.03	03:00:59.134	0.62577				2
2024.10.03	03:00:59.444	0.62576	0.62581			6
2024.10.03	03:01:00.026	0.62581	0.62585			6
2024.10.03	03:01:00.343	0.62582				2
2024.10.03	03:01:01.329	0.62581	0.62584			6
2024.10.03	03:01:01.644	0.62580	0.62583			6
2024.10.03	03:01:03.304		0.62584			4
2024.10.03	03:01:05.562	0.62578	0.62582			6
2024.10.03	03:01:06.813	0.62577	0.62581			6
2024.10.03	03:01:07.591	0.62574	0.62577			6
2024.10.03	03:01:09.558	0.62572	0.62575			6
2024.10.03	03:01:09.875		0.62576			4
2024.10.03	03:01:10.415	0.62573				2
2024.10.03	03:01:10.754	0.62572	0.62575			6
2024.10.03	03:01:12.040	0.62571				2
2024.10.03	03:01:12.366	0.62572	0.62576			6
2024.10.03	03:01:15.196		0.62577			4
2024.10.03	03:01:15.503	0.62574	0.62578			6
2024.10.03	03:01:15.841	0.62572	0.62576			6
2024.10.03	03:01:26.248	0.62571				2
2024.10.03	03:01:28.677		0.62574			4
2024.10.03	03:01:31.574		0.62575			4
2024.10.03	03:01:33.414	0.62569	0.62574			6
2024.10.03	03:01:33.718		0.62573			4
2024.10.03	03:01:35.113	0.62570	0.62574			6
2024.10.03	03:01:36.408	0.62574	0.62577			6
2024.10.03	03:01:37.541	0.62573	0.62576			6
2024.10.03	03:01:37.866	0.62572	0.62575			6
2024.10.03	03:01:40.500	0.62570	0.62574			6
2024.10.03	03:01:40.831		0.62573			4
2024.10.03	03:01:42.039	0.62567	0.62572			6
2024.10.03	03:01:42.357		0.62571			4
2024.10.03	03:01:44.345		0.62572			4
2024.10.03	03:01:44.657	0.62570	0.62573			6
2024.10.03	03:01:44.962	0.62568	0.62572			6
2024.10.03	03:01:46.220		0.62571			4
2024.10.03	03:01:49.655	0.62567				2
2024.10.03	03:01:50.247		0.62572			4
2024.10.03	03:01:50.592		0.62571			4
2024.10.03	03:01:51.455	0.62569	0.62572			6
2024.10.03	03:01:51.763	0.62571	0.62574			6
2024.10.03	03:01:52.082	0.62570	0.62573			6
2024.10.03	03:01:52.401		0.62574			4
2024.10.03	03:01:52.703	0.62568	0.62571			6
2024.10.03	03:01:54.051		0.62570			4
2024.10.03	03:01:54.494	0.62567				2
2024.10.03	03:01:54.811	0.62568				2
2024.10.03	03:01:55.761	0.62570	0.62572			6
2024.10.03	03:01:56.865		0.62573			4
2024.10.03	03:01:58.979	0.62569				2
2024.10.03	03:02:00.046	0.62569				2
2024.10.03	03:02:01.203		0.62572			4
2024.10.03	03:02:02.210	0.62572	0.62574			6
2024.10.03	03:02:02.522	0.62567	0.62572			6
2024.10.03	03:02:02.843	0.62568				2
2024.10.03	03:02:03.445		0.62571			4
2024.10.03	03:02:04.166	0.62570	0.62574			6
2024.10.03	03:02:07.921	0.62571				2
2024.10.03	03:02:08.223	0.62570	0.62573			6
2024.10.03	03:02:09.556	0.62569				2
2024.10.03	03:02:10.743		0.62572			4
2024.10.03	03:02:11.065	0.62567				2
2024.10.03	03:02:14.964	0.62568	0.62570			6
2024.10.03	03:02:16.563	0.62566				2
2024.10.03	03:02:17.252		0.62569			4
2024.10.03	03:02:19.274	0.62565	0.62568			6
2024.10.03	03:02:19.588	0.62562	0.62565			6
2024.10.03	03:02:21.406	0.62563				2
2024.10.03	03:02:23.825	0.62562				2
2024.10.03	03:02:28.074	0.62566	0.62569			6
2024.10.03	03:02:31.875	0.62563	0.62566			6
2024.10.03	03:02:32.683	0.62562	0.62565			6
2024.10.03	03:02:33.125	0.62561				2
2024.10.03	03:02:33.469		0.62564			4
2024.10.03	03:02:34.043		0.62563			4
2024.10.03	03:02:40.764	0.62560				2
2024.10.03	03:02:43.682	0.62557	0.62559			6
2024.10.03	03:02:44.207		0.62560			4
2024.10.03	03:02:44.509		0.62559			4
2024.10.03	03:02:57.373	0.62556				2
2024.10.03	03:03:00.015	0.62556				2
2024.10.03	03:03:00.328	0.62558	0.62560			6
2024.10.03	03:03:07.800	0.62562	0.62563			6
2024.10.03	03:03:09.335	0.62563	0.62565			6
2024.10.03	03:03:09.855	0.62564				2
2024.10.03	03:03:11.756	0.62563				2
2024.10.03	03:03:12.398	0.62561	0.62564			6
2024.10.03	03:03:12.745		0.62563			4
2024.10.03	03:03:14.370		0.62562			4
2024.10.03	03:03:17.563		0.62563			4
2024.10.03	03:03:17.883	0.62564	0.62565			6
