<DATE>	<TIME>	<BID>	<ASK>	<LAST>	<VOLUME>	<FLAGS>
2024.09.10	00:00:00.450	0.61372	0.61543			6
2024.09.10	00:00:00.833	0.61377				2
2024.09.10	00:00:13.525	0.61342	0.61542			6
2024.09.10	00:00:55.370	0.61344	0.61544			6
2024.09.10	00:01:00.484	0.61351	0.61551			6
2024.09.10	00:02:00.594	0.61346	0.61546			6
2024.09.10	00:03:00.611	0.61413	0.61465			6
2024.09.10	00:03:01.613		0.61464			4
2024.09.10	00:04:01.583	0.61413				2
2024.09.10	00:04:04.675		0.61464			4
2024.09.10	00:05:00.519	0.61413				2
2024.09.10	00:05:07.063		0.61464			4
2024.09.10	00:05:54.871	0.61408				2
2024.09.10	00:06:02.603	0.61408				2
2024.09.10	00:06:31.061		0.61464			4
2024.09.10	00:06:43.530		0.61469			4
2024.09.10	00:07:01.596	0.61408				2
2024.09.10	00:07:15.061		0.61464			4
2024.09.10	00:07:15.402	0.61405				2
2024.09.10	00:07:28.588	0.61387				2
2024.09.10	00:07:35.883	0.61390				2
2024.09.10	00:07:36.197	0.61387				2
2024.09.10	00:07:36.510	0.61390				2
2024.09.10	00:07:36.819	0.61387				2
2024.09.10	00:08:00.577	0.61389				2
2024.09.10	00:08:03.509	0.61391				2
2024.09.10	00:08:06.921	0.61392				2
2024.09.10	00:08:15.336		0.61464			4
2024.09.10	00:08:16.441	0.61387				2
2024.09.10	00:09:01.007	0.61387				2
2024.09.10	00:09:16.138		0.61464			4
2024.09.10	00:09:19.740	0.61392				2
2024.09.10	00:09:24.085	0.61385	0.61459			6
2024.09.10	00:09:26.047	0.61384				2
2024.09.10	00:10:00.322	0.61384				2
2024.09.10	00:10:02.366	0.61382				2
2024.09.10	00:10:03.611	0.61383				2
2024.09.10	00:10:04.724	0.61386				2
2024.09.10	00:10:17.249		0.61461			4
2024.09.10	00:10:22.777	0.61387				2
2024.09.10	00:10:26.117	0.61386	0.61458			6
2024.09.10	00:10:32.695	0.61387				2
2024.09.10	00:10:36.168		0.61461			4
2024.09.10	00:10:44.205		0.61458			4
2024.09.10	00:10:47.390	0.61386				2
2024.09.10	00:10:53.266	0.61387				2
2024.09.10	00:10:56.168		0.61461			4
2024.09.10	00:10:58.192	0.61388				2
2024.09.10	00:11:00.443	0.61386				2
2024.09.10	00:11:03.377	0.61387				2
2024.09.10	00:11:03.768		0.61459			4
2024.09.10	00:11:04.122	0.61388				2
2024.09.10	00:11:06.783		0.61461			4
2024.09.10	00:11:07.502		0.61459			4
2024.09.10	00:11:10.609		0.61461			4
2024.09.10	00:11:11.306		0.61459			4
2024.09.10	00:11:23.735	0.61389	0.61461			6
2024.09.10	00:11:24.361		0.61460			4
2024.09.10	00:11:29.379	0.61390				2
2024.09.10	00:11:45.462		0.61459			4
2024.09.10	00:11:45.942	0.61389				2
2024.09.10	00:11:46.307	0.61390				2
2024.09.10	00:11:47.258		0.61460			4
2024.09.10	00:12:06.371	0.61390	0.61462			6
2024.09.10	00:12:08.411	0.61394				2
2024.09.10	00:12:09.773	0.61396				2
2024.09.10	00:12:25.246	0.61398				2
2024.09.10	00:12:32.420	0.61396				2
2024.09.10	00:12:47.776	0.61399				2
2024.09.10	00:13:29.624	0.61396	0.61462			6
2024.09.10	00:13:51.360	0.61394				2
2024.09.10	00:14:10.021	0.61396				2
2024.09.10	00:15:00.545	0.61401	0.61462			6
2024.09.10	00:15:02.329	0.61403				2
2024.09.10	00:15:03.127		0.61469			4
2024.09.10	00:15:27.092		0.61468			4
2024.09.10	00:15:34.900		0.61469			4
2024.09.10	00:16:00.374	0.61403				2
2024.09.10	00:16:35.237		0.61469			4
2024.09.10	00:17:01.302	0.61403				2
2024.09.10	00:17:36.238		0.61469			4
2024.09.10	00:18:00.687	0.61403				2
2024.09.10	00:18:02.101	0.61401				2
2024.09.10	00:18:38.193		0.61469			4
2024.09.10	00:19:00.395	0.61401				2
2024.09.10	00:19:13.291		0.61468			4
2024.09.10	00:19:24.480		0.61469			4
2024.09.10	00:20:04.040	0.61401				2
2024.09.10	00:20:12.858	0.61399				2
2024.09.10	00:20:13.356		0.61468			4
2024.09.10	00:20:21.579		0.61469			4
2024.09.10	00:21:05.359	0.61399				2
2024.09.10	00:21:22.587		0.61469			4
2024.09.10	00:21:25.599		0.61468			4
2024.09.10	00:21:47.041		0.61466			4
2024.09.10	00:21:59.243	0.61400				2
2024.09.10	00:22:11.670	0.61399				2
2024.09.10	00:22:25.044	0.61400				2
2024.09.10	00:22:47.113	0.61404	0.61469			6
2024.09.10	00:22:59.505	0.61403				2
2024.09.10	00:23:01.207	0.61403				2
2024.09.10	00:23:02.661	0.61404				2
2024.09.10	00:23:03.674	0.61403				2
2024.09.10	00:23:37.046	0.61404				2
2024.09.10	00:23:40.325	0.61406				2
2024.09.10	00:23:48.134	0.61402	0.61467			6
2024.09.10	00:23:48.668	0.61403				2
2024.09.10	00:23:58.410	0.61402				2
2024.09.10	00:24:00.925	0.61402				2
2024.09.10	00:24:05.789	0.61403				2
2024.09.10	00:24:43.130		0.61468			4
2024.09.10	00:24:48.132	0.61401	0.61469			6
2024.09.10	00:24:48.676	0.61402				2
2024.09.10	00:24:49.391	0.61403	0.61468			6
2024.09.10	00:25:03.167	0.61403				2
2024.09.10	00:25:12.988		0.61469			4
2024.09.10	00:25:19.052	0.61404				2
2024.09.10	00:26:08.150	0.61404				2
2024.09.10	00:26:28.149		0.61469			4
2024.09.10	00:27:04.286	0.61404				2
2024.09.10	00:27:36.303		0.61469			4
2024.09.10	00:27:41.067	0.61403				2
2024.09.10	00:27:41.373	0.61416	0.61471			6
2024.09.10	00:27:45.388	0.61405	0.61469			6
2024.09.10	00:27:45.998	0.61406				2
2024.09.10	00:27:46.356	0.61405				2
2024.09.10	00:27:56.414	0.61414	0.61470			6
2024.09.10	00:27:56.902		0.61472			4
2024.09.10	00:27:57.258		0.61473			4
2024.09.10	00:27:58.199		0.61474			4
2024.09.10	00:27:58.501		0.61473			4
2024.09.10	00:27:58.861		0.61474			4
2024.09.10	00:28:03.771	0.61414				2
2024.09.10	00:28:10.121		0.61475			4
2024.09.10	00:28:11.992	0.61415				2
2024.09.10	00:28:12.312	0.61414				2
2024.09.10	00:28:22.990	0.61415				2
2024.09.10	00:28:32.517	0.61425				2
2024.09.10	00:28:32.822		0.61478			4
2024.09.10	00:28:34.653		0.61479			4
2024.09.10	00:28:38.201	0.61435				2
2024.09.10	00:28:38.503		0.61484			4
2024.09.10	00:28:38.818		0.61485			4
2024.09.10	00:28:39.489		0.61484			4
2024.09.10	00:28:41.430		0.61485			4
2024.09.10	00:28:48.081		0.61486			4
2024.09.10	00:28:49.367	0.61443	0.61490			6
2024.09.10	00:28:50.102		0.61489			4
2024.09.10	00:28:50.408		0.61491			4
2024.09.10	00:28:50.744		0.61492			4
2024.09.10	00:28:52.065		0.61491			4
2024.09.10	00:28:55.669	0.61441				2
2024.09.10	00:29:00.360	0.61441				2
2024.09.10	00:29:01.887		0.61490			4
2024.09.10	00:29:05.709		0.61489			4
2024.09.10	00:29:21.552		0.61488			4
2024.09.10	00:29:24.160		0.61489			4
2024.09.10	00:29:25.790		0.61490			4
2024.09.10	00:29:34.102	0.61446				2
2024.09.10	00:29:51.860	0.61448	0.61505			6
2024.09.10	00:29:52.171	0.61447				2
2024.09.10	00:30:00.311	0.61448	0.61500			6
2024.09.10	00:30:03.389		0.61499			4
2024.09.10	00:30:04.894		0.61498			4
2024.09.10	00:30:05.987		0.61492			4
2024.09.10	00:30:07.905		0.61491			4
2024.09.10	00:30:10.623		0.61493			4
2024.09.10	00:30:22.308	0.61450	0.61496			6
2024.09.10	00:30:22.612	0.61455	0.61511			6
2024.09.10	00:30:24.266		0.61512			4
2024.09.10	00:30:24.885		0.61511			4
2024.09.10	00:30:30.276	0.61454	0.61512			6
2024.09.10	00:30:30.575	0.61453	0.61511			6
2024.09.10	00:30:33.421	0.61452	0.61510			6
2024.09.10	00:30:34.209	0.61454	0.61509			6
2024.09.10	00:30:34.513		0.61508			4
2024.09.10	00:30:36.743		0.61507			4
2024.09.10	00:30:38.133	0.61449	0.61505			6
2024.09.10	00:30:38.657	0.61448				2
2024.09.10	00:30:40.860	0.61447	0.61502			6
2024.09.10	00:30:41.948	0.61449				2
2024.09.10	00:30:46.042		0.61501			4
2024.09.10	00:30:48.462	0.61447	0.61502			6
2024.09.10	00:30:55.792	0.61449				2
2024.09.10	00:30:56.711		0.61501			4
2024.09.10	00:31:00.735	0.61449	0.61502			6
2024.09.10	00:31:01.081	0.61451	0.61501			6
2024.09.10	00:31:14.010		0.61500			4
2024.09.10	00:31:15.053	0.61452				2
2024.09.10	00:31:15.924	0.61449				2
2024.09.10	00:31:23.244		0.61501			4
2024.09.10	00:31:32.688		0.61500			4
2024.09.10	00:31:42.088		0.61499			4
2024.09.10	00:31:46.121		0.61500			4
2024.09.10	00:31:51.209		0.61501			4
2024.09.10	00:31:52.406	0.61447	0.61498			6
2024.09.10	00:31:58.346	0.61444				2
2024.09.10	00:31:59.074	0.61445				2
2024.09.10	00:31:59.699		0.61497			4
2024.09.10	00:32:01.848	0.61445	0.61498			6
2024.09.10	00:32:06.233		0.61497			4
2024.09.10	00:32:10.039		0.61498			4
2024.09.10	00:32:11.812	0.61444	0.61499			6
2024.09.10	00:32:16.537		0.61498			4
2024.09.10	00:32:18.364	0.61445	0.61495			6
2024.09.10	00:32:20.195		0.61492			4
2024.09.10	00:32:22.245		0.61496			4
2024.09.10	00:32:24.229	0.61444				2
2024.09.10	00:32:27.435		0.61490			4
2024.09.10	00:32:33.879		0.61489			4
2024.09.10	00:32:36.025		0.61491			4
2024.09.10	00:32:38.882		0.61489			4
2024.09.10	00:32:42.917	0.61439				2
2024.09.10	00:32:43.975	0.61434	0.61474			6
2024.09.10	00:32:45.040	0.61435				2
2024.09.10	00:32:45.425	0.61436	0.61485			6
2024.09.10	00:32:45.733	0.61437	0.61487			6
2024.09.10	00:32:47.197	0.61431	0.61484			6
2024.09.10	00:32:53.464	0.61432				2
2024.09.10	00:32:54.113	0.61429	0.61477			6
2024.09.10	00:32:58.201		0.61479			4
2024.09.10	00:33:00.370	0.61429				2
2024.09.10	00:33:01.574		0.61480			4
2024.09.10	00:33:06.850		0.61479			4
2024.09.10	00:33:13.685		0.61474			4
2024.09.10	00:33:25.330		0.61475			4
2024.09.10	00:33:25.763		0.61477			4
2024.09.10	00:33:26.491		0.61479			4
2024.09.10	00:33:28.290		0.61480			4
2024.09.10	00:33:33.871		0.61479			4
2024.09.10	00:33:34.266		0.61480			4
2024.09.10	00:33:34.578		0.61479			4
2024.09.10	00:33:34.922		0.61478			4
2024.09.10	00:33:35.332		0.61479			4
2024.09.10	00:33:50.255		0.61480			4
2024.09.10	00:33:55.292		0.61479			4
2024.09.10	00:33:56.121		0.61478			4
2024.09.10	00:33:58.938		0.61476			4
2024.09.10	00:34:04.267	0.61429				2
2024.09.10	00:34:04.588		0.61477			4
2024.09.10	00:34:37.228		0.61476			4
2024.09.10	00:34:40.342		0.61477			4
2024.09.10	00:34:43.052		0.61475			4
2024.09.10	00:34:50.338		0.61476			4
2024.09.10	00:34:51.918		0.61479			4
2024.09.10	00:34:56.974		0.61478			4
2024.09.10	00:34:57.297		0.61479			4
2024.09.10	00:35:01.550	0.61429				2
2024.09.10	00:35:04.026		0.61478			4
2024.09.10	00:35:08.718		0.61477			4
2024.09.10	00:35:19.087		0.61478			4
2024.09.10	00:35:33.740		0.61477			4
2024.09.10	00:35:41.991		0.61478			4
2024.09.10	00:35:44.178		0.61477			4
2024.09.10	00:35:45.236		0.61478			4
2024.09.10	00:35:47.541		0.61477			4
2024.09.10	00:35:52.200		0.61478			4
2024.09.10	00:35:54.794		0.61479			4
2024.09.10	00:36:01.561	0.61429				2
2024.09.10	00:36:48.514		0.61480			4
2024.09.10	00:36:48.976		0.61479			4
2024.09.10	00:37:05.330	0.61429				2
2024.09.10	00:37:16.611		0.61480			4
2024.09.10	00:37:23.257		0.61479			4
2024.09.10	00:37:23.791		0.61478			4
2024.09.10	00:37:33.219		0.61477			4
2024.09.10	00:37:44.488		0.61478			4
2024.09.10	00:37:53.526		0.61477			4
2024.09.10	00:37:54.440		0.61478			4
2024.09.10	00:37:54.755		0.61477			4
2024.09.10	00:37:57.592		0.61478			4
2024.09.10	00:38:00.335	0.61429				2
2024.09.10	00:38:12.403		0.61477			4
2024.09.10	00:38:13.438		0.61478			4
2024.09.10	00:38:34.906		0.61477			4
2024.09.10	00:38:45.059		0.61478			4
2024.09.10	00:38:50.252		0.61477			4
2024.09.10	00:38:55.037		0.61478			4
2024.09.10	00:38:55.343		0.61477			4
2024.09.10	00:39:00.333	0.61429				2
2024.09.10	00:39:01.373		0.61478			4
2024.09.10	00:39:10.845		0.61477			4
2024.09.10	00:39:28.212		0.61474			4
2024.09.10	00:39:38.247		0.61469			4
2024.09.10	00:39:41.853		0.61472			4
2024.09.10	00:39:42.991		0.61473			4
2024.09.10	00:39:44.338		0.61475			4
2024.09.10	00:39:45.611		0.61476			4
2024.09.10	00:39:46.840		0.61477			4
2024.09.10	00:40:01.556	0.61429				2
2024.09.10	00:40:29.681		0.61473			4
2024.09.10	00:40:44.905		0.61475			4
2024.09.10	00:40:46.638		0.61476			4
2024.09.10	00:41:02.194	0.61429	0.61480			6
2024.09.10	00:41:02.547		0.61481			4
2024.09.10	00:41:05.720		0.61480			4
2024.09.10	00:41:09.184	0.61431	0.61481			6
2024.09.10	00:41:09.712	0.61429	0.61480			6
2024.09.10	00:41:10.080		0.61483			4
2024.09.10	00:41:10.834		0.61481			4
2024.09.10	00:41:12.737	0.61430	0.61480			6
2024.09.10	00:41:13.661		0.61481			4
2024.09.10	00:41:15.403		0.61482			4
2024.09.10	00:41:16.048		0.61481			4
2024.09.10	00:41:16.399		0.61477			4
2024.09.10	00:41:17.630	0.61429	0.61476			6
2024.09.10	00:41:52.901	0.61431				2
2024.09.10	00:41:53.778		0.61475			4
2024.09.10	00:41:54.203	0.61430				2
2024.09.10	00:41:55.857		0.61476			4
2024.09.10	00:41:56.169	0.61432				2
2024.09.10	00:41:56.845	0.61429				2
2024.09.10	00:41:57.909	0.61430				2
2024.09.10	00:41:58.292		0.61477			4
2024.09.10	00:41:58.650		0.61476			4
2024.09.10	00:42:01.578	0.61430				2
2024.09.10	00:42:02.399		0.61475			4
2024.09.10	00:42:02.904	0.61431				2
2024.09.10	00:42:04.395		0.61476			4
2024.09.10	00:42:05.173	0.61432				2
2024.09.10	00:42:11.474	0.61429				2
2024.09.10	00:42:15.124		0.61477			4
2024.09.10	00:42:17.645		0.61476			4
2024.09.10	00:42:23.819		0.61478			4
2024.09.10	00:42:28.052		0.61477			4
2024.09.10	00:42:42.776	0.61430				2
2024.09.10	00:42:45.797		0.61478			4
2024.09.10	00:42:47.138	0.61432				2
2024.09.10	00:42:47.817		0.61477			4
2024.09.10	00:42:53.528	0.61429				2
2024.09.10	00:42:54.025	0.61432				2
2024.09.10	00:43:07.326	0.61432				2
2024.09.10	00:43:07.827	0.61431				2
2024.09.10	00:43:08.325	0.61432				2
2024.09.10	00:43:17.916	0.61430				2
2024.09.10	00:43:43.289	0.61431				2
2024.09.10	00:43:49.044		0.61476			4
2024.09.10	00:43:56.871	0.61432				2
2024.09.10	00:43:57.307	0.61431				2
2024.09.10	00:43:58.329	0.61429				2
2024.09.10	00:44:01.476	0.61429				2
2024.09.10	00:44:14.339	0.61431	0.61475			6
2024.09.10	00:44:14.651	0.61430				2
2024.09.10	00:44:17.391	0.61434				2
2024.09.10	00:44:17.747	0.61430				2
2024.09.10	00:44:20.050	0.61431				2
2024.09.10	00:44:34.984	0.61430				2
2024.09.10	00:44:43.712	0.61431				2
2024.09.10	00:44:56.094	0.61429	0.61477			6
2024.09.10	00:44:56.500		0.61476			4
2024.09.10	00:44:58.611		0.61477			4
2024.09.10	00:44:58.991		0.61476			4
2024.09.10	00:44:59.633		0.61477			4
2024.09.10	00:45:05.113	0.61429				2
2024.09.10	00:45:06.639	0.61443	0.61464			6
2024.09.10	00:45:43.833		0.61463			4
2024.09.10	00:45:55.195		0.61464			4
2024.09.10	00:46:01.060	0.61443	0.61463			6
2024.09.10	00:46:05.796		0.61464			4
2024.09.10	00:46:10.655		0.61463			4
2024.09.10	00:46:58.371		0.61462			4
2024.09.10	00:47:04.209	0.61443	0.61464			6
2024.09.10	00:47:04.724		0.61463			4
2024.09.10	00:47:08.213		0.61464			4
2024.09.10	00:47:18.676		0.61460			4
2024.09.10	00:48:00.392	0.61443				2
2024.09.10	00:48:18.825		0.61460			4
2024.09.10	00:49:01.299	0.61443				2
2024.09.10	00:49:18.777		0.61461			4
2024.09.10	00:49:49.151		0.61460			4
2024.09.10	00:50:07.681	0.61443	0.61461			6
2024.09.10	00:50:28.783		0.61460			4
2024.09.10	00:50:45.574		0.61459			4
2024.09.10	00:50:50.383		0.61460			4
2024.09.10	00:50:56.669		0.61461			4
2024.09.10	00:51:05.800	0.61443				2
2024.09.10	00:51:19.620		0.61460			4
2024.09.10	00:51:48.288		0.61461			4
2024.09.10	00:52:20.025	0.61443	0.61460			6
2024.09.10	00:52:51.394		0.61462			4
2024.09.10	00:52:56.114		0.61463			4
2024.09.10	00:53:02.358	0.61443				2
2024.09.10	00:53:19.807		0.61464			4
2024.09.10	00:53:20.155		0.61465			4
2024.09.10	00:53:20.503		0.61464			4
2024.09.10	00:53:25.293	0.61444				2
2024.09.10	00:53:30.120		0.61465			4
2024.09.10	00:53:37.289	0.61443				2
2024.09.10	00:53:42.718		0.61464			4
2024.09.10	00:53:45.631		0.61463			4
2024.09.10	00:54:05.989	0.61443	0.61462			6
2024.09.10	00:54:27.276		0.61463			4
2024.09.10	00:54:47.693		0.61462			4
2024.09.10	00:54:53.317		0.61464			4
2024.09.10	00:55:01.695	0.61443				2
2024.09.10	00:55:09.026		0.61463			4
2024.09.10	00:55:19.732		0.61462			4
2024.09.10	00:55:34.045		0.61463			4
2024.09.10	00:55:44.273		0.61464			4
2024.09.10	00:55:44.591		0.61463			4
2024.09.10	00:56:04.681	0.61443	0.61464			6
2024.09.10	00:56:07.522		0.61463			4
2024.09.10	00:56:08.079		0.61465			4
2024.09.10	00:56:10.461		0.61464			4
2024.09.10	00:56:25.388		0.61465			4
2024.09.10	00:56:50.044		0.61464			4
2024.09.10	00:57:04.192	0.61443	0.61465			6
2024.09.10	00:57:18.975		0.61464			4
2024.09.10	00:57:19.325		0.61465			4
2024.09.10	00:57:19.770		0.61464			4
2024.09.10	00:58:07.980	0.61443				2
2024.09.10	00:58:35.631		0.61464			4
2024.09.10	00:58:41.383		0.61465			4
2024.09.10	00:58:57.269		0.61464			4
2024.09.10	00:59:01.691	0.61443				2
2024.09.10	00:59:15.921	0.61449	0.61468			6
2024.09.10	00:59:37.254		0.61469			4
2024.09.10	00:59:42.867		0.61468			4
2024.09.10	00:59:43.218		0.61467			4
2024.09.10	00:59:44.388		0.61469			4
2024.09.10	00:59:51.871		0.61468			4
2024.09.10	01:00:00.314	0.61448	0.61466			6
2024.09.10	01:00:00.639		0.61463			4
2024.09.10	01:00:01.506		0.61462			4
2024.09.10	01:00:01.815		0.61461			4
2024.09.10	01:00:02.131		0.61457			4
2024.09.10	01:00:02.781		0.61459			4
2024.09.10	01:00:04.375		0.61457			4
2024.09.10	01:00:08.736		0.61456			4
2024.09.10	01:00:10.327	0.61443	0.61455			6
2024.09.10	01:00:10.649	0.61448	0.61458			6
2024.09.10	01:00:12.354	0.61449	0.61464			6
2024.09.10	01:00:12.792		0.61465			4
2024.09.10	01:00:13.521	0.61452	0.61466			6
2024.09.10	01:00:13.822		0.61467			4
2024.09.10	01:00:14.573	0.61453				2
2024.09.10	01:00:36.987		0.61466			4
2024.09.10	01:00:38.768		0.61465			4
2024.09.10	01:00:40.394	0.61455	0.61463			6
2024.09.10	01:01:00.549	0.61455	0.61465			6
2024.09.10	01:01:09.374	0.61457	0.61467			6
2024.09.10	01:01:09.684	0.61460	0.61469			6
2024.09.10	01:01:13.590	0.61455	0.61465			6
2024.09.10	01:01:14.525	0.61458				2
2024.09.10	01:01:17.519	0.61461	0.61467			6
2024.09.10	01:01:18.922	0.61458	0.61465			6
2024.09.10	01:01:21.552		0.61464			4
2024.09.10	01:01:32.774		0.61467			4
2024.09.10	01:01:33.102	0.61460	0.61468			6
2024.09.10	01:01:36.286	0.61458	0.61464			6
2024.09.10	01:01:45.371	0.61460	0.61469			6
2024.09.10	01:01:49.992	0.61458	0.61464			6
2024.09.10	01:01:50.307	0.61451	0.61465			6
2024.09.10	01:01:51.236	0.61450	0.61464			6
2024.09.10	01:01:52.772	0.61448	0.61462			6
2024.09.10	01:01:54.259	0.61449				2
2024.09.10	01:02:00.399	0.61449				2
2024.09.10	01:02:06.411	0.61448				2
2024.09.10	01:02:09.333	0.61459	0.61469			6
2024.09.10	01:02:09.989		0.61470			4
2024.09.10	01:02:11.669	0.61461	0.61475			6
2024.09.10	01:02:13.081		0.61476			4
2024.09.10	01:02:14.354	0.61463				2
2024.09.10	01:02:15.016		0.61477			4
2024.09.10	01:02:15.779	0.61464				2
2024.09.10	01:02:18.157	0.61463				2
2024.09.10	01:02:43.870	0.61464	0.61478			6
2024.09.10	01:02:45.771	0.61463				2
2024.09.10	01:02:57.408	0.61469	0.61479			6
2024.09.10	01:03:00.381	0.61469				2
2024.09.10	01:03:07.287		0.61480			4
2024.09.10	01:03:14.675	0.61471				2
2024.09.10	01:03:15.116	0.61469				2
2024.09.10	01:03:15.423	0.61466	0.61479			6
2024.09.10	01:03:15.724	0.61469				2
2024.09.10	01:03:20.880		0.61481			4
2024.09.10	01:03:21.611	0.61471				2
2024.09.10	01:03:22.183		0.61482			4
2024.09.10	01:03:23.522		0.61483			4
2024.09.10	01:03:25.171		0.61485			4
2024.09.10	01:03:30.725	0.61476	0.61488			6
2024.09.10	01:03:47.315	0.61477				2
2024.09.10	01:04:01.269	0.61473	0.61487			6
2024.09.10	01:04:01.570	0.61475	0.61486			6
2024.09.10	01:04:01.884	0.61472				2
2024.09.10	01:04:08.549		0.61487			4
2024.09.10	01:04:46.381	0.61471	0.61483			6
2024.09.10	01:04:46.761	0.61469				2
2024.09.10	01:04:59.024	0.61468				2
2024.09.10	01:05:00.448	0.61467	0.61482			6
2024.09.10	01:05:07.292		0.61481			4
2024.09.10	01:05:11.357	0.61468				2
2024.09.10	01:05:21.554		0.61482			4
2024.09.10	01:05:36.090		0.61481			4
2024.09.10	01:05:36.929	0.61463	0.61477			6
2024.09.10	01:05:39.098	0.61462				2
2024.09.10	01:05:39.542	0.61475	0.61483			6
2024.09.10	01:05:41.627		0.61482			4
2024.09.10	01:05:53.051		0.61483			4
2024.09.10	01:05:54.813		0.61484			4
2024.09.10	01:05:59.453	0.61477				2
2024.09.10	01:06:00.086	0.61475				2
2024.09.10	01:06:00.845	0.61477	0.61485			6
2024.09.10	01:06:36.832	0.61474	0.61484			6
2024.09.10	01:06:37.416	0.61477	0.61485			6
2024.09.10	01:06:44.965	0.61474	0.61484			6
2024.09.10	01:06:45.561	0.61476	0.61486			6
2024.09.10	01:06:55.436	0.61474	0.61484			6
2024.09.10	01:06:57.129	0.61476	0.61486			6
2024.09.10	01:07:01.246	0.61476	0.61485			6
2024.09.10	01:07:03.892		0.61484			4
2024.09.10	01:07:09.766		0.61486			4
2024.09.10	01:07:10.414		0.61487			4
2024.09.10	01:07:17.334		0.61486			4
2024.09.10	01:07:20.771	0.61474	0.61485			6
2024.09.10	01:07:21.840		0.61484			4
2024.09.10	01:07:22.865	0.61476	0.61486			6
2024.09.10	01:07:23.416	0.61474	0.61485			6
2024.09.10	01:07:23.724	0.61476	0.61486			6
2024.09.10	01:07:25.468	0.61474	0.61484			6
2024.09.10	01:07:27.880		0.61483			4
2024.09.10	01:07:36.965	0.61476	0.61485			6
2024.09.10	01:07:38.448		0.61486			4
2024.09.10	01:07:47.062	0.61474	0.61484			6
2024.09.10	01:07:48.695		0.61483			4
2024.09.10	01:09:16.800	0.61474	0.61475			6
2024.09.10	01:09:17.136		0.61483			4
2024.09.10	01:09:17.496		0.61475			4
2024.09.10	01:09:17.844		0.61483			4
2024.09.10	01:09:24.381	0.61473	0.61474			6
2024.09.10	01:09:32.509	0.61472				2
2024.09.10	01:09:36.445	0.61473				2
2024.09.10	01:09:38.375	0.61472				2
2024.09.10	01:09:39.198	0.61470				2
2024.09.10	01:09:44.925	0.61472				2
2024.09.10	01:09:45.289	0.61471				2
2024.09.10	01:09:53.393		0.61472			4
2024.09.10	01:09:53.786		0.61474			4
2024.09.10	01:10:08.998	0.61473				2
2024.09.10	01:10:09.352		0.61479			4
2024.09.10	01:10:26.940	0.61472				2
2024.09.10	01:10:31.438	0.61474	0.61483			6
2024.09.10	01:10:32.230	0.61475				2
2024.09.10	01:10:45.712	0.61470	0.61479			6
2024.09.10	01:10:46.353		0.61478			4
2024.09.10	01:10:47.530	0.61472	0.61480			6
2024.09.10	01:10:47.838	0.61474	0.61481			6
2024.09.10	01:10:48.182	0.61472				2
2024.09.10	01:10:48.649	0.61474				2
2024.09.10	01:10:49.051	0.61472	0.61480			6
2024.09.10	01:10:49.369	0.61474				2
2024.09.10	01:10:50.075	0.61472				2
2024.09.10	01:10:52.182	0.61474	0.61478			6
2024.09.10	01:10:53.187	0.61472				2
2024.09.10	01:10:53.834	0.61474				2
2024.09.10	01:10:57.028		0.61479			4
2024.09.10	01:11:02.744	0.61474				2
2024.09.10	01:11:09.390		0.61478			4
2024.09.10	01:11:11.455		0.61479			4
2024.09.10	01:11:18.384		0.61478			4
2024.09.10	01:11:25.663	0.61473	0.61479			6
2024.09.10	01:11:25.983	0.61474				2
2024.09.10	01:11:27.237	0.61475	0.61480			6
2024.09.10	01:11:27.905	0.61474	0.61479			6
2024.09.10	01:11:28.424	0.61475	0.61480			6
2024.09.10	01:11:28.801	0.61474				2
2024.09.10	01:11:30.421		0.61479			4
2024.09.10	01:12:05.157	0.61474	0.61477			6
2024.09.10	01:12:05.464	0.61476	0.61479			6
2024.09.10	01:12:07.638	0.61479	0.61481			6
2024.09.10	01:12:13.801		0.61482			4
2024.09.10	01:12:14.125	0.61478				2
2024.09.10	01:12:14.577	0.61476				2
2024.09.10	01:12:14.909	0.61477				2
2024.09.10	01:12:19.531	0.61478				2
2024.09.10	01:12:26.173	0.61477				2
2024.09.10	01:13:00.841	0.61477				2
2024.09.10	01:13:08.836		0.61481			4
2024.09.10	01:13:33.016	0.61478	0.61483			6
2024.09.10	01:13:37.368	0.61479				2
2024.09.10	01:13:46.727	0.61478				2
2024.09.10	01:13:55.665	0.61479				2
2024.09.10	01:13:56.040	0.61478				2
2024.09.10	01:14:00.153	0.61478				2
2024.09.10	01:14:03.329		0.61482			4
2024.09.10	01:14:04.052	0.61477	0.61483			6
2024.09.10	01:14:04.427	0.61476	0.61482			6
2024.09.10	01:14:05.272		0.61481			4
2024.09.10	01:14:05.902	0.61470	0.61482			6
2024.09.10	01:14:06.649	0.61474				2
2024.09.10	01:14:07.332		0.61483			4
2024.09.10	01:14:07.868	0.61473				2
2024.09.10	01:14:30.085	0.61475	0.61484			6
2024.09.10	01:14:30.393		0.61483			4
2024.09.10	01:14:41.059	0.61476				2
2024.09.10	01:15:00.387	0.61476				2
2024.09.10	01:16:30.433	0.61476	0.61483			6
2024.09.10	01:16:41.896		0.61484			4
2024.09.10	01:16:43.996		0.61483			4
2024.09.10	01:16:51.001	0.61478				2
2024.09.10	01:16:51.795	0.61476				2
2024.09.10	01:16:57.836	0.61475				2
2024.09.10	01:17:00.378	0.61476				2
2024.09.10	01:17:02.980	0.61481	0.61484			6
2024.09.10	01:17:06.660	0.61477				2
2024.09.10	01:17:10.103		0.61483			4
2024.09.10	01:17:16.380	0.61475				2
2024.09.10	01:17:24.381	0.61476				2
2024.09.10	01:17:32.613		0.61482			4
2024.09.10	01:17:51.464	0.61478	0.61484			6
2024.09.10	01:17:57.323	0.61477				2
2024.09.10	01:17:57.675	0.61478				2
2024.09.10	01:17:58.017	0.61477				2
2024.09.10	01:18:00.691	0.61477				2
2024.09.10	01:18:11.208	0.61478				2
2024.09.10	01:18:15.147	0.61477				2
2024.09.10	01:18:17.048	0.61478				2
2024.09.10	01:18:35.756		0.61483			4
2024.09.10	01:18:55.213	0.61477				2
2024.09.10	01:18:58.965	0.61476	0.61482			6
2024.09.10	01:19:00.250	0.61476	0.61481			6
2024.09.10	01:19:02.625		0.61482			4
2024.09.10	01:19:41.663	0.61477				2
2024.09.10	01:20:01.754	0.61475	0.61481			6
2024.09.10	01:20:05.933		0.61482			4
2024.09.10	01:20:48.985		0.61481			4
2024.09.10	01:20:50.332		0.61482			4
2024.09.10	01:20:53.519	0.61476				2
2024.09.10	01:21:02.733	0.61476				2
2024.09.10	01:21:19.584	0.61480	0.61487			6
2024.09.10	01:21:33.698		0.61486			4
2024.09.10	01:21:34.927		0.61487			4
2024.09.10	01:22:29.502	0.61480	0.61486			6
2024.09.10	01:22:29.804		0.61487			4
2024.09.10	01:22:42.290		0.61486			4
2024.09.10	01:22:42.593		0.61487			4
2024.09.10	01:23:00.387	0.61480				2
2024.09.10	01:23:23.485	0.61481				2
2024.09.10	01:23:23.806	0.61480				2
2024.09.10	01:23:31.069		0.61485			4
2024.09.10	01:23:52.984	0.61483	0.61487			6
2024.09.10	01:23:53.435	0.61482				2
2024.09.10	01:24:10.107	0.61481	0.61486			6
2024.09.10	01:24:11.792	0.61482				2
2024.09.10	01:24:19.371		0.61487			4
2024.09.10	01:24:25.307		0.61488			4
2024.09.10	01:24:25.838	0.61486	0.61489			6
2024.09.10	01:24:26.474	0.61485				2
2024.09.10	01:24:53.870		0.61488			4
2024.09.10	01:25:01.287	0.61485				2
2024.09.10	01:25:54.158		0.61488			4
2024.09.10	01:26:01.353	0.61485				2
2024.09.10	01:26:03.864	0.61483	0.61487			6
2024.09.10	01:26:07.431	0.61484	0.61488			6
2024.09.10	01:26:24.714	0.61485				2
2024.09.10	01:27:00.651	0.61485				2
2024.09.10	01:27:08.318		0.61488			4
2024.09.10	01:27:22.603		0.61486			4
2024.09.10	01:27:32.718		0.61488			4
2024.09.10	01:28:04.610	0.61485				2
2024.09.10	01:28:34.478		0.61488			4
2024.09.10	01:28:44.612	0.61483				2
2024.09.10	01:29:00.435	0.61483				2
2024.09.10	01:29:10.187		0.61487			4
2024.09.10	01:29:11.222		0.61488			4
2024.09.10	01:29:11.818		0.61487			4
2024.09.10	01:29:12.835		0.61488			4
2024.09.10	01:29:13.383		0.61487			4
2024.09.10	01:29:14.791	0.61481	0.61486			6
2024.09.10	01:29:15.141		0.61487			4
2024.09.10	01:29:38.078	0.61482				2
2024.09.10	01:29:53.706		0.61486			4
2024.09.10	01:30:00.305	0.61482	0.61484			6
2024.09.10	01:30:01.008		0.61485			4
2024.09.10	01:30:01.470		0.61488			4
2024.09.10	01:30:02.337	0.61483				2
2024.09.10	01:30:02.690	0.61482				2
2024.09.10	01:30:03.240		0.61485			4
2024.09.10	01:30:04.357	0.61483				2
2024.09.10	01:30:04.675	0.61482				2
2024.09.10	01:30:05.078	0.61483				2
2024.09.10	01:30:05.911	0.61482				2
2024.09.10	01:30:08.672	0.61483				2
2024.09.10	01:30:08.980	0.61482				2
2024.09.10	01:30:19.004		0.61486			4
2024.09.10	01:30:24.123	0.61483				2
2024.09.10	01:30:24.761	0.61482				2
2024.09.10	01:30:33.345	0.61481				2
2024.09.10	01:30:39.541	0.61485	0.61488			6
2024.09.10	01:30:53.375	0.61486				2
2024.09.10	01:30:53.699	0.61485				2
2024.09.10	01:31:00.502	0.61485				2
2024.09.10	01:31:06.812	0.61484				2
2024.09.10	01:31:39.616		0.61487			4
2024.09.10	01:31:51.553		0.61488			4
2024.09.10	01:32:00.527	0.61484				2
2024.09.10	01:32:32.842		0.61485			4
2024.09.10	01:32:33.954		0.61488			4
2024.09.10	01:33:01.558	0.61484				2
2024.09.10	01:33:02.338	0.61481	0.61485			6
2024.09.10	01:33:20.844	0.61482				2
2024.09.10	01:33:37.489	0.61490	0.61494			6
2024.09.10	01:33:45.415		0.61495			4
2024.09.10	01:33:48.832	0.61488	0.61493			6
2024.09.10	01:34:00.394	0.61488				2
2024.09.10	01:34:35.298	0.61489	0.61492			6
2024.09.10	01:34:36.292	0.61490	0.61493			6
2024.09.10	01:34:39.479	0.61492	0.61496			6
2024.09.10	01:35:00.810	0.61492	0.61495			6
2024.09.10	01:35:06.589		0.61496			4
2024.09.10	01:35:10.627		0.61495			4
2024.09.10	01:35:20.705	0.61495	0.61499			6
2024.09.10	01:35:23.631	0.61498	0.61502			6
2024.09.10	01:36:01.391	0.61499				2
2024.09.10	01:36:09.587	0.61502	0.61505			6
2024.09.10	01:36:33.061		0.61507			4
2024.09.10	01:36:49.118	0.61505	0.61510			6
2024.09.10	01:36:51.530	0.61504	0.61509			6
2024.09.10	01:36:53.701		0.61508			4
2024.09.10	01:36:54.123	0.61503	0.61507			6
2024.09.10	01:36:55.338	0.61504	0.61509			6
2024.09.10	01:37:00.360	0.61503	0.61507			6
2024.09.10	01:37:01.683		0.61508			4
2024.09.10	01:37:04.408	0.61504				2
2024.09.10	01:37:05.496	0.61503				2
2024.09.10	01:37:06.502	0.61504				2
2024.09.10	01:37:07.515	0.61503	0.61507			6
2024.09.10	01:37:08.418		0.61508			4
2024.09.10	01:37:09.687	0.61504				2
2024.09.10	01:37:10.782	0.61503	0.61507			6
2024.09.10	01:37:11.773	0.61504	0.61508			6
2024.09.10	01:37:13.828	0.61503				2
2024.09.10	01:37:14.862	0.61504				2
2024.09.10	01:37:26.036	0.61502				2
2024.09.10	01:37:29.031		0.61507			4
2024.09.10	01:37:32.695	0.61504	0.61509			6
2024.09.10	01:37:36.946		0.61505			4
2024.09.10	01:37:37.333		0.61508			4
2024.09.10	01:37:38.028		0.61509			4
2024.09.10	01:37:42.789	0.61503	0.61508			6
2024.09.10	01:37:44.652		0.61507			4
2024.09.10	01:37:45.818		0.61508			4
2024.09.10	01:37:47.175	0.61505	0.61509			6
2024.09.10	01:37:47.505	0.61504				2
2024.09.10	01:37:55.545	0.61505	0.61510			6
2024.09.10	01:38:00.316	0.61505				2
2024.09.10	01:38:00.691	0.61506				2
2024.09.10	01:38:20.652	0.61504	0.61509			6
2024.09.10	01:38:35.370	0.61505				2
2024.09.10	01:38:36.409	0.61504				2
2024.09.10	01:38:36.713		0.61508			4
2024.09.10	01:38:37.851		0.61509			4
2024.09.10	01:38:38.861		0.61508			4
2024.09.10	01:38:40.231	0.61505	0.61509			6
2024.09.10	01:38:48.911	0.61504				2
2024.09.10	01:38:58.855	0.61505				2
2024.09.10	01:39:03.717	0.61505				2
2024.09.10	01:39:08.454	0.61504				2
2024.09.10	01:39:41.553		0.61509			4
2024.09.10	01:39:48.632		0.61507			4
2024.09.10	01:39:48.945		0.61509			4
2024.09.10	01:39:56.736	0.61503	0.61508			6
2024.09.10	01:40:00.378	0.61504	0.61509			6
2024.09.10	01:40:44.821	0.61502	0.61507			6
2024.09.10	01:40:53.246		0.61506			4
2024.09.10	01:40:54.275		0.61507			4
2024.09.10	01:40:56.897		0.61506			4
2024.09.10	01:40:57.936		0.61507			4
2024.09.10	01:40:59.153		0.61506			4
2024.09.10	01:40:59.930		0.61507			4
2024.09.10	01:41:00.960	0.61502				2
2024.09.10	01:41:01.581		0.61506			4
2024.09.10	01:41:02.523		0.61507			4
2024.09.10	01:41:03.177		0.61506			4
2024.09.10	01:41:03.865		0.61505			4
2024.09.10	01:41:04.309		0.61506			4
2024.09.10	01:41:15.358		0.61507			4
2024.09.10	01:41:16.165		0.61506			4
2024.09.10	01:41:20.378	0.61503	0.61507			6
2024.09.10	01:41:21.769		0.61506			4
2024.09.10	01:41:23.694		0.61507			4
2024.09.10	01:42:01.937	0.61503				2
2024.09.10	01:42:26.267		0.61507			4
2024.09.10	01:42:30.652	0.61502				2
2024.09.10	01:43:00.384	0.61502				2
2024.09.10	01:43:28.100	0.61503	0.61507			6
2024.09.10	01:43:50.014		0.61506			4
2024.09.10	01:43:55.026		0.61508			4
2024.09.10	01:43:55.501		0.61506			4
2024.09.10	01:44:00.328	0.61503				2
2024.09.10	01:44:00.833		0.61507			4
2024.09.10	01:44:05.847		0.61506			4
2024.09.10	01:44:23.881		0.61504			4
2024.09.10	01:44:24.204	0.61502	0.61506			6
2024.09.10	01:44:27.813		0.61505			4
2024.09.10	01:44:30.564		0.61506			4
2024.09.10	01:44:46.451	0.61501				2
2024.09.10	01:44:54.478		0.61507			4
2024.09.10	01:45:00.670	0.61501				2
2024.09.10	01:45:02.397	0.61499	0.61504			6
2024.09.10	01:45:03.086	0.61498	0.61503			6
2024.09.10	01:45:24.213	0.61495	0.61499			6
2024.09.10	01:45:24.521	0.61494				2
2024.09.10	01:45:25.507	0.61492	0.61498			6
2024.09.10	01:45:26.171		0.61497			4
2024.09.10	01:45:28.681		0.61498			4
2024.09.10	01:45:29.756		0.61496			4
2024.09.10	01:45:30.062		0.61497			4
2024.09.10	01:45:36.049	0.61491				2
2024.09.10	01:45:37.081	0.61492	0.61496			6
2024.09.10	01:45:44.518	0.61487	0.61491			6
2024.09.10	01:45:45.831	0.61486				2
2024.09.10	01:45:46.168	0.61487				2
2024.09.10	01:45:59.599		0.61490			4
2024.09.10	01:46:05.034	0.61487				2
2024.09.10	01:46:06.033	0.61486				2
2024.09.10	01:46:12.530		0.61491			4
2024.09.10	01:46:31.973	0.61487	0.61492			6
2024.09.10	01:46:32.973		0.61491			4
2024.09.10	01:46:39.746	0.61486				2
2024.09.10	01:46:40.133		0.61490			4
2024.09.10	01:46:46.091	0.61489	0.61491			6
2024.09.10	01:46:46.401	0.61487	0.61490			6
2024.09.10	01:46:57.846	0.61485				2
2024.09.10	01:46:59.291	0.61484	0.61488			6
2024.09.10	01:46:59.595	0.61482	0.61486			6
2024.09.10	01:46:59.928		0.61487			4
2024.09.10	01:47:00.359	0.61482				2
2024.09.10	01:47:00.983		0.61486			4
2024.09.10	01:47:04.033	0.61481	0.61485			6
2024.09.10	01:47:04.872		0.61486			4
2024.09.10	01:47:55.626	0.61482				2
2024.09.10	01:48:00.370	0.61481				2
2024.09.10	01:48:05.412		0.61486			4
2024.09.10	01:48:08.349		0.61485			4
2024.09.10	01:48:31.063	0.61484	0.61487			6
2024.09.10	01:48:31.426	0.61481	0.61486			6
2024.09.10	01:48:37.254	0.61483				2
2024.09.10	01:48:38.673	0.61482				2
2024.09.10	01:48:48.370	0.61485	0.61488			6
2024.09.10	01:48:56.253	0.61483				2
2024.09.10	01:49:00.437	0.61483				2
2024.09.10	01:49:07.400	0.61482	0.61487			6
2024.09.10	01:49:12.592		0.61486			4
2024.09.10	01:49:38.632	0.61483				2
2024.09.10	01:49:45.757	0.61482				2
2024.09.10	01:49:49.680	0.61481				2
2024.09.10	01:50:00.237	0.61481				2
2024.09.10	01:50:12.687		0.61486			4
2024.09.10	01:50:22.536		0.61485			4
2024.09.10	01:50:24.237		0.61486			4
2024.09.10	01:50:26.858		0.61485			4
2024.09.10	01:50:28.959		0.61486			4
2024.09.10	01:51:00.401	0.61481				2
2024.09.10	01:51:10.850		0.61485			4
2024.09.10	01:51:21.112		0.61486			4
2024.09.10	01:51:23.107		0.61485			4
2024.09.10	01:51:55.431		0.61486			4
2024.09.10	01:52:00.503	0.61481				2
2024.09.10	01:52:15.573	0.61483	0.61488			6
2024.09.10	01:53:01.287	0.61483				2
2024.09.10	01:53:13.587		0.61486			4
2024.09.10	01:53:50.438	0.61482				2
2024.09.10	01:54:00.938	0.61482				2
2024.09.10	01:54:02.381	0.61483				2
2024.09.10	01:54:14.055		0.61486			4
2024.09.10	01:54:20.777	0.61480	0.61485			6
2024.09.10	01:54:22.033		0.61484			4
2024.09.10	01:55:00.841	0.61480	0.61485			6
2024.09.10	01:55:21.041	0.61479	0.61484			6
2024.09.10	01:56:00.076	0.61479				2
2024.09.10	01:56:21.085		0.61484			4
2024.09.10	01:57:00.571	0.61479				2
2024.09.10	01:57:21.553		0.61484			4
2024.09.10	01:58:00.086	0.61479				2
2024.09.10	01:58:25.949		0.61484			4
2024.09.10	01:58:56.955	0.61475	0.61479			6
2024.09.10	01:59:00.314	0.61475				2
2024.09.10	01:59:41.681		0.61480			4
2024.09.10	02:00:00.314	0.61475				2
2024.09.10	02:00:12.404		0.61479			4
2024.09.10	02:00:35.152	0.61472	0.61477			6
2024.09.10	02:00:40.365	0.61468	0.61472			6
2024.09.10	02:00:50.786	0.61469	0.61473			6
2024.09.10	02:01:00.363	0.61469				2
2024.09.10	02:01:01.408		0.61474			4
2024.09.10	02:01:05.238	0.61470				2
2024.09.10	02:01:05.547	0.61473	0.61478			6
2024.09.10	02:01:08.594		0.61477			4
2024.09.10	02:01:10.095		0.61478			4
2024.09.10	02:01:11.942	0.61474				2
2024.09.10	02:01:12.266	0.61473				2
2024.09.10	02:01:20.328		0.61477			4
2024.09.10	02:01:41.163		0.61478			4
2024.09.10	02:02:00.113	0.61473				2
2024.09.10	02:02:03.111		0.61475			4
2024.09.10	02:02:03.465		0.61476			4
2024.09.10	02:02:03.820		0.61478			4
2024.09.10	02:02:09.188	0.61472	0.61477			6
2024.09.10	02:02:09.813		0.61476			4
2024.09.10	02:02:17.462	0.61469	0.61474			6
2024.09.10	02:02:56.051	0.61467	0.61471			6
2024.09.10	02:02:57.597		0.61472			4
2024.09.10	02:03:00.500	0.61467				2
2024.09.10	02:03:14.256		0.61471			4
2024.09.10	02:03:29.765	0.61465	0.61469			6
2024.09.10	02:03:31.699	0.61460	0.61463			6
2024.09.10	02:03:32.004	0.61457	0.61460			6
2024.09.10	02:03:33.014		0.61462			4
2024.09.10	02:03:33.335		0.61461			4
2024.09.10	02:03:34.082	0.61458	0.61462			6
2024.09.10	02:03:55.583		0.61461			4
2024.09.10	02:03:56.595		0.61462			4
2024.09.10	02:03:56.914		0.61461			4
2024.09.10	02:03:58.277		0.61462			4
2024.09.10	02:04:00.262	0.61458				2
2024.09.10	02:04:02.944		0.61463			4
2024.09.10	02:04:04.049		0.61462			4
2024.09.10	02:04:04.767		0.61463			4
2024.09.10	02:04:10.851		0.61462			4
2024.09.10	02:04:11.544		0.61461			4
2024.09.10	02:04:20.624	0.61457				2
2024.09.10	02:04:20.938	0.61456				2
2024.09.10	02:04:26.678	0.61457	0.61460			6
2024.09.10	02:04:35.653	0.61456				2
2024.09.10	02:04:44.943	0.61457				2
2024.09.10	02:04:46.583		0.61461			4
2024.09.10	02:04:49.897	0.61456	0.61460			6
2024.09.10	02:04:50.328	0.61457	0.61461			6
2024.09.10	02:04:57.521		0.61458			4
2024.09.10	02:04:57.827	0.61449	0.61454			6
2024.09.10	02:04:59.512	0.61450	0.61455			6
2024.09.10	02:05:01.566	0.61450				2
2024.09.10	02:05:05.598	0.61451				2
2024.09.10	02:05:08.202	0.61450				2
2024.09.10	02:05:12.853	0.61451				2
2024.09.10	02:05:38.005	0.61450				2
2024.09.10	02:05:39.176	0.61449	0.61453			6
2024.09.10	02:05:41.953	0.61448	0.61452			6
2024.09.10	02:06:00.621	0.61448				2
2024.09.10	02:06:04.897		0.61453			4
2024.09.10	02:06:12.047		0.61452			4
2024.09.10	02:06:21.621	0.61453	0.61457			6
2024.09.10	02:06:25.314	0.61452	0.61456			6
2024.09.10	02:06:43.997	0.61451				2
2024.09.10	02:07:01.978	0.61449	0.61453			6
2024.09.10	02:07:15.944	0.61451	0.61456			6
2024.09.10	02:07:26.900	0.61448	0.61452			6
2024.09.10	02:07:32.484	0.61449	0.61453			6
2024.09.10	02:07:38.531	0.61448				2
2024.09.10	02:07:47.665		0.61452			4
2024.09.10	02:08:08.487	0.61448				2
2024.09.10	02:08:25.898		0.61453			4
2024.09.10	02:08:45.783		0.61452			4
2024.09.10	02:09:00.455	0.61448				2
2024.09.10	02:09:02.178	0.61453	0.61458			6
2024.09.10	02:09:04.378		0.61457			4
2024.09.10	02:09:06.578		0.61456			4
2024.09.10	02:09:07.800		0.61457			4
2024.09.10	02:09:09.900	0.61452	0.61456			6
2024.09.10	02:09:16.878		0.61454			4
2024.09.10	02:09:17.599		0.61456			4
2024.09.10	02:09:21.013		0.61457			4
2024.09.10	02:09:33.130	0.61458	0.61463			6
2024.09.10	02:09:36.463	0.61462	0.61466			6
2024.09.10	02:09:38.229	0.61464	0.61469			6
2024.09.10	02:09:42.203		0.61468			4
2024.09.10	02:09:44.235		0.61469			4
2024.09.10	02:09:51.361		0.61468			4
2024.09.10	02:09:53.779		0.61465			4
2024.09.10	02:09:54.504		0.61468			4
2024.09.10	02:09:56.922	0.61461	0.61465			6
2024.09.10	02:10:00.356	0.61461				2
2024.09.10	02:10:11.899	0.61459	0.61462			6
2024.09.10	02:10:17.725		0.61463			4
2024.09.10	02:10:18.054	0.61458				2
2024.09.10	02:10:19.068		0.61462			4
2024.09.10	02:10:20.101		0.61463			4
2024.09.10	02:10:21.490	0.61453	0.61457			6
2024.09.10	02:10:24.144		0.61458			4
2024.09.10	02:10:32.405		0.61457			4
2024.09.10	02:10:34.557		0.61456			4
2024.09.10	02:10:34.920		0.61457			4
2024.09.10	02:10:37.028	0.61455				2
2024.09.10	02:10:37.346	0.61453				2
2024.09.10	02:10:44.716		0.61456			4
2024.09.10	02:10:45.813		0.61457			4
2024.09.10	02:11:00.365	0.61453				2
2024.09.10	02:11:05.549		0.61458			4
2024.09.10	02:11:06.761	0.61454				2
2024.09.10	02:11:14.570		0.61457			4
2024.09.10	02:11:15.743		0.61458			4
2024.09.10	02:11:38.452	0.61453	0.61457			6
2024.09.10	02:11:39.780		0.61458			4
2024.09.10	02:11:46.457	0.61454				2
2024.09.10	02:11:48.535	0.61453	0.61456			6
2024.09.10	02:11:48.875		0.61457			4
2024.09.10	02:11:50.717		0.61456			4
2024.09.10	02:12:09.761	0.61453	0.61457			6
2024.09.10	02:12:57.324	0.61455				2
2024.09.10	02:12:57.632	0.61453				2
2024.09.10	02:13:03.525	0.61453				2
2024.09.10	02:13:07.977	0.61456	0.61458			6
2024.09.10	02:13:09.543	0.61460	0.61462			6
2024.09.10	02:13:09.876	0.61458				2
2024.09.10	02:13:11.466		0.61463			4
2024.09.10	02:13:21.269	0.61457	0.61462			6
2024.09.10	02:13:29.898	0.61455	0.61460			6
2024.09.10	02:13:33.152	0.61456	0.61461			6
2024.09.10	02:13:34.638	0.61454	0.61459			6
2024.09.10	02:13:48.181	0.61453	0.61458			6
2024.09.10	02:13:55.844	0.61457				2
2024.09.10	02:13:56.239	0.61453				2
2024.09.10	02:14:00.529	0.61453				2
2024.09.10	02:14:33.340		0.61456			4
2024.09.10	02:14:34.890		0.61457			4
2024.09.10	02:14:38.204		0.61456			4
2024.09.10	02:14:39.320		0.61457			4
2024.09.10	02:14:41.169		0.61456			4
2024.09.10	02:14:56.997	0.61451	0.61455			6
2024.09.10	02:15:00.562	0.61451				2
2024.09.10	02:15:03.396	0.61449	0.61453			6
2024.09.10	02:15:06.664		0.61454			4
2024.09.10	02:15:49.135		0.61453			4
2024.09.10	02:16:00.398	0.61449				2
2024.09.10	02:16:14.606	0.61450	0.61454			6
2024.09.10	02:16:19.232	0.61449				2
2024.09.10	02:16:32.137		0.61453			4
2024.09.10	02:16:32.457	0.61443	0.61447			6
2024.09.10	02:16:32.767	0.61442	0.61446			6
2024.09.10	02:16:33.086		0.61445			4
2024.09.10	02:16:35.939		0.61446			4
2024.09.10	02:16:36.832		0.61445			4
2024.09.10	02:16:38.744		0.61446			4
2024.09.10	02:16:45.082	0.61444	0.61447			6
2024.09.10	02:16:51.124	0.61445				2
2024.09.10	02:16:51.486	0.61444				2
2024.09.10	02:16:53.873	0.61442	0.61446			6
2024.09.10	02:17:00.269	0.61444	0.61447			6
2024.09.10	02:17:09.813	0.61443				2
2024.09.10	02:17:10.870	0.61444				2
2024.09.10	02:17:17.805	0.61443				2
2024.09.10	02:17:19.377	0.61444				2
2024.09.10	02:17:21.379	0.61442	0.61446			6
2024.09.10	02:17:23.502	0.61444	0.61447			6
2024.09.10	02:17:28.946	0.61443	0.61446			6
2024.09.10	02:17:30.350	0.61442	0.61445			6
2024.09.10	02:17:45.405	0.61443	0.61446			6
2024.09.10	02:17:45.725		0.61447			4
2024.09.10	02:17:46.682		0.61446			4
2024.09.10	02:17:53.163		0.61447			4
2024.09.10	02:17:58.405		0.61446			4
2024.09.10	02:17:59.071	0.61442				2
2024.09.10	02:17:59.376		0.61447			4
2024.09.10	02:18:00.048	0.61442				2
2024.09.10	02:18:00.360	0.61443	0.61446			6
2024.09.10	02:18:00.743	0.61442	0.61447			6
2024.09.10	02:18:05.379	0.61444				2
2024.09.10	02:18:16.472	0.61443				2
2024.09.10	02:18:25.432	0.61444	0.61448			6
2024.09.10	02:18:40.455	0.61443	0.61446			6
2024.09.10	02:18:40.758	0.61444	0.61448			6
2024.09.10	02:18:42.406		0.61447			4
2024.09.10	02:19:00.623	0.61444				2
2024.09.10	02:19:02.037		0.61448			4
2024.09.10	02:19:20.197		0.61447			4
2024.09.10	02:19:21.193		0.61448			4
2024.09.10	02:19:23.431		0.61447			4
2024.09.10	02:19:25.292		0.61448			4
2024.09.10	02:19:27.703	0.61445				2
2024.09.10	02:19:28.138	0.61444				2
2024.09.10	02:19:30.292		0.61447			4
2024.09.10	02:19:34.439		0.61448			4
2024.09.10	02:19:35.465		0.61447			4
2024.09.10	02:19:35.833		0.61448			4
2024.09.10	02:19:57.274	0.61449	0.61452			6
2024.09.10	02:20:00.299	0.61449				2
2024.09.10	02:20:09.518	0.61448				2
2024.09.10	02:20:09.823	0.61447	0.61450			6
2024.09.10	02:20:14.614	0.61448	0.61452			6
2024.09.10	02:20:26.689	0.61445	0.61448			6
2024.09.10	02:20:26.993	0.61443	0.61446			6
2024.09.10	02:20:27.771		0.61447			4
2024.09.10	02:20:29.720		0.61446			4
2024.09.10	02:20:31.974		0.61447			4
2024.09.10	02:20:33.052		0.61446			4
2024.09.10	02:20:34.054		0.61447			4
2024.09.10	02:20:34.650		0.61446			4
2024.09.10	02:20:35.479		0.61447			4
2024.09.10	02:20:41.092		0.61446			4
2024.09.10	02:20:47.837		0.61447			4
2024.09.10	02:20:59.775		0.61446			4
2024.09.10	02:21:01.104	0.61443				2
2024.09.10	02:21:03.798		0.61447			4
2024.09.10	02:21:04.872		0.61446			4
2024.09.10	02:21:09.651	0.61444	0.61447			6
2024.09.10	02:21:15.433	0.61445	0.61448			6
2024.09.10	02:21:19.391	0.61444				2
2024.09.10	02:21:29.864	0.61445	0.61449			6
2024.09.10	02:21:31.873	0.61446				2
2024.09.10	02:21:43.704	0.61448	0.61451			6
2024.09.10	02:22:01.033	0.61448				2
2024.09.10	02:22:02.083	0.61445	0.61449			6
2024.09.10	02:22:06.887	0.61446	0.61450			6
2024.09.10	02:22:14.992	0.61447	0.61451			6
2024.09.10	02:22:30.032	0.61445	0.61448			6
2024.09.10	02:22:35.492		0.61447			4
2024.09.10	02:22:48.226		0.61448			4
2024.09.10	02:22:59.919		0.61447			4
2024.09.10	02:23:00.965	0.61445				2
2024.09.10	02:23:14.954		0.61448			4
2024.09.10	02:23:23.526		0.61449			4
2024.09.10	02:23:24.862	0.61446	0.61450			6
2024.09.10	02:23:30.197	0.61445	0.61449			6
2024.09.10	02:23:45.562	0.61444				2
2024.09.10	02:23:48.566	0.61445				2
2024.09.10	02:24:00.299	0.61444	0.61448			6
2024.09.10	02:24:04.446	0.61443				2
2024.09.10	02:24:15.217		0.61447			4
2024.09.10	02:24:24.771	0.61444	0.61448			6
2024.09.10	02:24:56.758	0.61443	0.61446			6
2024.09.10	02:24:58.011		0.61447			4
2024.09.10	02:24:59.379		0.61448			4
2024.09.10	02:25:00.414	0.61444				2
2024.09.10	02:25:22.981	0.61447	0.61451			6
2024.09.10	02:25:23.284	0.61450	0.61454			6
2024.09.10	02:25:24.358	0.61451	0.61455			6
2024.09.10	02:25:30.569		0.61456			4
2024.09.10	02:25:30.881	0.61455	0.61458			6
2024.09.10	02:25:38.747	0.61454				2
2024.09.10	02:25:44.388		0.61457			4
2024.09.10	02:26:00.186	0.61453				2
2024.09.10	02:26:01.906		0.61456			4
2024.09.10	02:26:24.726	0.61454	0.61457			6
2024.09.10	02:26:30.752	0.61453	0.61456			6
2024.09.10	02:26:39.732	0.61454	0.61457			6
2024.09.10	02:26:43.907	0.61453	0.61456			6
2024.09.10	02:26:45.770		0.61457			4
2024.09.10	02:27:00.378	0.61453				2
2024.09.10	02:27:00.865		0.61456			4
2024.09.10	02:27:09.815	0.61454	0.61457			6
2024.09.10	02:27:15.919	0.61453				2
2024.09.10	02:27:27.913		0.61455			4
2024.09.10	02:27:33.067	0.61455	0.61456			6
2024.09.10	02:27:34.056	0.61453	0.61455			6
2024.09.10	02:27:37.834	0.61455	0.61458			6
2024.09.10	02:27:53.360	0.61454	0.61457			6
2024.09.10	02:27:54.034	0.61453				2
2024.09.10	02:27:56.551	0.61454				2
2024.09.10	02:27:58.219	0.61453				2
2024.09.10	02:27:59.517	0.61454	0.61458			6
2024.09.10	02:28:00.323	0.61454				2
2024.09.10	02:28:01.555	0.61453	0.61457			6
2024.09.10	02:28:09.741	0.61454	0.61458			6
2024.09.10	02:28:11.698	0.61453	0.61457			6
2024.09.10	02:28:18.269	0.61454	0.61458			6
2024.09.10	02:28:36.273	0.61452	0.61455			6
2024.09.10	02:28:56.693	0.61450	0.61453			6
2024.09.10	02:29:00.243	0.61450				2
2024.09.10	02:29:15.168	0.61452	0.61455			6
2024.09.10	02:29:15.470		0.61456			4
2024.09.10	02:29:15.820	0.61454	0.61458			6
2024.09.10	02:29:49.465	0.61453	0.61457			6
2024.09.10	02:29:56.941	0.61452	0.61455			6
2024.09.10	02:29:57.256		0.61456			4
2024.09.10	02:30:00.178	0.61452				2
2024.09.10	02:30:49.152	0.61451				2
2024.09.10	02:30:50.251	0.61452				2
2024.09.10	02:30:51.239	0.61451	0.61455			6
2024.09.10	02:30:51.542	0.61450	0.61454			6
2024.09.10	02:30:57.078	0.61451				2
2024.09.10	02:31:00.186	0.61451				2
2024.09.10	02:31:04.830	0.61445	0.61448			6
2024.09.10	02:31:05.144	0.61444	0.61447			6
2024.09.10	02:31:06.707		0.61448			4
2024.09.10	02:31:56.837	0.61447	0.61450			6
2024.09.10	02:31:57.990	0.61446				2
2024.09.10	02:32:00.118	0.61446				2
2024.09.10	02:32:01.929		0.61449			4
2024.09.10	02:32:04.694	0.61447				2
2024.09.10	02:32:04.997	0.61446				2
2024.09.10	02:32:40.311	0.61445				2
2024.09.10	02:32:44.071	0.61446				2
2024.09.10	02:32:49.701	0.61448	0.61452			6
2024.09.10	02:32:50.312	0.61450				2
2024.09.10	02:32:50.626	0.61451	0.61455			6
2024.09.10	02:32:52.953		0.61454			4
2024.09.10	02:32:53.288		0.61455			4
2024.09.10	02:32:53.927		0.61452			4
2024.09.10	02:32:54.315		0.61455			4
2024.09.10	02:32:57.083	0.61449	0.61453			6
2024.09.10	02:32:58.200	0.61450				2
2024.09.10	02:33:00.368	0.61449				2
2024.09.10	02:33:04.224	0.61448				2
2024.09.10	02:33:04.557		0.61452			4
2024.09.10	02:33:05.292		0.61453			4
2024.09.10	02:33:09.476	0.61447	0.61452			6
2024.09.10	02:33:11.134	0.61448				2
2024.09.10	02:33:14.893	0.61447				2
2024.09.10	02:33:17.687	0.61448				2
2024.09.10	02:33:32.383	0.61449				2
2024.09.10	02:33:34.073	0.61448				2
2024.09.10	02:33:44.348	0.61447				2
2024.09.10	02:33:46.806	0.61448				2
2024.09.10	02:33:47.138	0.61447				2
2024.09.10	02:33:47.873	0.61448				2
2024.09.10	02:33:50.734		0.61453			4
2024.09.10	02:34:00.418	0.61448				2
2024.09.10	02:34:05.858	0.61449				2
2024.09.10	02:34:25.340	0.61448				2
2024.09.10	02:34:51.674		0.61452			4
2024.09.10	02:34:54.799	0.61447	0.61451			6
2024.09.10	02:34:55.101	0.61448	0.61452			6
2024.09.10	02:35:00.316	0.61448				2
2024.09.10	02:35:00.967	0.61445	0.61449			6
2024.09.10	02:35:04.259		0.61450			4
2024.09.10	02:35:24.008	0.61446				2
2024.09.10	02:35:44.658	0.61447				2
2024.09.10	02:35:48.211	0.61446				2
2024.09.10	02:36:00.437	0.61446				2
2024.09.10	02:36:04.328	0.61444	0.61448			6
2024.09.10	02:36:07.512	0.61443	0.61447			6
2024.09.10	02:36:42.475		0.61445			4
2024.09.10	02:36:42.780		0.61447			4
2024.09.10	02:36:43.518		0.61445			4
2024.09.10	02:36:43.894		0.61447			4
2024.09.10	02:36:45.422		0.61444			4
2024.09.10	02:36:46.116		0.61447			4
2024.09.10	02:37:00.153	0.61443				2
2024.09.10	02:37:15.677	0.61444				2
2024.09.10	02:37:15.984	0.61445	0.61448			6
2024.09.10	02:37:16.511	0.61444				2
2024.09.10	02:37:28.325	0.61445				2
2024.09.10	02:37:32.040	0.61444				2
2024.09.10	02:37:32.592	0.61445				2
2024.09.10	02:37:33.483	0.61444				2
2024.09.10	02:37:42.099	0.61443				2
2024.09.10	02:37:42.403		0.61445			4
2024.09.10	02:37:42.706		0.61444			4
2024.09.10	02:37:43.066		0.61448			4
2024.09.10	02:37:43.502		0.61444			4
2024.09.10	02:37:43.868		0.61448			4
2024.09.10	02:37:44.344		0.61447			4
2024.09.10	02:37:44.704		0.61448			4
2024.09.10	02:37:45.016		0.61447			4
2024.09.10	02:37:45.321		0.61448			4
2024.09.10	02:37:45.747		0.61447			4
2024.09.10	02:37:47.626		0.61448			4
2024.09.10	02:38:00.269	0.61443				2
2024.09.10	02:38:14.969	0.61444				2
2024.09.10	02:38:46.203	0.61443				2
2024.09.10	02:38:46.516	0.61444				2
2024.09.10	02:38:47.979		0.61448			4
2024.09.10	02:39:00.364	0.61444				2
2024.09.10	02:39:09.070	0.61443				2
2024.09.10	02:39:09.382	0.61444				2
2024.09.10	02:39:17.182		0.61447			4
2024.09.10	02:39:18.486	0.61443				2
2024.09.10	02:39:19.420	0.61444				2
2024.09.10	02:39:20.607	0.61443	0.61448			6
2024.09.10	02:39:21.706	0.61444				2
2024.09.10	02:39:22.762	0.61443				2
2024.09.10	02:39:28.037	0.61444				2
2024.09.10	02:39:33.761	0.61445				2
2024.09.10	02:39:45.666	0.61444				2
2024.09.10	02:39:51.702	0.61443	0.61447			6
2024.09.10	02:40:00.024	0.61443				2
2024.09.10	02:40:00.940	0.61442	0.61445			6
2024.09.10	02:40:10.254	0.61444	0.61447			6
2024.09.10	02:40:33.213	0.61442	0.61446			6
2024.09.10	02:40:40.493	0.61443	0.61447			6
2024.09.10	02:40:49.201	0.61442				2
2024.09.10	02:41:00.434	0.61442				2
2024.09.10	02:41:05.663	0.61443				2
2024.09.10	02:41:05.972	0.61442				2
2024.09.10	02:41:06.959	0.61443				2
2024.09.10	02:41:10.932	0.61442				2
2024.09.10	02:41:11.939	0.61443				2
2024.09.10	02:41:15.329	0.61442				2
2024.09.10	02:41:21.876	0.61443				2
2024.09.10	02:41:22.857	0.61442				2
2024.09.10	02:41:23.867	0.61443				2
2024.09.10	02:41:25.242	0.61444				2
2024.09.10	02:41:30.100	0.61443				2
2024.09.10	02:41:39.398	0.61444				2
2024.09.10	02:41:41.201		0.61447			4
2024.09.10	02:42:08.532	0.61442				2
2024.09.10	02:42:11.448	0.61444				2
2024.09.10	02:42:27.599		0.61448			4
2024.09.10	02:43:00.976	0.61444				2
2024.09.10	02:43:32.612		0.61448			4
2024.09.10	02:44:04.890	0.61444				2
2024.09.10	02:44:05.533	0.61448	0.61453			6
2024.09.10	02:44:06.601		0.61452			4
2024.09.10	02:44:16.133	0.61447				2
2024.09.10	02:44:17.034		0.61451			4
2024.09.10	02:44:21.920		0.61452			4
2024.09.10	02:44:41.778	0.61448	0.61453			6
2024.09.10	02:44:46.993	0.61449				2
2024.09.10	02:44:57.049	0.61448				2
2024.09.10	02:45:00.389	0.61448				2
2024.09.10	02:45:06.221	0.61447	0.61452			6
2024.09.10	02:45:06.886	0.61445	0.61448			6
2024.09.10	02:45:10.288	0.61444	0.61447			6
2024.09.10	02:45:19.872		0.61448			4
2024.09.10	02:45:28.266	0.61445				2
2024.09.10	02:45:30.240		0.61450			4
2024.09.10	02:45:34.063	0.61446				2
2024.09.10	02:45:44.372		0.61449			4
2024.09.10	02:46:00.039	0.61446				2
2024.09.10	02:46:09.426		0.61450			4
2024.09.10	02:46:10.567	0.61450	0.61452			6
2024.09.10	02:46:10.957	0.61449				2
2024.09.10	02:46:17.237	0.61448				2
2024.09.10	02:46:20.477		0.61451			4
2024.09.10	02:46:20.781		0.61450			4
2024.09.10	02:46:31.992		0.61453			4
2024.09.10	02:46:48.753	0.61449				2
2024.09.10	02:46:55.446	0.61451				2
2024.09.10	02:46:55.763	0.61452	0.61457			6
2024.09.10	02:46:58.820		0.61456			4
2024.09.10	02:47:00.177	0.61452				2
2024.09.10	02:47:01.742	0.61451	0.61455			6
2024.09.10	02:47:03.205		0.61454			4
2024.09.10	02:47:04.876	0.61452	0.61456			6
2024.09.10	02:47:08.216	0.61453	0.61457			6
2024.09.10	02:47:08.523		0.61455			4
2024.09.10	02:47:08.963		0.61457			4
2024.09.10	02:47:12.447	0.61454	0.61458			6
2024.09.10	02:47:13.983	0.61453	0.61457			6
2024.09.10	02:47:16.611	0.61454	0.61458			6
2024.09.10	02:47:16.934	0.61453	0.61457			6
2024.09.10	02:47:21.025	0.61454	0.61458			6
2024.09.10	02:47:21.372	0.61453	0.61457			6
2024.09.10	02:47:22.681	0.61454	0.61458			6
2024.09.10	02:47:25.547		0.61457			4
2024.09.10	02:47:26.007		0.61458			4
2024.09.10	02:47:26.687	0.61453	0.61457			6
2024.09.10	02:47:27.013	0.61454	0.61458			6
2024.09.10	02:47:30.571	0.61453	0.61457			6
2024.09.10	02:47:39.232	0.61454	0.61458			6
2024.09.10	02:47:40.480		0.61457			4
2024.09.10	02:47:40.795	0.61453				2
2024.09.10	02:47:41.698	0.61454	0.61458			6
2024.09.10	02:47:42.627	0.61456	0.61459			6
2024.09.10	02:47:48.923	0.61457				2
2024.09.10	02:47:49.827	0.61456				2
2024.09.10	02:47:53.530	0.61454	0.61457			6
2024.09.10	02:47:58.435	0.61453	0.61455			6
2024.09.10	02:48:01.196	0.61453	0.61457			6
2024.09.10	02:48:02.277		0.61456			4
2024.09.10	02:48:03.539		0.61455			4
2024.09.10	02:48:06.670	0.61450				2
2024.09.10	02:48:07.000	0.61451				2
2024.09.10	02:48:18.593	0.61450	0.61454			6
2024.09.10	02:48:43.654	0.61449	0.61452			6
2024.09.10	02:48:44.905		0.61451			4
2024.09.10	02:48:46.791		0.61452			4
2024.09.10	02:48:47.537		0.61451			4
2024.09.10	02:48:49.501		0.61452			4
2024.09.10	02:48:58.844	0.61447				2
2024.09.10	02:49:00.147	0.61447				2
2024.09.10	02:49:03.279	0.61448				2
2024.09.10	02:49:05.480	0.61447				2
2024.09.10	02:49:15.583		0.61451			4
2024.09.10	02:49:22.627	0.61446				2
2024.09.10	02:49:32.122	0.61447				2
2024.09.10	02:49:34.779		0.61450			4
2024.09.10	02:49:37.868	0.61446				2
2024.09.10	02:50:00.501	0.61448	0.61453			6
2024.09.10	02:50:09.791		0.61452			4
2024.09.10	02:50:14.861	0.61447				2
2024.09.10	02:50:15.166		0.61451			4
2024.09.10	02:50:19.890		0.61452			4
2024.09.10	02:50:23.545		0.61450			4
2024.09.10	02:50:28.535		0.61451			4
2024.09.10	02:50:34.423	0.61445	0.61450			6
2024.09.10	02:50:34.726	0.61444	0.61449			6
2024.09.10	02:50:37.148	0.61443	0.61447			6
2024.09.10	02:50:47.255		0.61446			4
2024.09.10	02:50:47.953		0.61447			4
2024.09.10	02:50:51.765		0.61448			4
2024.09.10	02:50:52.092	0.61444				2
2024.09.10	02:50:52.823	0.61443	0.61447			6
2024.09.10	02:51:00.417	0.61443				2
2024.09.10	02:51:02.313	0.61444				2
2024.09.10	02:51:02.854		0.61448			4
2024.09.10	02:51:10.559	0.61443				2
2024.09.10	02:51:13.706		0.61446			4
2024.09.10	02:51:23.505	0.61442				2
2024.09.10	02:51:42.840	0.61443				2
2024.09.10	02:51:43.294	0.61442				2
2024.09.10	02:51:46.906	0.61441	0.61445			6
2024.09.10	02:51:59.721	0.61440	0.61443			6
2024.09.10	02:52:00.023	0.61437	0.61440			6
2024.09.10	02:52:02.186		0.61439			4
2024.09.10	02:52:02.668	0.61431	0.61434			6
2024.09.10	02:52:11.065	0.61432	0.61435			6
2024.09.10	02:52:13.610	0.61431				2
2024.09.10	02:52:23.346		0.61434			4
2024.09.10	02:52:24.002		0.61435			4
2024.09.10	02:52:24.340		0.61434			4
2024.09.10	02:52:24.641		0.61435			4
2024.09.10	02:53:00.294	0.61431				2
2024.09.10	02:53:15.959	0.61426	0.61429			6
2024.09.10	02:54:00.439	0.61426				2
2024.09.10	02:54:00.963	0.61425				2
2024.09.10	02:54:16.008		0.61427			4
2024.09.10	02:54:16.319	0.61423				2
2024.09.10	02:54:17.466	0.61425				2
2024.09.10	02:54:22.504	0.61423				2
2024.09.10	02:54:28.041		0.61426			4
2024.09.10	02:54:33.691	0.61424				2
2024.09.10	02:54:36.149	0.61423				2
2024.09.10	02:54:38.326		0.61425			4
2024.09.10	02:54:38.651	0.61422	0.61426			6
2024.09.10	02:54:45.484	0.61425				2
2024.09.10	02:54:45.789	0.61422				2
2024.09.10	02:54:48.705	0.61424	0.61427			6
2024.09.10	02:54:49.029	0.61425				2
2024.09.10	02:54:50.918	0.61424				2
2024.09.10	02:54:55.821	0.61425				2
2024.09.10	02:55:00.055	0.61425				2
2024.09.10	02:55:06.153		0.61428			4
2024.09.10	02:55:15.822	0.61426				2
2024.09.10	02:55:16.127	0.61424	0.61427			6
2024.09.10	02:55:26.546	0.61423				2
2024.09.10	02:55:27.682	0.61424				2
2024.09.10	02:55:30.581	0.61425				2
2024.09.10	02:55:35.318	0.61424				2
2024.09.10	02:55:35.870	0.61422	0.61426			6
2024.09.10	02:55:37.192	0.61423				2
2024.09.10	02:55:37.500		0.61427			4
2024.09.10	02:55:39.339	0.61424				2
2024.09.10	02:55:41.611	0.61423	0.61426			6
2024.09.10	02:55:42.336		0.61427			4
2024.09.10	02:55:47.041		0.61426			4
2024.09.10	02:55:47.344	0.61424	0.61427			6
2024.09.10	02:55:48.696	0.61421	0.61424			6
2024.09.10	02:55:50.943	0.61422				2
2024.09.10	02:55:51.327	0.61421				2
2024.09.10	02:55:52.294	0.61420				2
2024.09.10	02:55:52.641	0.61421				2
2024.09.10	02:55:54.709	0.61420	0.61423			6
2024.09.10	02:55:55.184	0.61421	0.61424			6
2024.09.10	02:55:57.278	0.61420	0.61423			6
2024.09.10	02:55:57.962		0.61424			4
2024.09.10	02:56:00.556	0.61420				2
2024.09.10	02:56:01.288	0.61423	0.61427			6
2024.09.10	02:56:01.635	0.61424				2
2024.09.10	02:56:02.350	0.61425				2
2024.09.10	02:56:03.851	0.61424				2
2024.09.10	02:56:15.221		0.61425			4
2024.09.10	02:56:23.839	0.61421	0.61424			6
2024.09.10	02:56:31.113	0.61422	0.61423			6
2024.09.10	02:56:31.480	0.61421				2
2024.09.10	02:56:32.383	0.61422	0.61424			6
2024.09.10	02:56:50.386	0.61421	0.61423			6
2024.09.10	02:56:50.858	0.61419	0.61422			6
2024.09.10	02:56:58.715	0.61414	0.61417			6
2024.09.10	02:57:00.351	0.61414				2
2024.09.10	02:57:02.391	0.61412	0.61415			6
2024.09.10	02:57:25.971		0.61414			4
2024.09.10	02:57:26.817		0.61415			4
2024.09.10	02:57:34.326		0.61416			4
2024.09.10	02:57:44.138	0.61413				2
2024.09.10	02:57:45.193	0.61412				2
2024.09.10	02:57:47.146		0.61415			4
2024.09.10	02:57:54.148		0.61416			4
2024.09.10	02:57:55.152		0.61415			4
2024.09.10	02:58:00.323	0.61412				2
2024.09.10	02:58:03.677		0.61416			4
2024.09.10	02:58:05.805	0.61420	0.61423			6
2024.09.10	02:58:06.358	0.61419				2
2024.09.10	02:58:07.169	0.61418	0.61421			6
2024.09.10	02:58:07.507	0.61417	0.61420			6
2024.09.10	02:58:07.837		0.61421			4
2024.09.10	02:58:08.210	0.61416	0.61419			6
2024.09.10	02:58:10.757	0.61417	0.61420			6
2024.09.10	02:58:11.400	0.61416	0.61419			6
2024.09.10	02:58:12.304	0.61417				2
2024.09.10	02:58:12.631		0.61420			4
2024.09.10	02:58:14.826	0.61416	0.61419			6
2024.09.10	02:58:16.806	0.61417	0.61420			6
2024.09.10	02:58:17.313		0.61419			4
2024.09.10	02:58:17.807	0.61416				2
2024.09.10	02:58:19.221	0.61415	0.61418			6
2024.09.10	02:58:19.522		0.61419			4
2024.09.10	02:58:20.481		0.61418			4
2024.09.10	02:58:25.619	0.61414	0.61416			6
2024.09.10	02:58:25.961	0.61413				2
2024.09.10	02:58:27.278		0.61415			4
2024.09.10	02:58:30.393	0.61414	0.61417			6
2024.09.10	02:58:31.073		0.61416			4
2024.09.10	02:58:31.862	0.61413	0.61415			6
2024.09.10	02:58:33.228	0.61414	0.61416			6
2024.09.10	02:58:34.155		0.61417			4
2024.09.10	02:58:34.477		0.61416			4
2024.09.10	02:58:35.407		0.61417			4
2024.09.10	02:58:41.540	0.61413	0.61415			6
2024.09.10	02:58:41.882		0.61416			4
2024.09.10	02:58:43.082		0.61415			4
2024.09.10	02:58:46.759		0.61416			4
2024.09.10	02:58:48.745	0.61414	0.61417			6
2024.09.10	02:58:49.161	0.61413	0.61416			6
2024.09.10	02:58:50.633		0.61415			4
2024.09.10	02:58:50.968		0.61417			4
2024.09.10	02:58:57.582		0.61416			4
2024.09.10	02:58:58.010		0.61417			4
2024.09.10	02:59:00.251	0.61413				2
2024.09.10	02:59:01.620		0.61416			4
2024.09.10	02:59:03.044		0.61417			4
2024.09.10	02:59:03.419		0.61416			4
2024.09.10	02:59:06.435		0.61417			4
2024.09.10	02:59:07.422		0.61416			4
2024.09.10	02:59:12.682		0.61417			4
2024.09.10	02:59:21.158	0.61415	0.61419			6
2024.09.10	02:59:26.374	0.61414	0.61418			6
2024.09.10	02:59:48.074	0.61417	0.61420			6
2024.09.10	02:59:48.392	0.61416				2
2024.09.10	02:59:49.437	0.61417				2
2024.09.10	02:59:56.197	0.61415	0.61419			6
2024.09.10	03:00:00.321	0.61415				2
2024.09.10	03:00:01.433	0.61418	0.61422			6
2024.09.10	03:00:01.737	0.61419				2
2024.09.10	03:00:02.126	0.61418				2
2024.09.10	03:00:02.438	0.61419				2
2024.09.10	03:00:03.162	0.61423	0.61427			6
2024.09.10	03:00:05.209	0.61421	0.61424			6
2024.09.10	03:00:06.239	0.61420	0.61423			6
2024.09.10	03:00:06.564	0.61419	0.61422			6
2024.09.10	03:00:06.889	0.61420				2
2024.09.10	03:00:10.737	0.61419	0.61423			6
2024.09.10	03:00:13.538	0.61417	0.61420			6
2024.09.10	03:00:13.843		0.61419			4
2024.09.10	03:00:21.029	0.61419	0.61420			6
2024.09.10	03:00:21.331	0.61415	0.61418			6
2024.09.10	03:00:21.792	0.61416				2
2024.09.10	03:00:22.778	0.61414	0.61417			6
2024.09.10	03:00:23.123	0.61411	0.61415			6
2024.09.10	03:00:23.444	0.61412				2
2024.09.10	03:00:24.165	0.61411				2
2024.09.10	03:00:25.781	0.61422	0.61423			6
2024.09.10	03:00:26.083	0.61423	0.61424			6
2024.09.10	03:00:27.382	0.61425	0.61426			6
2024.09.10	03:00:27.704	0.61426	0.61427			6
2024.09.10	03:00:28.441	0.61423	0.61425			6
2024.09.10	03:00:29.809	0.61424				2
2024.09.10	03:00:30.826		0.61426			4
2024.09.10	03:00:32.309		0.61425			4
2024.09.10	03:00:33.889	0.61423				2
2024.09.10	03:00:37.612	0.61420	0.61422			6
2024.09.10	03:00:38.977	0.61421				2
2024.09.10	03:00:41.276	0.61420				2
2024.09.10	03:00:42.102	0.61418	0.61419			6
2024.09.10	03:00:45.376	0.61417	0.61418			6
2024.09.10	03:00:46.660	0.61416	0.61417			6
2024.09.10	03:00:47.650	0.61415				2
2024.09.10	03:00:47.958	0.61414	0.61415			6
2024.09.10	03:00:50.697	0.61415	0.61416			6
2024.09.10	03:00:51.003	0.61419	0.61420			6
2024.09.10	03:00:52.711	0.61417	0.61418			6
2024.09.10	03:00:55.401	0.61415				2
2024.09.10	03:00:56.913		0.61417			4
2024.09.10	03:00:58.934	0.61414	0.61415			6
2024.09.10	03:00:59.600	0.61413				2
2024.09.10	03:01:00.016	0.61413				2
2024.09.10	03:01:01.376		0.61414			4
2024.09.10	03:01:02.019		0.61415			4
2024.09.10	03:01:02.324	0.61410	0.61413			6
2024.09.10	03:01:02.625	0.61411				2
2024.09.10	03:01:02.973	0.61415	0.61416			6
2024.09.10	03:01:03.283		0.61417			4
2024.09.10	03:01:04.134	0.61414				2
2024.09.10	03:01:04.766	0.61415	0.61416			6
2024.09.10	03:01:05.529	0.61414	0.61417			6
2024.09.10	03:01:07.584	0.61413				2
2024.09.10	03:01:07.904		0.61415			4
2024.09.10	03:01:09.013	0.61412				2
2024.09.10	03:01:10.556	0.61408	0.61411			6
2024.09.10	03:01:17.199		0.61410			4
2024.09.10	03:01:18.026	0.61402	0.61405			6
2024.09.10	03:01:18.343	0.61400	0.61402			6
2024.09.10	03:01:18.717	0.61399	0.61401			6
2024.09.10	03:01:19.771		0.61402			4
2024.09.10	03:01:21.043	0.61400	0.61403			6
2024.09.10	03:01:22.064		0.61402			4
2024.09.10	03:01:22.393	0.61399				2
2024.09.10	03:01:23.968	0.61398	0.61401			6
2024.09.10	03:01:24.305		0.61402			4
2024.09.10	03:01:24.641	0.61399	0.61401			6
2024.09.10	03:01:26.560	0.61397	0.61399			6
2024.09.10	03:01:26.867	0.61394	0.61398			6
2024.09.10	03:01:27.369		0.61399			4
2024.09.10	03:01:27.714		0.61398			4
2024.09.10	03:01:28.884	0.61395				2
2024.09.10	03:01:29.303	0.61393	0.61396			6
2024.09.10	03:01:29.616	0.61395	0.61398			6
2024.09.10	03:01:46.207		0.61397			4
2024.09.10	03:01:47.724		0.61398			4
2024.09.10	03:01:50.623	0.61399	0.61402			6
2024.09.10	03:01:50.997	0.61398				2
2024.09.10	03:01:54.267	0.61397	0.61401			6
2024.09.10	03:01:56.947		0.61400			4
2024.09.10	03:01:58.773		0.61401			4
2024.09.10	03:02:00.417	0.61397				2
2024.09.10	03:02:03.002		0.61398			4
2024.09.10	03:02:03.317		0.61400			4
2024.09.10	03:02:03.618		0.61398			4
2024.09.10	03:02:03.938		0.61401			4
2024.09.10	03:02:10.152	0.61396				2
2024.09.10	03:02:11.357		0.61400			4
2024.09.10	03:02:11.694		0.61401			4
2024.09.10	03:02:13.308	0.61394	0.61397			6
2024.09.10	03:02:13.658	0.61395	0.61398			6
2024.09.10	03:02:14.001	0.61397	0.61399			6
2024.09.10	03:02:14.407		0.61400			4
2024.09.10	03:02:23.934	0.61401	0.61404			6
2024.09.10	03:02:24.250	0.61402				2
2024.09.10	03:02:25.318	0.61399	0.61403			6
2024.09.10	03:02:26.282	0.61398	0.61401			6
2024.09.10	03:02:26.622		0.61403			4
2024.09.10	03:02:27.767	0.61404	0.61407			6
2024.09.10	03:02:28.081	0.61402				2
2024.09.10	03:02:28.386	0.61403				2
2024.09.10	03:02:28.696	0.61404	0.61408			6
2024.09.10	03:02:29.755	0.61403	0.61407			6
2024.09.10	03:02:32.340		0.61406			4
2024.09.10	03:02:33.567	0.61402	0.61407			6
2024.09.10	03:02:33.906		0.61406			4
2024.09.10	03:02:34.677		0.61405			4
2024.09.10	03:02:35.025		0.61407			4
2024.09.10	03:02:40.282		0.61405			4
2024.09.10	03:02:40.648		0.61406			4
2024.09.10	03:02:40.990		0.61407			4
2024.09.10	03:02:42.404		0.61406			4
2024.09.10	03:02:43.630		0.61407			4
2024.09.10	03:02:44.148		0.61406			4
2024.09.10	03:02:44.969		0.61407			4
2024.09.10	03:02:45.300		0.61406			4
2024.09.10	03:02:45.713		0.61407			4
2024.09.10	03:02:47.296		0.61406			4
2024.09.10	03:02:49.441	0.61405	0.61408			6
2024.09.10	03:02:49.909	0.61403	0.61407			6
2024.09.10	03:02:51.509		0.61406			4
2024.09.10	03:02:52.335	0.61402	0.61405			6
2024.09.10	03:02:52.797		0.61406			4
2024.09.10	03:02:58.675		0.61407			4
2024.09.10	03:03:00.225	0.61403				2
2024.09.10	03:03:01.656	0.61402				2
2024.09.10	03:03:02.555	0.61404	0.61406			6
2024.09.10	03:03:02.889	0.61405	0.61408			6
2024.09.10	03:03:06.852	0.61407	0.61410			6
2024.09.10	03:03:08.770		0.61411			4
2024.09.10	03:03:09.210		0.61410			4
2024.09.10	03:03:10.088	0.61406	0.61409			6
2024.09.10	03:03:11.074	0.61405	0.61407			6
2024.09.10	03:03:16.124	0.61401	0.61404			6
2024.09.10	03:03:16.762	0.61400				2
2024.09.10	03:03:19.318		0.61403			4
2024.09.10	03:03:19.872	0.61402	0.61405			6
2024.09.10	03:03:20.906		0.61406			4
2024.09.10	03:03:24.327		0.61405			4
2024.09.10	03:03:26.398		0.61406			4
2024.09.10	03:03:29.914	0.61403	0.61407			6
2024.09.10	03:03:31.301		0.61406			4
2024.09.10	03:03:31.978		0.61407			4
2024.09.10	03:03:34.956		0.61406			4
2024.09.10	03:03:35.307		0.61407			4
2024.09.10	03:03:35.660		0.61406			4
2024.09.10	03:03:37.544		0.61405			4
2024.09.10	03:03:37.945		0.61406			4
2024.09.10	03:03:39.392	0.61401	0.61404			6
2024.09.10	03:03:39.704	0.61400	0.61403			6
2024.09.10	03:03:40.698	0.61402	0.61405			6
2024.09.10	03:03:42.802		0.61404			4
2024.09.10	03:03:43.523	0.61404	0.61407			6
2024.09.10	03:03:43.920		0.61408			4
2024.09.10	03:03:44.837	0.61402	0.61406			6
2024.09.10	03:03:45.142		0.61407			4
2024.09.10	03:03:45.466	0.61404				2
2024.09.10	03:03:46.368	0.61403				2
2024.09.10	03:03:46.901	0.61404				2
2024.09.10	03:03:47.967	0.61403				2
2024.09.10	03:03:48.401	0.61404				2
2024.09.10	03:03:49.434	0.61405	0.61408			6
2024.09.10	03:03:50.261	0.61403	0.61407			6
2024.09.10	03:03:50.609	0.61404				2
2024.09.10	03:03:51.571	0.61403				2
2024.09.10	03:03:52.841		0.61406			4
2024.09.10	03:03:53.346	0.61402	0.61405			6
2024.09.10	03:03:53.664		0.61404			4
2024.09.10	03:03:54.325	0.61401				2
2024.09.10	03:03:55.268	0.61402	0.61405			6
2024.09.10	03:03:55.617		0.61404			4
2024.09.10	03:03:55.929		0.61405			4
2024.09.10	03:03:57.026		0.61404			4
2024.09.10	03:03:58.856	0.61401				2
2024.09.10	03:04:00.169	0.61401	0.61405			6
2024.09.10	03:04:01.090		0.61404			4
2024.09.10	03:04:04.335		0.61405			4
2024.09.10	03:04:04.639		0.61404			4
2024.09.10	03:04:06.405	0.61403	0.61406			6
2024.09.10	03:04:07.974	0.61404	0.61408			6
2024.09.10	03:04:08.298		0.61407			4
2024.09.10	03:04:08.667	0.61403	0.61406			6
2024.09.10	03:04:11.938	0.61402				2
2024.09.10	03:04:14.010	0.61403				2
2024.09.10	03:04:15.107	0.61402				2
2024.09.10	03:04:15.864	0.61403	0.61407			6
2024.09.10	03:04:17.156		0.61406			4
2024.09.10	03:04:20.311		0.61407			4
2024.09.10	03:04:20.627		0.61406			4
2024.09.10	03:04:21.097		0.61407			4
2024.09.10	03:04:21.418		0.61406			4
2024.09.10	03:04:21.748	0.61402				2
2024.09.10	03:04:22.078		0.61405			4
2024.09.10	03:04:26.304		0.61406			4
2024.09.10	03:04:26.672		0.61405			4
2024.09.10	03:04:27.530		0.61406			4
2024.09.10	03:04:27.922		0.61405			4
2024.09.10	03:04:28.600		0.61406			4
2024.09.10	03:04:28.921		0.61405			4
2024.09.10	03:04:31.082		0.61406			4
2024.09.10	03:04:31.794		0.61405			4
2024.09.10	03:04:33.249		0.61406			4
2024.09.10	03:04:33.579		0.61405			4
2024.09.10	03:04:35.597	0.61405	0.61408			6
2024.09.10	03:04:37.096	0.61404	0.61407			6
2024.09.10	03:04:38.282	0.61406				2
2024.09.10	03:04:38.589	0.61404				2
2024.09.10	03:04:40.661	0.61405	0.61408			6
2024.09.10	03:04:42.408	0.61404				2
2024.09.10	03:04:42.778	0.61405				2
2024.09.10	03:04:46.321	0.61404				2
2024.09.10	03:04:47.363	0.61405				2
2024.09.10	03:04:48.823		0.61407			4
2024.09.10	03:04:49.291	0.61404				2
2024.09.10	03:04:50.881		0.61406			4
2024.09.10	03:04:54.024	0.61402	0.61404			6
2024.09.10	03:04:54.329	0.61403	0.61405			6
2024.09.10	03:04:55.809	0.61402	0.61404			6
2024.09.10	03:04:58.216		0.61405			4
2024.09.10	03:04:59.505		0.61404			4
2024.09.10	03:05:01.586	0.61402				2
2024.09.10	03:05:02.547	0.61403				2
2024.09.10	03:05:02.907		0.61405			4
2024.09.10	03:05:03.246		0.61404			4
2024.09.10	03:05:03.627	0.61402				2
2024.09.10	03:05:04.367		0.61405			4
2024.09.10	03:05:04.721		0.61404			4
2024.09.10	03:05:06.013		0.61405			4
2024.09.10	03:05:06.340		0.61404			4
2024.09.10	03:05:06.695		0.61405			4
2024.09.10	03:05:08.404	0.61403	0.61404			6
2024.09.10	03:05:08.772		0.61405			4
2024.09.10	03:05:10.574	0.61402				2
2024.09.10	03:05:10.952	0.61403				2
2024.09.10	03:05:19.437	0.61402				2
2024.09.10	03:05:19.742	0.61400	0.61404			6
2024.09.10	03:05:20.043		0.61403			4
2024.09.10	03:05:22.165	0.61397	0.61399			6
2024.09.10	03:05:22.485		0.61400			4
2024.09.10	03:05:22.854		0.61399			4
2024.09.10	03:05:25.893		0.61400			4
2024.09.10	03:05:29.053	0.61391	0.61392			6
2024.09.10	03:05:29.796		0.61394			4
2024.09.10	03:05:30.486	0.61389	0.61393			6
2024.09.10	03:05:31.849	0.61390				2
2024.09.10	03:05:32.533	0.61389				2
2024.09.10	03:05:32.906	0.61391	0.61394			6
2024.09.10	03:05:34.982	0.61392				2
2024.09.10	03:05:36.812	0.61391				2
2024.09.10	03:05:39.473	0.61392				2
2024.09.10	03:05:42.852	0.61391				2
2024.09.10	03:05:45.061	0.61392	0.61395			6
2024.09.10	03:05:49.648		0.61394			4
2024.09.10	03:05:50.122	0.61391	0.61393			6
2024.09.10	03:05:50.773		0.61394			4
2024.09.10	03:05:52.212	0.61392				2
2024.09.10	03:05:52.683	0.61387	0.61390			6
2024.09.10	03:05:53.000	0.61388				2
2024.09.10	03:05:53.306		0.61389			4
2024.09.10	03:05:54.392	0.61387				2
2024.09.10	03:05:56.098		0.61388			4
2024.09.10	03:05:56.450	0.61382	0.61385			6
2024.09.10	03:05:56.753	0.61383	0.61386			6
2024.09.10	03:05:57.081		0.61385			4
2024.09.10	03:06:00.318	0.61383				2
2024.09.10	03:06:01.123	0.61382				2
2024.09.10	03:06:01.428	0.61381	0.61383			6
2024.09.10	03:06:01.737	0.61380	0.61384			6
2024.09.10	03:06:02.147	0.61381				2
2024.09.10	03:06:02.505	0.61380	0.61383			6
2024.09.10	03:06:03.191	0.61379	0.61382			6
2024.09.10	03:06:03.497		0.61383			4
2024.09.10	03:06:03.851	0.61378	0.61382			6
2024.09.10	03:06:04.708		0.61384			4
2024.09.10	03:06:05.067		0.61382			4
2024.09.10	03:06:05.423		0.61384			4
2024.09.10	03:06:06.614	0.61380				2
2024.09.10	03:06:08.717	0.61378	0.61381			6
2024.09.10	03:06:11.573	0.61375	0.61379			6
2024.09.10	03:06:11.877	0.61374	0.61377			6
2024.09.10	03:06:12.517	0.61375	0.61378			6
2024.09.10	03:06:12.820	0.61374	0.61377			6
2024.09.10	03:06:13.986		0.61376			4
2024.09.10	03:06:14.301	0.61373	0.61375			6
2024.09.10	03:06:14.644		0.61376			4
2024.09.10	03:06:16.133		0.61377			4
2024.09.10	03:06:17.043		0.61376			4
2024.09.10	03:06:17.384	0.61372	0.61375			6
2024.09.10	03:06:19.226	0.61373	0.61377			6
2024.09.10	03:06:19.758	0.61374				2
2024.09.10	03:06:20.066	0.61373	0.61376			6
2024.09.10	03:06:22.753	0.61370	0.61373			6
2024.09.10	03:06:23.109	0.61369	0.61372			6
2024.09.10	03:06:23.624		0.61373			4
2024.09.10	03:06:24.173		0.61372			4
2024.09.10	03:06:24.591		0.61373			4
2024.09.10	03:06:33.598	0.61366	0.61370			6
2024.09.10	03:06:34.674		0.61369			4
2024.09.10	03:06:35.884	0.61364	0.61367			6
2024.09.10	03:06:38.105	0.61363	0.61366			6
2024.09.10	03:06:41.249		0.61364			4
2024.09.10	03:06:41.562	0.61364	0.61368			6
2024.09.10	03:06:42.616		0.61369			4
2024.09.10	03:06:42.928		0.61367			4
2024.09.10	03:06:44.451		0.61365			4
2024.09.10	03:06:47.800		0.61367			4
2024.09.10	03:06:48.256	0.61365	0.61368			6
2024.09.10	03:06:48.577	0.61364	0.61367			6
2024.09.10	03:06:50.477	0.61365				2
2024.09.10	03:06:51.228	0.61364	0.61366			6
2024.09.10	03:06:52.478	0.61365	0.61367			6
2024.09.10	03:06:54.223	0.61366				2
2024.09.10	03:06:56.980		0.61368			4
2024.09.10	03:06:57.922	0.61365	0.61367			6
2024.09.10	03:06:58.233	0.61364	0.61369			6
2024.09.10	03:06:58.985	0.61365				2
2024.09.10	03:06:59.347		0.61368			4
2024.09.10	03:06:59.663	0.61367	0.61369			6
2024.09.10	03:06:59.968	0.61366	0.61368			6
2024.09.10	03:07:00.501	0.61368	0.61371			6
2024.09.10	03:07:02.987	0.61366	0.61369			6
2024.09.10	03:07:06.133	0.61365	0.61368			6
2024.09.10	03:07:07.208	0.61366				2
2024.09.10	03:07:08.786	0.61367	0.61369			6
2024.09.10	03:07:09.141	0.61368	0.61370			6
2024.09.10	03:07:11.187	0.61367	0.61369			6
2024.09.10	03:07:15.522	0.61368				2
2024.09.10	03:07:17.584		0.61370			4
2024.09.10	03:07:25.436	0.61367				2
2024.09.10	03:07:29.440	0.61368				2
2024.09.10	03:07:31.795	0.61367				2
2024.09.10	03:07:32.361		0.61371			4
2024.09.10	03:07:35.584	0.61369	0.61372			6
2024.09.10	03:07:35.904	0.61370	0.61374			6
2024.09.10	03:07:36.209	0.61373	0.61377			6
2024.09.10	03:07:36.523	0.61376	0.61379			6
2024.09.10	03:07:40.744	0.61375	0.61378			6
2024.09.10	03:07:41.510	0.61372	0.61376			6
2024.09.10	03:07:41.811		0.61375			4
2024.09.10	03:07:42.578		0.61374			4
2024.09.10	03:07:42.885	0.61369	0.61372			6
2024.09.10	03:07:45.702	0.61370	0.61373			6
2024.09.10	03:07:46.074		0.61372			4
2024.09.10	03:07:46.739		0.61373			4
2024.09.10	03:07:47.086		0.61372			4
2024.09.10	03:07:48.457	0.61369	0.61373			6
2024.09.10	03:07:50.824		0.61371			4
2024.09.10	03:07:51.137	0.61364	0.61367			6
2024.09.10	03:07:51.895		0.61368			4
2024.09.10	03:07:54.341		0.61369			4
2024.09.10	03:07:54.708	0.61365				2
2024.09.10	03:07:55.034		0.61368			4
2024.09.10	03:07:55.392		0.61369			4
2024.09.10	03:07:55.714		0.61368			4
2024.09.10	03:07:56.156		0.61369			4
2024.09.10	03:07:56.511		0.61368			4
2024.09.10	03:07:56.813		0.61369			4
2024.09.10	03:07:57.166		0.61368			4
2024.09.10	03:07:57.470		0.61369			4
2024.09.10	03:07:57.889	0.61367	0.61370			6
2024.09.10	03:08:00.289	0.61367				2
2024.09.10	03:08:11.530	0.61368				2
2024.09.10	03:08:13.519	0.61370	0.61374			6
2024.09.10	03:08:15.150		0.61373			4
2024.09.10	03:08:15.593		0.61374			4
2024.09.10	03:08:19.749		0.61373			4
2024.09.10	03:08:20.436	0.61368	0.61370			6
2024.09.10	03:08:21.086		0.61369			4
2024.09.10	03:08:21.481	0.61365	0.61367			6
2024.09.10	03:08:22.878	0.61363	0.61366			6
2024.09.10	03:08:23.531		0.61365			4
2024.09.10	03:08:24.151	0.61362	0.61364			6
2024.09.10	03:08:24.465	0.61364	0.61367			6
2024.09.10	03:08:27.529	0.61362	0.61365			6
2024.09.10	03:08:30.861		0.61364			4
2024.09.10	03:08:31.686	0.61361				2
2024.09.10	03:08:34.181	0.61362				2
2024.09.10	03:08:37.664	0.61358	0.61361			6
2024.09.10	03:08:37.974		0.61360			4
2024.09.10	03:08:38.522	0.61357	0.61359			6
2024.09.10	03:08:38.824	0.61354	0.61356			6
2024.09.10	03:08:39.134	0.61353	0.61355			6
2024.09.10	03:08:39.860		0.61356			4
2024.09.10	03:08:40.352		0.61354			4
2024.09.10	03:08:40.832	0.61352				2
2024.09.10	03:08:42.704		0.61355			4
2024.09.10	03:08:46.680		0.61354			4
2024.09.10	03:08:48.361		0.61355			4
2024.09.10	03:08:49.832		0.61354			4
2024.09.10	03:08:50.590		0.61355			4
2024.09.10	03:08:50.892		0.61354			4
2024.09.10	03:08:51.601		0.61355			4
2024.09.10	03:08:51.907		0.61354			4
2024.09.10	03:08:52.249		0.61355			4
2024.09.10	03:08:53.861		0.61356			4
2024.09.10	03:08:57.208	0.61353				2
2024.09.10	03:08:57.949		0.61355			4
2024.09.10	03:08:58.332		0.61356			4
2024.09.10	03:08:59.021		0.61355			4
2024.09.10	03:09:00.016	0.61352				2
2024.09.10	03:09:00.458	0.61353	0.61356			6
2024.09.10	03:09:00.828	0.61351				2
2024.09.10	03:09:01.310	0.61353	0.61355			6
2024.09.10	03:09:01.682		0.61356			4
2024.09.10	03:09:04.345	0.61354	0.61357			6
2024.09.10	03:09:05.095	0.61353	0.61356			6
2024.09.10	03:09:06.999	0.61352	0.61355			6
2024.09.10	03:09:07.869		0.61356			4
2024.09.10	03:09:09.813		0.61355			4
2024.09.10	03:09:10.161		0.61356			4
2024.09.10	03:09:11.127		0.61355			4
2024.09.10	03:09:12.946		0.61354			4
2024.09.10	03:09:14.467		0.61355			4
2024.09.10	03:09:16.410		0.61353			4
2024.09.10	03:09:17.403	0.61355	0.61357			6
2024.09.10	03:09:18.105	0.61354				2
2024.09.10	03:09:22.322	0.61356				2
2024.09.10	03:09:22.688		0.61359			4
2024.09.10	03:09:22.997	0.61360	0.61364			6
2024.09.10	03:09:24.281	0.61361	0.61365			6
2024.09.10	03:09:29.825		0.61364			4
2024.09.10	03:09:30.336	0.61360				2
2024.09.10	03:09:31.022	0.61358	0.61361			6
2024.09.10	03:09:31.605		0.61362			4
2024.09.10	03:09:36.157	0.61360	0.61363			6
2024.09.10	03:09:37.432	0.61358	0.61362			6
2024.09.10	03:09:37.736	0.61359				2
2024.09.10	03:09:38.801	0.61358				2
2024.09.10	03:09:39.277		0.61361			4
2024.09.10	03:09:40.913	0.61360	0.61362			6
2024.09.10	03:09:41.280		0.61363			4
2024.09.10	03:09:42.464	0.61359				2
2024.09.10	03:09:43.552	0.61358	0.61361			6
2024.09.10	03:09:44.274	0.61360	0.61363			6
2024.09.10	03:09:46.707		0.61364			4
2024.09.10	03:09:48.346		0.61363			4
2024.09.10	03:09:49.445	0.61361	0.61364			6
2024.09.10	03:09:50.201		0.61365			4
2024.09.10	03:09:51.163		0.61364			4
2024.09.10	03:09:53.549		0.61363			4
2024.09.10	03:09:57.663	0.61359	0.61362			6
2024.09.10	03:09:58.016	0.61358	0.61361			6
2024.09.10	03:09:58.489		0.61362			4
2024.09.10	03:09:58.857		0.61361			4
2024.09.10	03:10:00.420	0.61358				2
2024.09.10	03:10:01.174	0.61355	0.61358			6
2024.09.10	03:10:02.102	0.61357				2
2024.09.10	03:10:03.287	0.61356				2
2024.09.10	03:10:03.593	0.61357				2
2024.09.10	03:10:05.428	0.61355				2
2024.09.10	03:10:06.661	0.61353	0.61356			6
2024.09.10	03:10:07.801		0.61357			4
2024.09.10	03:10:08.134		0.61356			4
2024.09.10	03:10:08.444	0.61352	0.61354			6
2024.09.10	03:10:08.816		0.61355			4
2024.09.10	03:10:10.158	0.61349	0.61352			6
2024.09.10	03:10:10.487	0.61350				2
2024.09.10	03:10:11.385	0.61349				2
2024.09.10	03:10:11.732	0.61350	0.61353			6
2024.09.10	03:10:12.056	0.61349	0.61352			6
2024.09.10	03:10:12.364	0.61351	0.61353			6
2024.09.10	03:10:12.681		0.61354			4
2024.09.10	03:10:13.642	0.61352	0.61355			6
2024.09.10	03:10:14.690	0.61353				2
2024.09.10	03:10:18.430	0.61352	0.61354			6
2024.09.10	03:10:18.940	0.61353	0.61355			6
2024.09.10	03:10:19.573	0.61352	0.61354			6
2024.09.10	03:10:20.016		0.61355			4
2024.09.10	03:10:20.327		0.61354			4
2024.09.10	03:10:20.659		0.61355			4
2024.09.10	03:10:20.967	0.61351	0.61354			6
2024.09.10	03:10:21.278		0.61353			4
2024.09.10	03:10:22.094	0.61349	0.61351			6
2024.09.10	03:10:22.563		0.61352			4
2024.09.10	03:10:22.881		0.61351			4
2024.09.10	03:10:23.425		0.61352			4
2024.09.10	03:10:23.777	0.61348	0.61349			6
2024.09.10	03:10:24.083	0.61343	0.61347			6
2024.09.10	03:10:24.410		0.61346			4
2024.09.10	03:10:26.842		0.61345			4
2024.09.10	03:10:31.655		0.61346			4
2024.09.10	03:10:33.891	0.61345				2
2024.09.10	03:10:34.287		0.61348			4
2024.09.10	03:10:35.021	0.61343				2
2024.09.10	03:10:35.346		0.61347			4
2024.09.10	03:10:37.867		0.61346			4
2024.09.10	03:10:39.463	0.61345	0.61347			6
2024.09.10	03:10:39.838		0.61346			4
2024.09.10	03:10:40.141		0.61347			4
2024.09.10	03:10:41.657	0.61343	0.61346			6
2024.09.10	03:10:41.972	0.61344				2
2024.09.10	03:10:42.874		0.61345			4
2024.09.10	03:10:43.181		0.61346			4
2024.09.10	03:10:43.789	0.61343	0.61345			6
2024.09.10	03:10:44.097	0.61344	0.61346			6
2024.09.10	03:10:44.551		0.61347			4
2024.09.10	03:10:46.568	0.61343				2
2024.09.10	03:10:46.948		0.61346			4
2024.09.10	03:10:51.922	0.61342				2
2024.09.10	03:10:54.783	0.61343	0.61347			6
2024.09.10	03:10:56.649	0.61342				2
2024.09.10	03:11:00.463	0.61342	0.61346			6
2024.09.10	03:11:01.688	0.61343	0.61347			6
2024.09.10	03:11:02.450	0.61342				2
2024.09.10	03:11:03.857	0.61343				2
2024.09.10	03:11:05.034	0.61344				2
2024.09.10	03:11:11.599	0.61345	0.61348			6
2024.09.10	03:11:12.344	0.61344				2
2024.09.10	03:11:13.234	0.61343	0.61347			6
2024.09.10	03:11:13.542	0.61344				2
2024.09.10	03:11:17.370	0.61345				2
2024.09.10	03:11:18.585	0.61343				2
2024.09.10	03:11:24.473	0.61341	0.61345			6
2024.09.10	03:11:26.132		0.61344			4
2024.09.10	03:11:28.601		0.61345			4
2024.09.10	03:11:30.854	0.61340	0.61343			6
2024.09.10	03:11:31.164	0.61337	0.61342			6
2024.09.10	03:11:31.469	0.61336	0.61340			6
2024.09.10	03:11:31.822		0.61339			4
2024.09.10	03:11:32.182		0.61340			4
2024.09.10	03:11:34.675	0.61337	0.61341			6
2024.09.10	03:11:35.367	0.61338				2
2024.09.10	03:11:37.096	0.61337				2
2024.09.10	03:11:37.947	0.61338				2
2024.09.10	03:11:40.257	0.61337				2
2024.09.10	03:11:40.904		0.61340			4
2024.09.10	03:11:41.244		0.61341			4
2024.09.10	03:11:41.711		0.61339			4
2024.09.10	03:11:42.066	0.61334	0.61338			6
2024.09.10	03:11:42.397		0.61337			4
2024.09.10	03:11:42.854	0.61335	0.61338			6
2024.09.10	03:11:44.380	0.61334	0.61337			6
2024.09.10	03:11:44.696		0.61338			4
2024.09.10	03:11:45.411		0.61337			4
2024.09.10	03:11:45.751		0.61338			4
2024.09.10	03:11:46.255		0.61337			4
2024.09.10	03:11:46.558		0.61338			4
2024.09.10	03:11:47.225		0.61337			4
2024.09.10	03:11:47.757		0.61338			4
2024.09.10	03:11:48.060		0.61337			4
2024.09.10	03:11:48.868	0.61333	0.61336			6
2024.09.10	03:11:49.195	0.61335	0.61337			6
2024.09.10	03:11:49.541		0.61338			4
2024.09.10	03:11:50.352		0.61339			4
2024.09.10	03:11:55.520	0.61336	0.61340			6
2024.09.10	03:11:56.606	0.61334	0.61337			6
2024.09.10	03:11:56.922	0.61333				2
2024.09.10	03:11:57.766	0.61336	0.61339			6
2024.09.10	03:12:00.045	0.61336				2
2024.09.10	03:12:04.736	0.61337				2
2024.09.10	03:12:05.271	0.61336				2
2024.09.10	03:12:25.997	0.61332	0.61334			6
2024.09.10	03:12:30.448	0.61333	0.61335			6
2024.09.10	03:12:30.973		0.61336			4
2024.09.10	03:12:31.280		0.61337			4
2024.09.10	03:12:31.644		0.61336			4
2024.09.10	03:12:32.899		0.61335			4
2024.09.10	03:12:35.964	0.61335	0.61339			6
2024.09.10	03:12:37.413		0.61338			4
2024.09.10	03:12:39.050		0.61339			4
2024.09.10	03:12:40.025		0.61338			4
2024.09.10	03:12:41.739	0.61334				2
2024.09.10	03:12:44.294	0.61335	0.61339			6
2024.09.10	03:12:44.907	0.61336				2
2024.09.10	03:12:45.215	0.61335				2
2024.09.10	03:12:45.523		0.61338			4
2024.09.10	03:12:51.480	0.61334				2
2024.09.10	03:12:51.841	0.61335				2
2024.09.10	03:12:55.881		0.61337			4
2024.09.10	03:12:57.038	0.61334				2
2024.09.10	03:12:57.787	0.61335				2
2024.09.10	03:12:59.441	0.61334				2
2024.09.10	03:13:00.784	0.61334	0.61336			6
2024.09.10	03:13:01.377	0.61333	0.61335			6
2024.09.10	03:13:03.393		0.61336			4
2024.09.10	03:13:04.105		0.61337			4
2024.09.10	03:13:25.182	0.61334				2
2024.09.10	03:13:26.191	0.61335				2
2024.09.10	03:13:27.207	0.61334				2
2024.09.10	03:13:31.381	0.61332	0.61335			6
2024.09.10	03:13:36.247	0.61331				2
2024.09.10	03:13:38.675		0.61334			4
2024.09.10	03:13:38.981		0.61335			4
2024.09.10	03:13:39.303	0.61332				2
2024.09.10	03:13:39.798	0.61331				2
2024.09.10	03:13:40.136	0.61332				2
2024.09.10	03:13:41.469	0.61331				2
2024.09.10	03:13:41.775	0.61332				2
2024.09.10	03:13:42.978	0.61336	0.61339			6
2024.09.10	03:13:43.806	0.61335				2
2024.09.10	03:13:44.658	0.61332	0.61335			6
2024.09.10	03:13:45.031	0.61333	0.61336			6
2024.09.10	03:13:45.384	0.61332				2
2024.09.10	03:13:45.802	0.61333	0.61335			6
2024.09.10	03:13:46.182	0.61332				2
2024.09.10	03:13:46.486	0.61333				2
2024.09.10	03:13:46.970	0.61332				2
2024.09.10	03:13:47.387	0.61333	0.61336			6
2024.09.10	03:13:48.533	0.61335	0.61338			6
2024.09.10	03:13:48.854	0.61336	0.61339			6
2024.09.10	03:13:50.835		0.61340			4
2024.09.10	03:13:51.166	0.61335	0.61339			6
2024.09.10	03:13:54.875	0.61337	0.61338			6
2024.09.10	03:13:55.726	0.61334				2
2024.09.10	03:13:56.038	0.61335	0.61340			6
2024.09.10	03:13:56.348	0.61336				2
2024.09.10	03:13:56.686	0.61338	0.61341			6
2024.09.10	03:13:57.004		0.61342			4
2024.09.10	03:14:01.488	0.61338				2
2024.09.10	03:14:02.725	0.61339				2
2024.09.10	03:14:03.076	0.61338				2
2024.09.10	03:14:03.410	0.61339				2
2024.09.10	03:14:03.713	0.61338				2
2024.09.10	03:14:10.946	0.61334	0.61338			6
2024.09.10	03:14:11.251	0.61336	0.61339			6
2024.09.10	03:14:12.606	0.61334	0.61338			6
2024.09.10	03:14:12.924		0.61337			4
2024.09.10	03:14:13.255	0.61335	0.61339			6
2024.09.10	03:14:13.567	0.61334	0.61338			6
2024.09.10	03:14:14.783		0.61337			4
2024.09.10	03:14:17.904	0.61335	0.61339			6
2024.09.10	03:14:18.251		0.61338			4
2024.09.10	03:14:19.510	0.61334	0.61337			6
2024.09.10	03:14:19.861		0.61338			4
2024.09.10	03:14:20.655		0.61337			4
2024.09.10	03:14:20.963		0.61338			4
2024.09.10	03:14:21.628		0.61337			4
2024.09.10	03:14:21.938		0.61336			4
2024.09.10	03:14:22.775		0.61335			4
2024.09.10	03:14:24.323		0.61336			4
2024.09.10	03:14:26.621		0.61337			4
2024.09.10	03:14:27.279	0.61335	0.61338			6
2024.09.10	03:14:27.721	0.61334				2
2024.09.10	03:14:29.686	0.61336	0.61340			6
2024.09.10	03:14:29.987	0.61337				2
2024.09.10	03:14:30.297	0.61338	0.61341			6
2024.09.10	03:14:30.619	0.61337	0.61342			6
2024.09.10	03:14:37.641	0.61338				2
2024.09.10	03:14:38.477	0.61337				2
2024.09.10	03:14:38.821	0.61338				2
2024.09.10	03:14:40.273	0.61337				2
2024.09.10	03:14:44.545	0.61335	0.61340			6
2024.09.10	03:14:48.751	0.61336				2
2024.09.10	03:14:49.535	0.61337	0.61341			6
2024.09.10	03:14:50.002	0.61336				2
2024.09.10	03:14:50.312	0.61337				2
2024.09.10	03:14:54.452	0.61336				2
2024.09.10	03:14:55.174	0.61334	0.61338			6
2024.09.10	03:14:56.499	0.61335	0.61339			6
2024.09.10	03:14:56.809	0.61336	0.61340			6
2024.09.10	03:14:57.958	0.61338	0.61341			6
2024.09.10	03:14:58.293		0.61342			4
2024.09.10	03:15:00.098	0.61338				2
2024.09.10	03:15:01.661	0.61335	0.61337			6
2024.09.10	03:15:01.963		0.61339			4
2024.09.10	03:15:03.056		0.61340			4
2024.09.10	03:15:05.175	0.61339	0.61343			6
2024.09.10	03:15:06.415	0.61340				2
2024.09.10	03:15:08.404	0.61338	0.61342			6
2024.09.10	03:15:08.734	0.61339	0.61343			6
2024.09.10	03:15:10.104	0.61340				2
2024.09.10	03:15:11.492	0.61339				2
2024.09.10	03:15:11.813	0.61340				2
2024.09.10	03:15:13.464		0.61344			4
2024.09.10	03:15:14.427	0.61339				2
2024.09.10	03:15:15.075		0.61342			4
2024.09.10	03:15:15.460		0.61344			4
2024.09.10	03:15:16.659		0.61343			4
2024.09.10	03:15:17.281	0.61340				2
2024.09.10	03:15:20.211	0.61344	0.61348			6
2024.09.10	03:15:21.204	0.61346	0.61350			6
2024.09.10	03:15:23.994	0.61344	0.61348			6
2024.09.10	03:15:29.649	0.61345				2
2024.09.10	03:15:30.448	0.61346	0.61349			6
2024.09.10	03:15:30.790	0.61345				2
2024.09.10	03:15:31.116	0.61346				2
2024.09.10	03:15:31.591	0.61344	0.61347			6
2024.09.10	03:15:31.909	0.61346	0.61348			6
2024.09.10	03:15:33.839	0.61343	0.61347			6
2024.09.10	03:15:36.916	0.61344	0.61348			6
2024.09.10	03:15:37.233	0.61343	0.61347			6
2024.09.10	03:15:38.881		0.61346			4
2024.09.10	03:15:39.278		0.61347			4
2024.09.10	03:15:42.598	0.61342	0.61346			6
2024.09.10	03:15:44.366		0.61345			4
2024.09.10	03:15:46.723	0.61341	0.61344			6
2024.09.10	03:15:47.502		0.61345			4
2024.09.10	03:15:47.810		0.61344			4
2024.09.10	03:15:49.874		0.61345			4
2024.09.10	03:15:52.220		0.61346			4
2024.09.10	03:15:53.393	0.61342				2
2024.09.10	03:15:55.651		0.61345			4
2024.09.10	03:16:00.404	0.61342				2
2024.09.10	03:16:00.891		0.61346			4
2024.09.10	03:16:02.417	0.61341	0.61345			6
2024.09.10	03:16:07.003	0.61342	0.61346			6
2024.09.10	03:16:07.386	0.61343	0.61348			6
2024.09.10	03:16:07.701		0.61347			4
2024.09.10	03:16:08.867		0.61346			4
2024.09.10	03:16:11.511	0.61342	0.61345			6
2024.09.10	03:16:13.924		0.61346			4
2024.09.10	03:16:17.027	0.61343	0.61347			6
2024.09.10	03:16:20.950		0.61346			4
2024.09.10	03:16:21.337	0.61342				2
2024.09.10	03:16:33.260		0.61347			4
2024.09.10	03:16:33.565	0.61343				2
2024.09.10	03:16:33.925		0.61346			4
2024.09.10	03:16:34.642	0.61342				2
2024.09.10	03:16:34.964		0.61345			4
2024.09.10	03:16:38.230		0.61346			4
2024.09.10	03:16:40.357	0.61343	0.61347			6
2024.09.10	03:16:42.590		0.61346			4
2024.09.10	03:16:44.012	0.61342				2
2024.09.10	03:16:47.271	0.61340	0.61345			6
2024.09.10	03:16:48.165	0.61341				2
2024.09.10	03:16:50.040	0.61343				2
2024.09.10	03:16:50.349	0.61341	0.61346			6
2024.09.10	03:16:51.118	0.61344				2
2024.09.10	03:16:51.433	0.61341				2
2024.09.10	03:16:55.434	0.61342				2
2024.09.10	03:16:58.485	0.61343	0.61347			6
2024.09.10	03:16:58.830	0.61344	0.61348			6
2024.09.10	03:17:00.237	0.61344				2
2024.09.10	03:17:04.067	0.61345				2
2024.09.10	03:17:04.499	0.61344				2
2024.09.10	03:17:05.042	0.61345				2
2024.09.10	03:17:05.665	0.61346				2
2024.09.10	03:17:06.710	0.61345				2
2024.09.10	03:17:09.167	0.61347				2
2024.09.10	03:17:09.479	0.61349	0.61353			6
2024.09.10	03:17:10.153		0.61352			4
2024.09.10	03:17:19.343	0.61351	0.61353			6
2024.09.10	03:17:19.647	0.61350				2
2024.09.10	03:17:21.321	0.61349	0.61352			6
2024.09.10	03:17:21.987	0.61350	0.61353			6
2024.09.10	03:17:22.642	0.61349				2
2024.09.10	03:17:22.998		0.61354			4
2024.09.10	03:17:23.623		0.61353			4
2024.09.10	03:17:23.937		0.61354			4
2024.09.10	03:17:26.875		0.61353			4
2024.09.10	03:17:27.231		0.61354			4
2024.09.10	03:17:27.577	0.61347	0.61351			6
2024.09.10	03:17:29.251	0.61346	0.61350			6
2024.09.10	03:17:31.539		0.61349			4
2024.09.10	03:17:31.843	0.61344	0.61347			6
2024.09.10	03:17:32.291		0.61346			4
2024.09.10	03:17:32.604	0.61343				2
2024.09.10	03:17:36.260	0.61346	0.61349			6
2024.09.10	03:17:36.681	0.61345				2
2024.09.10	03:17:42.190	0.61346				2
2024.09.10	03:17:43.453	0.61347	0.61350			6
2024.09.10	03:17:43.782	0.61348	0.61351			6
2024.09.10	03:17:47.454	0.61347				2
2024.09.10	03:17:48.257	0.61349	0.61352			6
2024.09.10	03:17:50.533	0.61348				2
2024.09.10	03:17:51.072	0.61347	0.61351			6
2024.09.10	03:17:51.380	0.61346	0.61350			6
2024.09.10	03:17:52.630		0.61349			4
2024.09.10	03:17:55.925	0.61347	0.61351			6
2024.09.10	03:17:56.541	0.61348	0.61352			6
2024.09.10	03:17:56.855		0.61351			4
2024.09.10	03:18:00.268	0.61349	0.61352			6
2024.09.10	03:18:00.583	0.61347	0.61351			6
2024.09.10	03:18:00.888		0.61352			4
2024.09.10	03:18:01.212		0.61351			4
2024.09.10	03:18:02.633		0.61350			4
2024.09.10	03:18:03.855		0.61349			4
2024.09.10	03:18:05.104		0.61351			4
2024.09.10	03:18:06.269	0.61346	0.61350			6
2024.09.10	03:18:08.736		0.61349			4
2024.09.10	03:18:10.041	0.61345				2
2024.09.10	03:18:10.343	0.61343	0.61347			6
2024.09.10	03:18:12.164		0.61346			4
2024.09.10	03:18:12.476	0.61340	0.61344			6
2024.09.10	03:18:12.782	0.61341				2
2024.09.10	03:18:14.090		0.61343			4
2024.09.10	03:18:18.114	0.61340				2
2024.09.10	03:18:22.693	0.61341	0.61345			6
2024.09.10	03:18:23.390	0.61342				2
2024.09.10	03:18:23.704		0.61346			4
2024.09.10	03:18:24.724		0.61345			4
2024.09.10	03:18:27.364		0.61346			4
2024.09.10	03:18:28.796		0.61345			4
2024.09.10	03:18:30.073		0.61344			4
2024.09.10	03:18:30.406		0.61345			4
2024.09.10	03:18:33.031		0.61344			4
2024.09.10	03:18:33.409		0.61345			4
2024.09.10	03:18:33.936	0.61339	0.61343			6
2024.09.10	03:18:34.549		0.61342			4
2024.09.10	03:18:38.656		0.61343			4
2024.09.10	03:18:42.891		0.61342			4
2024.09.10	03:18:44.114		0.61343			4
2024.09.10	03:18:46.337	0.61341				2
2024.09.10	03:18:47.218		0.61344			4
2024.09.10	03:18:48.525	0.61342	0.61346			6
2024.09.10	03:18:49.579	0.61343				2
2024.09.10	03:18:56.188	0.61342	0.61345			6
2024.09.10	03:18:56.660		0.61346			4
2024.09.10	03:19:00.382	0.61344	0.61348			6
2024.09.10	03:19:05.440	0.61345				2
2024.09.10	03:19:05.781		0.61349			4
2024.09.10	03:19:06.757	0.61347				2
2024.09.10	03:19:08.774	0.61346				2
2024.09.10	03:19:09.988	0.61345	0.61348			6
2024.09.10	03:19:10.353		0.61349			4
2024.09.10	03:19:12.428	0.61346				2
2024.09.10	03:19:15.252	0.61345	0.61348			6
2024.09.10	03:19:16.674	0.61346	0.61349			6
2024.09.10	03:19:17.797	0.61345	0.61348			6
2024.09.10	03:19:18.144	0.61346	0.61349			6
2024.09.10	03:19:18.720	0.61345				2
2024.09.10	03:19:23.472	0.61346				2
2024.09.10	03:19:23.779	0.61347	0.61350			6
2024.09.10	03:19:26.285	0.61348	0.61351			6
2024.09.10	03:19:27.118	0.61354	0.61358			6
2024.09.10	03:19:27.470	0.61356	0.61359			6
2024.09.10	03:19:27.783	0.61355	0.61358			6
2024.09.10	03:19:28.085	0.61352	0.61355			6
2024.09.10	03:19:30.926	0.61351	0.61354			6
2024.09.10	03:19:40.713	0.61350	0.61353			6
2024.09.10	03:19:41.716	0.61347	0.61349			6
2024.09.10	03:19:42.020	0.61345	0.61347			6
2024.09.10	03:19:42.323	0.61344	0.61348			6
2024.09.10	03:19:42.888		0.61347			4
2024.09.10	03:19:43.195	0.61345	0.61348			6
2024.09.10	03:19:43.503	0.61344				2
2024.09.10	03:19:44.117		0.61347			4
2024.09.10	03:19:44.833		0.61346			4
2024.09.10	03:19:45.143	0.61342				2
2024.09.10	03:19:47.220		0.61345			4
2024.09.10	03:19:47.574		0.61346			4
2024.09.10	03:19:47.923		0.61345			4
2024.09.10	03:19:48.600	0.61341	0.61344			6
2024.09.10	03:19:50.638	0.61340	0.61343			6
2024.09.10	03:19:51.499		0.61344			4
2024.09.10	03:19:51.807		0.61343			4
2024.09.10	03:19:55.122	0.61341	0.61345			6
2024.09.10	03:19:56.093	0.61339	0.61342			6
2024.09.10	03:19:57.751	0.61338	0.61341			6
2024.09.10	03:19:58.063		0.61342			4
2024.09.10	03:20:00.227	0.61338				2
2024.09.10	03:20:01.467		0.61341			4
2024.09.10	03:20:02.340		0.61342			4
2024.09.10	03:20:06.311	0.61342	0.61348			6
2024.09.10	03:20:06.624	0.61347	0.61350			6
2024.09.10	03:20:06.942		0.61352			4
2024.09.10	03:20:08.279	0.61348				2
2024.09.10	03:20:09.409		0.61351			4
2024.09.10	03:20:09.718		0.61352			4
2024.09.10	03:20:10.614		0.61353			4
2024.09.10	03:20:14.755		0.61352			4
2024.09.10	03:20:15.067		0.61353			4
2024.09.10	03:20:23.000		0.61352			4
2024.09.10	03:20:23.410		0.61353			4
2024.09.10	03:20:23.754		0.61352			4
2024.09.10	03:20:24.479		0.61353			4
2024.09.10	03:20:24.783		0.61352			4
2024.09.10	03:20:27.176		0.61353			4
2024.09.10	03:20:27.501		0.61352			4
2024.09.10	03:20:30.314		0.61353			4
2024.09.10	03:20:33.257		0.61352			4
2024.09.10	03:20:33.557		0.61353			4
2024.09.10	03:20:34.588	0.61352	0.61356			6
2024.09.10	03:20:34.904		0.61357			4
2024.09.10	03:20:35.302	0.61353				2
2024.09.10	03:20:35.618		0.61356			4
2024.09.10	03:20:40.721		0.61358			4
2024.09.10	03:20:42.513		0.61356			4
2024.09.10	03:20:43.525		0.61357			4
2024.09.10	03:20:49.913	0.61354	0.61358			6
2024.09.10	03:20:50.698		0.61357			4
2024.09.10	03:20:51.453		0.61358			4
2024.09.10	03:20:51.821		0.61357			4
2024.09.10	03:20:53.560		0.61359			4
2024.09.10	03:20:59.242		0.61357			4
2024.09.10	03:20:59.712		0.61359			4
2024.09.10	03:21:00.071	0.61354				2
2024.09.10	03:21:02.301		0.61357			4
2024.09.10	03:21:02.668		0.61359			4
2024.09.10	03:21:03.071		0.61357			4
2024.09.10	03:21:04.361		0.61359			4
2024.09.10	03:21:04.662		0.61357			4
2024.09.10	03:21:06.215		0.61356			4
2024.09.10	03:21:09.097	0.61352				2
2024.09.10	03:21:09.788		0.61355			4
2024.09.10	03:21:10.132		0.61357			4
2024.09.10	03:21:12.528		0.61356			4
2024.09.10	03:21:13.088		0.61357			4
2024.09.10	03:21:14.298	0.61350	0.61354			6
2024.09.10	03:21:14.604	0.61349				2
2024.09.10	03:21:15.360		0.61352			4
2024.09.10	03:21:16.344		0.61353			4
2024.09.10	03:21:16.921		0.61352			4
2024.09.10	03:21:18.941		0.61351			4
2024.09.10	03:21:19.316		0.61353			4
2024.09.10	03:21:19.672		0.61352			4
2024.09.10	03:21:20.003		0.61353			4
2024.09.10	03:21:21.269		0.61352			4
2024.09.10	03:21:22.304		0.61354			4
2024.09.10	03:21:22.613		0.61352			4
2024.09.10	03:21:23.387		0.61354			4
2024.09.10	03:21:23.733		0.61352			4
2024.09.10	03:21:24.165		0.61351			4
2024.09.10	03:21:24.547		0.61353			4
2024.09.10	03:21:24.853		0.61351			4
2024.09.10	03:21:26.774	0.61348				2
2024.09.10	03:21:28.769	0.61345	0.61349			6
2024.09.10	03:21:29.097	0.61344	0.61348			6
2024.09.10	03:21:29.407	0.61342	0.61346			6
2024.09.10	03:21:35.426	0.61346	0.61347			6
2024.09.10	03:21:35.729	0.61349	0.61352			6
2024.09.10	03:21:36.443	0.61348				2
2024.09.10	03:21:37.604		0.61351			4
2024.09.10	03:21:41.764	0.61347	0.61350			6
2024.09.10	03:21:44.312	0.61346	0.61349			6
2024.09.10	03:21:47.965	0.61344	0.61348			6
2024.09.10	03:21:53.357		0.61347			4
2024.09.10	03:21:53.660	0.61343	0.61346			6
2024.09.10	03:21:56.230	0.61344				2
2024.09.10	03:21:56.600		0.61347			4
2024.09.10	03:21:57.878		0.61348			4
2024.09.10	03:22:00.074	0.61344				2
2024.09.10	03:22:14.610	0.61343	0.61347			6
2024.09.10	03:22:17.084	0.61344				2
2024.09.10	03:22:23.591	0.61343	0.61346			6
2024.09.10	03:22:30.506	0.61348	0.61350			6
2024.09.10	03:22:30.823		0.61352			4
2024.09.10	03:22:31.627		0.61350			4
2024.09.10	03:22:32.709	0.61347	0.61349			6
2024.09.10	03:22:33.391	0.61344	0.61348			6
2024.09.10	03:22:34.051		0.61347			4
2024.09.10	03:22:34.583	0.61347	0.61348			6
2024.09.10	03:22:34.886	0.61349	0.61353			6
2024.09.10	03:22:36.227	0.61348	0.61352			6
2024.09.10	03:22:40.287	0.61349	0.61353			6
2024.09.10	03:22:40.902	0.61350				2
2024.09.10	03:22:41.583	0.61349				2
2024.09.10	03:22:43.661	0.61350				2
2024.09.10	03:22:48.297	0.61352	0.61355			6
2024.09.10	03:22:50.230	0.61354	0.61357			6
2024.09.10	03:22:51.948	0.61352	0.61356			6
2024.09.10	03:22:57.891		0.61355			4
2024.09.10	03:22:59.608	0.61351	0.61354			6
2024.09.10	03:23:00.028	0.61351				2
2024.09.10	03:23:00.737		0.61355			4
2024.09.10	03:23:01.045		0.61354			4
2024.09.10	03:23:03.899	0.61353	0.61356			6
2024.09.10	03:23:05.097		0.61357			4
2024.09.10	03:23:05.452	0.61355	0.61358			6
2024.09.10	03:23:05.787		0.61357			4
2024.09.10	03:23:06.621	0.61353	0.61356			6
2024.09.10	03:23:06.929		0.61355			4
2024.09.10	03:23:15.736	0.61352	0.61354			6
2024.09.10	03:23:16.042	0.61350	0.61353			6
2024.09.10	03:23:22.785	0.61349				2
2024.09.10	03:23:24.683		0.61352			4
2024.09.10	03:23:24.988	0.61348	0.61351			6
2024.09.10	03:23:29.997	0.61351	0.61353			6
2024.09.10	03:23:30.302		0.61354			4
2024.09.10	03:23:34.904	0.61350	0.61353			6
2024.09.10	03:23:41.361	0.61347	0.61350			6
2024.09.10	03:23:42.356	0.61346	0.61349			6
2024.09.10	03:23:42.662	0.61347				2
2024.09.10	03:23:44.756	0.61346				2
2024.09.10	03:23:45.262		0.61348			4
2024.09.10	03:23:46.294		0.61349			4
2024.09.10	03:23:47.613		0.61348			4
2024.09.10	03:23:48.334		0.61349			4
2024.09.10	03:23:50.253		0.61348			4
2024.09.10	03:23:55.904	0.61345				2
