<DATE>	<TIME>	<BID>	<ASK>	<LAST>	<VOLUME>	<FLAGS>
2024.08.28	00:00:00.242	0.62308	0.62508			6
2024.08.28	00:00:00.655	0.62302	0.62502			6
2024.08.28	00:01:14.825	0.62314	0.62514			6
2024.08.28	00:01:15.921	0.62378	0.62531			6
2024.08.28	00:01:16.924	0.62384				2
2024.08.28	00:01:17.625		0.62440			4
2024.08.28	00:01:18.370		0.62531			4
2024.08.28	00:02:00.342	0.62384				2
2024.08.28	00:02:10.917		0.62535			4
2024.08.28	00:02:20.557	0.62472	0.62538			6
2024.08.28	00:02:21.477		0.62541			4
2024.08.28	00:02:21.863	0.62479				2
2024.08.28	00:02:22.910	0.62483				2
2024.08.28	00:02:34.009	0.62488				2
2024.08.28	00:03:43.284	0.62489	0.62541			6
2024.08.28	00:04:55.463	0.62489	0.62538			6
2024.08.28	00:04:56.736		0.62541			4
2024.08.28	00:05:00.587	0.62489				2
2024.08.28	00:05:49.412	0.62490				2
2024.08.28	00:05:49.812	0.62505				2
2024.08.28	00:05:50.120	0.62490				2
2024.08.28	00:07:37.036	0.62494	0.62543			6
2024.08.28	00:08:07.883	0.62494				2
2024.08.28	00:08:38.143		0.62543			4
2024.08.28	00:09:00.343	0.62494				2
2024.08.28	00:09:05.389	0.62498				2
2024.08.28	00:09:05.708	0.62494				2
2024.08.28	00:09:07.810		0.62542			4
2024.08.28	00:09:08.115		0.62543			4
2024.08.28	00:09:08.432		0.62542			4
2024.08.28	00:09:08.795		0.62543			4
2024.08.28	00:10:00.308	0.62494				2
2024.08.28	00:10:08.946		0.62543			4
2024.08.28	00:10:41.157		0.62542			4
2024.08.28	00:10:41.825		0.62543			4
2024.08.28	00:10:42.824		0.62541			4
2024.08.28	00:10:43.826		0.62542			4
2024.08.28	00:10:44.700	0.62504	0.62543			6
2024.08.28	00:10:45.276		0.62544			4
2024.08.28	00:10:45.861		0.62546			4
2024.08.28	00:10:49.234		0.62545			4
2024.08.28	00:10:50.344		0.62546			4
2024.08.28	00:10:52.243		0.62545			4
2024.08.28	00:10:53.346		0.62546			4
2024.08.28	00:10:53.963		0.62545			4
2024.08.28	00:10:55.144		0.62546			4
2024.08.28	00:10:55.544		0.62545			4
2024.08.28	00:10:56.366		0.62546			4
2024.08.28	00:10:56.730		0.62545			4
2024.08.28	00:10:57.817		0.62546			4
2024.08.28	00:10:58.843		0.62545			4
2024.08.28	00:11:00.244	0.62504				2
2024.08.28	00:11:01.447		0.62546			4
2024.08.28	00:11:03.637		0.62545			4
2024.08.28	00:11:04.493		0.62546			4
2024.08.28	00:11:08.350		0.62545			4
2024.08.28	00:11:09.052		0.62544			4
2024.08.28	00:11:10.146		0.62545			4
2024.08.28	00:11:11.745		0.62544			4
2024.08.28	00:11:12.840		0.62547			4
2024.08.28	00:11:16.695		0.62546			4
2024.08.28	00:11:17.956		0.62547			4
2024.08.28	00:11:19.528		0.62546			4
2024.08.28	00:11:21.244		0.62547			4
2024.08.28	00:11:21.629		0.62546			4
2024.08.28	00:11:22.482		0.62547			4
2024.08.28	00:11:24.336		0.62546			4
2024.08.28	00:11:24.858		0.62547			4
2024.08.28	00:11:26.427		0.62546			4
2024.08.28	00:11:26.965		0.62547			4
2024.08.28	00:11:27.341		0.62546			4
2024.08.28	00:11:28.146		0.62547			4
2024.08.28	00:11:28.901		0.62546			4
2024.08.28	00:11:29.949		0.62547			4
2024.08.28	00:11:30.931		0.62546			4
2024.08.28	00:11:31.456		0.62547			4
2024.08.28	00:11:32.129		0.62546			4
2024.08.28	00:11:32.662		0.62547			4
2024.08.28	00:11:44.089		0.62548			4
2024.08.28	00:11:47.127		0.62547			4
2024.08.28	00:11:49.451		0.62548			4
2024.08.28	00:11:49.834		0.62547			4
2024.08.28	00:11:51.030		0.62548			4
2024.08.28	00:11:51.626		0.62547			4
2024.08.28	00:11:53.364		0.62548			4
2024.08.28	00:11:54.332		0.62547			4
2024.08.28	00:11:56.346		0.62548			4
2024.08.28	00:11:59.426		0.62547			4
2024.08.28	00:11:59.891		0.62548			4
2024.08.28	00:12:00.327	0.62504				2
2024.08.28	00:12:02.237		0.62547			4
2024.08.28	00:12:02.767		0.62548			4
2024.08.28	00:12:03.132		0.62547			4
2024.08.28	00:12:04.448		0.62548			4
2024.08.28	00:12:05.442		0.62547			4
2024.08.28	00:12:06.863		0.62548			4
2024.08.28	00:12:07.842		0.62547			4
2024.08.28	00:12:08.617		0.62548			4
2024.08.28	00:12:08.962		0.62547			4
2024.08.28	00:12:09.263		0.62548			4
2024.08.28	00:12:09.637		0.62547			4
2024.08.28	00:12:10.444		0.62548			4
2024.08.28	00:12:18.948		0.62547			4
2024.08.28	00:12:19.333		0.62548			4
2024.08.28	00:12:22.446	0.62502	0.62535			6
2024.08.28	00:12:22.765	0.62484	0.62530			6
2024.08.28	00:12:27.865		0.62541			4
2024.08.28	00:12:28.315	0.62485				2
2024.08.28	00:12:29.311	0.62488				2
2024.08.28	00:12:34.812		0.62539			4
2024.08.28	00:12:36.026		0.62540			4
2024.08.28	00:12:36.980		0.62539			4
2024.08.28	00:12:38.415	0.62484	0.62530			6
2024.08.28	00:12:55.910		0.62538			4
2024.08.28	00:12:56.210	0.62485				2
2024.08.28	00:12:57.442	0.62488				2
2024.08.28	00:12:59.413		0.62539			4
2024.08.28	00:13:00.295	0.62488	0.62538			6
2024.08.28	00:13:02.952	0.62484	0.62518			6
2024.08.28	00:13:09.221	0.62506	0.62545			6
2024.08.28	00:13:10.502		0.62548			4
2024.08.28	00:13:13.514	0.62484	0.62517			6
2024.08.28	00:13:15.930	0.62471	0.62513			6
2024.08.28	00:13:16.232	0.62474	0.62517			6
2024.08.28	00:13:33.016		0.62520			4
2024.08.28	00:13:36.626		0.62518			4
2024.08.28	00:13:37.495		0.62520			4
2024.08.28	00:13:41.537		0.62518			4
2024.08.28	00:13:49.341	0.62476				2
2024.08.28	00:14:00.243	0.62476				2
2024.08.28	00:14:01.918		0.62522			4
2024.08.28	00:14:08.231		0.62516			4
2024.08.28	00:14:08.714		0.62515			4
2024.08.28	00:14:09.881		0.62517			4
2024.08.28	00:14:11.344		0.62518			4
2024.08.28	00:14:12.118		0.62517			4
2024.08.28	00:14:13.218		0.62518			4
2024.08.28	00:14:18.041		0.62519			4
2024.08.28	00:14:19.131		0.62518			4
2024.08.28	00:14:22.317		0.62519			4
2024.08.28	00:14:22.631		0.62520			4
2024.08.28	00:14:23.311		0.62519			4
2024.08.28	00:14:23.641		0.62520			4
2024.08.28	00:14:23.945		0.62519			4
2024.08.28	00:14:24.289	0.62477				2
2024.08.28	00:14:24.621		0.62518			4
2024.08.28	00:14:26.114		0.62519			4
2024.08.28	00:14:26.500		0.62521			4
2024.08.28	00:14:26.906		0.62519			4
2024.08.28	00:14:27.462		0.62521			4
2024.08.28	00:14:27.812		0.62520			4
2024.08.28	00:14:28.122		0.62519			4
2024.08.28	00:14:29.837		0.62520			4
2024.08.28	00:14:30.155		0.62521			4
2024.08.28	00:14:30.618		0.62519			4
2024.08.28	00:14:31.027		0.62518			4
2024.08.28	00:14:31.617		0.62519			4
2024.08.28	00:14:31.918		0.62518			4
2024.08.28	00:14:38.417		0.62519			4
2024.08.28	00:14:38.817		0.62518			4
2024.08.28	00:14:51.124		0.62520			4
2024.08.28	00:14:51.848		0.62518			4
2024.08.28	00:14:54.042		0.62519			4
2024.08.28	00:14:54.515		0.62518			4
2024.08.28	00:14:55.942		0.62520			4
2024.08.28	00:14:56.307		0.62518			4
2024.08.28	00:14:56.703		0.62519			4
2024.08.28	00:14:57.025		0.62518			4
2024.08.28	00:14:57.604		0.62517			4
2024.08.28	00:14:58.723		0.62518			4
2024.08.28	00:14:59.426		0.62517			4
2024.08.28	00:14:59.757		0.62518			4
2024.08.28	00:15:00.242	0.62477	0.62517			6
2024.08.28	00:15:00.547		0.62518			4
2024.08.28	00:15:01.053		0.62519			4
2024.08.28	00:15:01.405		0.62518			4
2024.08.28	00:15:02.113		0.62519			4
2024.08.28	00:15:03.226		0.62517			4
2024.08.28	00:15:06.990		0.62519			4
2024.08.28	00:15:07.412		0.62518			4
2024.08.28	00:15:07.723		0.62519			4
2024.08.28	00:15:08.035		0.62518			4
2024.08.28	00:15:08.667		0.62519			4
2024.08.28	00:15:09.021		0.62518			4
2024.08.28	00:15:10.011		0.62517			4
2024.08.28	00:15:11.837		0.62518			4
2024.08.28	00:15:12.211		0.62517			4
2024.08.28	00:15:12.718		0.62518			4
2024.08.28	00:15:13.215		0.62517			4
2024.08.28	00:15:15.432		0.62518			4
2024.08.28	00:15:15.836		0.62517			4
2024.08.28	00:15:16.584		0.62520			4
2024.08.28	00:15:16.999		0.62519			4
2024.08.28	00:15:17.716		0.62518			4
2024.08.28	00:15:18.277		0.62519			4
2024.08.28	00:15:18.616		0.62518			4
2024.08.28	00:15:21.618		0.62520			4
2024.08.28	00:15:22.111		0.62518			4
2024.08.28	00:15:22.617		0.62520			4
2024.08.28	00:15:23.022		0.62518			4
2024.08.28	00:15:23.833		0.62520			4
2024.08.28	00:15:24.539		0.62518			4
2024.08.28	00:15:26.219		0.62520			4
2024.08.28	00:15:26.924		0.62518			4
2024.08.28	00:15:27.856		0.62520			4
2024.08.28	00:15:28.761		0.62518			4
2024.08.28	00:15:29.221		0.62520			4
2024.08.28	00:15:29.715		0.62518			4
2024.08.28	00:15:30.314		0.62520			4
2024.08.28	00:15:30.833	0.62486	0.62525			6
2024.08.28	00:15:31.134		0.62524			4
2024.08.28	00:15:31.443		0.62525			4
2024.08.28	00:15:31.775		0.62524			4
2024.08.28	00:15:32.340		0.62525			4
2024.08.28	00:15:32.643		0.62523			4
2024.08.28	00:15:33.001	0.62485	0.62524			6
2024.08.28	00:15:34.037		0.62525			4
2024.08.28	00:15:34.743		0.62524			4
2024.08.28	00:15:35.117		0.62527			4
2024.08.28	00:15:35.881		0.62526			4
2024.08.28	00:15:36.316		0.62525			4
2024.08.28	00:15:36.717		0.62524			4
2024.08.28	00:15:37.021		0.62525			4
2024.08.28	00:15:38.324		0.62524			4
2024.08.28	00:15:40.144		0.62525			4
2024.08.28	00:15:40.662		0.62524			4
2024.08.28	00:15:41.077		0.62528			4
2024.08.28	00:15:41.623		0.62525			4
2024.08.28	00:15:43.279		0.62526			4
2024.08.28	00:15:43.617		0.62527			4
2024.08.28	00:15:45.316		0.62526			4
2024.08.28	00:15:45.630		0.62524			4
2024.08.28	00:15:46.606		0.62525			4
2024.08.28	00:15:47.218		0.62524			4
2024.08.28	00:15:48.318		0.62526			4
2024.08.28	00:15:49.518		0.62525			4
2024.08.28	00:15:52.319		0.62526			4
2024.08.28	00:15:53.114		0.62525			4
2024.08.28	00:15:53.823		0.62526			4
2024.08.28	00:15:54.210		0.62525			4
2024.08.28	00:15:55.618		0.62526			4
2024.08.28	00:15:56.001	0.62489				2
2024.08.28	00:15:56.426		0.62527			4
2024.08.28	00:15:56.818		0.62526			4
2024.08.28	00:15:58.819		0.62527			4
2024.08.28	00:15:59.525		0.62526			4
2024.08.28	00:16:00.325	0.62489	0.62527			6
2024.08.28	00:16:01.021		0.62526			4
2024.08.28	00:16:01.827		0.62527			4
2024.08.28	00:16:02.290		0.62526			4
2024.08.28	00:16:03.025		0.62527			4
2024.08.28	00:16:03.421		0.62526			4
2024.08.28	00:16:03.801		0.62527			4
2024.08.28	00:16:04.229		0.62529			4
2024.08.28	00:16:04.634	0.62479	0.62519			6
2024.08.28	00:16:13.266	0.62488	0.62527			6
2024.08.28	00:16:15.013		0.62528			4
2024.08.28	00:16:29.097		0.62527			4
2024.08.28	00:16:29.877		0.62528			4
2024.08.28	00:16:33.256	0.62472	0.62518			6
2024.08.28	00:16:38.183	0.62470	0.62527			6
2024.08.28	00:16:39.340	0.62471				2
2024.08.28	00:16:42.616		0.62526			4
2024.08.28	00:16:42.944		0.62525			4
2024.08.28	00:16:43.517		0.62529			4
2024.08.28	00:16:43.885		0.62530			4
2024.08.28	00:16:44.218		0.62528			4
2024.08.28	00:16:45.014		0.62530			4
2024.08.28	00:16:45.618		0.62528			4
2024.08.28	00:16:47.116		0.62529			4
2024.08.28	00:16:47.520		0.62532			4
2024.08.28	00:16:47.909		0.62530			4
2024.08.28	00:16:49.619		0.62531			4
2024.08.28	00:16:51.916		0.62530			4
2024.08.28	00:16:53.051		0.62531			4
2024.08.28	00:16:53.417		0.62530			4
2024.08.28	00:16:54.842		0.62531			4
2024.08.28	00:16:55.217		0.62530			4
2024.08.28	00:16:55.810		0.62531			4
2024.08.28	00:16:56.114		0.62530			4
2024.08.28	00:16:56.487		0.62531			4
2024.08.28	00:16:57.016		0.62530			4
2024.08.28	00:16:57.418	0.62470	0.62527			6
2024.08.28	00:16:57.915		0.62528			4
2024.08.28	00:17:00.719	0.62470				2
2024.08.28	00:17:07.289	0.62469				2
2024.08.28	00:17:07.777		0.62527			4
2024.08.28	00:17:11.818		0.62528			4
2024.08.28	00:17:12.315		0.62527			4
2024.08.28	00:17:12.718		0.62528			4
2024.08.28	00:17:13.821		0.62527			4
2024.08.28	00:17:14.217		0.62528			4
2024.08.28	00:17:14.714		0.62527			4
2024.08.28	00:17:15.119		0.62528			4
2024.08.28	00:17:15.618		0.62527			4
2024.08.28	00:17:18.008	0.62470	0.62528			6
2024.08.28	00:17:18.616		0.62527			4
2024.08.28	00:17:20.482		0.62528			4
2024.08.28	00:17:22.018		0.62529			4
2024.08.28	00:17:22.387		0.62528			4
2024.08.28	00:17:22.917		0.62529			4
2024.08.28	00:17:23.931	0.62469	0.62528			6
2024.08.28	00:17:25.617		0.62527			4
2024.08.28	00:17:25.919		0.62528			4
2024.08.28	00:17:29.716		0.62527			4
2024.08.28	00:17:31.020	0.62472				2
2024.08.28	00:17:32.721		0.62532			4
2024.08.28	00:17:33.026		0.62531			4
2024.08.28	00:17:35.152	0.62473				2
2024.08.28	00:17:37.523		0.62529			4
2024.08.28	00:17:38.116		0.62531			4
2024.08.28	00:17:38.759	0.62472				2
2024.08.28	00:17:39.614		0.62532			4
2024.08.28	00:17:39.920		0.62530			4
2024.08.28	00:17:40.319	0.62473				2
2024.08.28	00:18:00.718	0.62473				2
2024.08.28	00:18:02.976		0.62531			4
2024.08.28	00:18:05.517		0.62532			4
2024.08.28	00:18:06.016		0.62531			4
2024.08.28	00:18:07.917		0.62532			4
2024.08.28	00:18:08.415		0.62531			4
2024.08.28	00:18:09.718		0.62532			4
2024.08.28	00:18:10.216		0.62531			4
2024.08.28	00:18:15.419		0.62532			4
2024.08.28	00:18:15.915		0.62531			4
2024.08.28	00:18:16.317		0.62532			4
2024.08.28	00:18:16.815		0.62531			4
2024.08.28	00:18:18.417		0.62532			4
2024.08.28	00:18:18.915		0.62531			4
2024.08.28	00:18:21.118		0.62532			4
2024.08.28	00:18:21.614		0.62531			4
2024.08.28	00:18:28.125	0.62478	0.62536			6
2024.08.28	00:18:32.415		0.62539			4
2024.08.28	00:18:32.722	0.62480				2
2024.08.28	00:18:33.047	0.62478				2
2024.08.28	00:18:33.362	0.62479	0.62541			6
2024.08.28	00:18:34.151	0.62480				2
2024.08.28	00:18:35.345		0.62540			4
2024.08.28	00:18:35.781	0.62482				2
2024.08.28	00:18:36.216	0.62481	0.62541			6
2024.08.28	00:18:36.614	0.62479				2
2024.08.28	00:18:37.312	0.62480				2
2024.08.28	00:18:40.167		0.62540			4
2024.08.28	00:18:43.444	0.62479	0.62532			6
2024.08.28	00:18:43.762	0.62473	0.62531			6
2024.08.28	00:18:45.015		0.62530			4
2024.08.28	00:18:45.559	0.62474	0.62532			6
2024.08.28	00:18:46.215		0.62531			4
2024.08.28	00:18:49.917		0.62532			4
2024.08.28	00:18:50.415		0.62531			4
2024.08.28	00:18:53.519		0.62532			4
2024.08.28	00:18:53.938		0.62531			4
2024.08.28	00:19:00.118	0.62474				2
2024.08.28	00:19:12.706		0.62532			4
2024.08.28	00:19:15.419		0.62531			4
2024.08.28	00:19:16.814		0.62532			4
2024.08.28	00:19:18.126		0.62531			4
2024.08.28	00:19:19.215		0.62532			4
2024.08.28	00:19:20.518		0.62531			4
2024.08.28	00:19:21.614		0.62532			4
2024.08.28	00:19:25.317		0.62531			4
2024.08.28	00:19:26.713		0.62532			4
2024.08.28	00:19:27.718		0.62531			4
2024.08.28	00:19:28.759		0.62532			4
2024.08.28	00:19:29.145		0.62531			4
2024.08.28	00:19:30.315		0.62532			4
2024.08.28	00:19:31.318		0.62531			4
2024.08.28	00:19:31.754		0.62532			4
2024.08.28	00:19:32.218		0.62530			4
2024.08.28	00:19:32.655	0.62473				2
2024.08.28	00:19:33.917		0.62531			4
2024.08.28	00:19:34.300		0.62532			4
2024.08.28	00:19:34.622		0.62530			4
2024.08.28	00:19:35.115		0.62532			4
2024.08.28	00:19:35.517		0.62530			4
2024.08.28	00:19:37.214		0.62532			4
2024.08.28	00:19:40.215		0.62531			4
2024.08.28	00:19:41.414		0.62532			4
2024.08.28	00:19:43.816		0.62531			4
2024.08.28	00:19:45.117		0.62532			4
2024.08.28	00:19:46.216		0.62530			4
2024.08.28	00:19:46.764		0.62532			4
2024.08.28	00:19:47.729		0.62530			4
2024.08.28	00:19:48.318		0.62532			4
2024.08.28	00:19:48.698		0.62530			4
2024.08.28	00:19:49.215		0.62532			4
2024.08.28	00:19:49.745	0.62481				2
2024.08.28	00:19:50.114		0.62531			4
2024.08.28	00:19:52.919		0.62532			4
2024.08.28	00:19:54.614		0.62531			4
2024.08.28	00:19:56.817		0.62532			4
2024.08.28	00:19:57.632		0.62531			4
2024.08.28	00:20:00.417	0.62481	0.62532			6
2024.08.28	00:20:01.814		0.62531			4
2024.08.28	00:20:02.816		0.62532			4
2024.08.28	00:20:03.313		0.62531			4
2024.08.28	00:20:04.617		0.62532			4
2024.08.28	00:20:06.123		0.62531			4
2024.08.28	00:20:07.716		0.62532			4
2024.08.28	00:20:08.692		0.62531			4
2024.08.28	00:20:10.017		0.62532			4
2024.08.28	00:20:11.562		0.62531			4
2024.08.28	00:20:12.119		0.62532			4
2024.08.28	00:20:12.419		0.62531			4
2024.08.28	00:20:12.807	0.62480	0.62532			6
2024.08.28	00:20:13.785		0.62531			4
2024.08.28	00:20:14.922		0.62532			4
2024.08.28	00:20:31.835		0.62531			4
2024.08.28	00:20:32.264		0.62532			4
2024.08.28	00:20:34.017		0.62531			4
2024.08.28	00:20:34.516		0.62532			4
2024.08.28	00:20:35.221		0.62531			4
2024.08.28	00:20:36.914		0.62532			4
2024.08.28	00:20:37.219		0.62531			4
2024.08.28	00:20:39.920		0.62532			4
2024.08.28	00:20:40.826		0.62531			4
2024.08.28	00:20:42.619		0.62532			4
2024.08.28	00:20:43.192		0.62531			4
2024.08.28	00:20:43.776		0.62532			4
2024.08.28	00:20:45.720		0.62531			4
2024.08.28	00:20:46.815		0.62532			4
2024.08.28	00:20:47.518		0.62531			4
2024.08.28	00:20:48.014		0.62532			4
2024.08.28	00:20:49.143		0.62531			4
2024.08.28	00:20:49.813		0.62532			4
2024.08.28	00:20:50.217		0.62531			4
2024.08.28	00:20:50.718		0.62532			4
2024.08.28	00:20:51.421		0.62531			4
2024.08.28	00:20:52.444	0.62479				2
2024.08.28	00:21:00.343	0.62479				2
2024.08.28	00:21:01.443		0.62530			4
2024.08.28	00:21:03.014		0.62531			4
2024.08.28	00:21:04.145		0.62532			4
2024.08.28	00:21:06.753	0.62481	0.62533			6
2024.08.28	00:21:19.919		0.62532			4
2024.08.28	00:21:21.916		0.62533			4
2024.08.28	00:21:22.317		0.62532			4
2024.08.28	00:21:22.816		0.62533			4
2024.08.28	00:21:23.219		0.62532			4
2024.08.28	00:21:27.614		0.62533			4
2024.08.28	00:21:28.017		0.62532			4
2024.08.28	00:21:29.114		0.62533			4
2024.08.28	00:21:29.427		0.62532			4
2024.08.28	00:21:30.015		0.62533			4
2024.08.28	00:21:30.422		0.62532			4
2024.08.28	00:21:30.916		0.62533			4
2024.08.28	00:21:31.317		0.62532			4
2024.08.28	00:21:31.818		0.62533			4
2024.08.28	00:21:33.418		0.62532			4
2024.08.28	00:21:33.914		0.62533			4
2024.08.28	00:21:34.319		0.62532			4
2024.08.28	00:21:34.814		0.62533			4
2024.08.28	00:21:35.152		0.62532			4
2024.08.28	00:21:35.715		0.62533			4
2024.08.28	00:21:38.219		0.62532			4
2024.08.28	00:21:39.314		0.62533			4
2024.08.28	00:21:40.283		0.62532			4
2024.08.28	00:21:40.767		0.62533			4
2024.08.28	00:21:42.126		0.62532			4
2024.08.28	00:21:42.616		0.62533			4
2024.08.28	00:21:47.142		0.62532			4
2024.08.28	00:21:48.017		0.62533			4
2024.08.28	00:21:50.821		0.62532			4
2024.08.28	00:21:51.314		0.62533			4
2024.08.28	00:21:52.018		0.62532			4
2024.08.28	00:21:52.821		0.62533			4
2024.08.28	00:21:53.202		0.62532			4
2024.08.28	00:21:53.715		0.62533			4
2024.08.28	00:21:56.045		0.62532			4
2024.08.28	00:21:56.413		0.62533			4
2024.08.28	00:21:57.107		0.62531			4
2024.08.28	00:21:57.917		0.62533			4
2024.08.28	00:21:58.286		0.62531			4
2024.08.28	00:21:58.818		0.62533			4
2024.08.28	00:21:59.817		0.62531			4
2024.08.28	00:22:00.315	0.62481	0.62533			6
2024.08.28	00:22:00.718		0.62531			4
2024.08.28	00:22:03.917		0.62532			4
2024.08.28	00:22:05.345		0.62531			4
2024.08.28	00:22:06.916		0.62532			4
2024.08.28	00:22:07.317		0.62531			4
2024.08.28	00:22:07.813		0.62532			4
2024.08.28	00:22:08.218		0.62531			4
2024.08.28	00:22:08.714		0.62532			4
2024.08.28	00:22:09.334		0.62531			4
2024.08.28	00:22:10.263		0.62532			4
2024.08.28	00:22:10.774		0.62531			4
2024.08.28	00:22:11.123		0.62532			4
2024.08.28	00:22:11.517		0.62531			4
2024.08.28	00:22:12.915		0.62532			4
2024.08.28	00:22:14.524		0.62531			4
2024.08.28	00:22:17.415		0.62532			4
2024.08.28	00:22:17.799		0.62531			4
2024.08.28	00:22:18.619		0.62532			4
2024.08.28	00:22:19.449		0.62531			4
2024.08.28	00:22:19.819		0.62532			4
2024.08.28	00:22:20.519		0.62531			4
2024.08.28	00:22:24.314		0.62532			4
2024.08.28	00:22:25.017		0.62531			4
2024.08.28	00:22:29.414		0.62532			4
2024.08.28	00:23:00.613	0.62481				2
2024.08.28	00:23:07.647		0.62531			4
2024.08.28	00:23:07.979		0.62532			4
2024.08.28	00:23:12.582	0.62479	0.62538			6
2024.08.28	00:23:13.095	0.62478				2
2024.08.28	00:23:13.817		0.62537			4
2024.08.28	00:23:14.566	0.62480				2
2024.08.28	00:23:15.562	0.62481				2
2024.08.28	00:23:16.595		0.62538			4
2024.08.28	00:23:16.922		0.62537			4
2024.08.28	00:23:17.234		0.62536			4
2024.08.28	00:23:18.021		0.62537			4
2024.08.28	00:23:18.417		0.62536			4
2024.08.28	00:23:20.115		0.62537			4
2024.08.28	00:23:20.816		0.62536			4
2024.08.28	00:23:21.253		0.62537			4
2024.08.28	00:23:21.849		0.62536			4
2024.08.28	00:23:23.933	0.62480	0.62538			6
2024.08.28	00:23:24.254		0.62537			4
2024.08.28	00:23:24.912		0.62538			4
2024.08.28	00:23:25.380		0.62539			4
2024.08.28	00:23:26.114		0.62537			4
2024.08.28	00:23:26.792		0.62539			4
2024.08.28	00:23:27.211		0.62538			4
2024.08.28	00:23:27.617		0.62539			4
2024.08.28	00:23:28.104		0.62538			4
2024.08.28	00:23:28.520		0.62539			4
2024.08.28	00:23:30.244	0.62481	0.62535			6
2024.08.28	00:23:30.867		0.62537			4
2024.08.28	00:23:31.188	0.62480				2
2024.08.28	00:23:33.317		0.62536			4
2024.08.28	00:23:39.476	0.62481				2
2024.08.28	00:23:39.937		0.62537			4
2024.08.28	00:23:44.664		0.62538			4
2024.08.28	00:23:45.217		0.62537			4
2024.08.28	00:23:45.520		0.62538			4
2024.08.28	00:23:45.822		0.62537			4
2024.08.28	00:23:48.112		0.62538			4
2024.08.28	00:23:48.625		0.62537			4
2024.08.28	00:23:49.992		0.62536			4
2024.08.28	00:23:50.714		0.62538			4
2024.08.28	00:23:52.376		0.62537			4
2024.08.28	00:23:53.613	0.62480				2
2024.08.28	00:24:00.986	0.62480	0.62536			6
2024.08.28	00:24:03.018		0.62537			4
2024.08.28	00:24:03.419		0.62536			4
2024.08.28	00:24:03.917		0.62537			4
2024.08.28	00:24:04.317		0.62536			4
2024.08.28	00:24:05.413		0.62537			4
2024.08.28	00:24:06.420		0.62536			4
2024.08.28	00:24:08.119		0.62537			4
2024.08.28	00:24:09.118		0.62536			4
2024.08.28	00:24:11.114		0.62537			4
2024.08.28	00:24:11.472		0.62536			4
2024.08.28	00:24:12.643		0.62538			4
2024.08.28	00:24:14.518		0.62537			4
2024.08.28	00:24:15.624		0.62538			4
2024.08.28	00:24:17.726		0.62539			4
2024.08.28	00:24:18.724		0.62538			4
2024.08.28	00:24:19.734		0.62539			4
2024.08.28	00:24:20.494		0.62538			4
2024.08.28	00:24:27.420		0.62537			4
2024.08.28	00:24:28.015		0.62538			4
2024.08.28	00:24:38.518		0.62539			4
2024.08.28	00:24:39.615		0.62538			4
2024.08.28	00:24:40.917		0.62539			4
2024.08.28	00:24:42.615		0.62538			4
2024.08.28	00:24:43.917		0.62539			4
2024.08.28	00:24:45.011		0.62538			4
2024.08.28	00:24:46.620		0.62539			4
2024.08.28	00:24:53.715		0.62538			4
2024.08.28	00:24:54.119		0.62539			4
2024.08.28	00:24:54.619		0.62538			4
2024.08.28	00:24:55.028		0.62539			4
2024.08.28	00:24:57.016		0.62538			4
2024.08.28	00:24:57.564		0.62539			4
2024.08.28	00:24:58.817		0.62538			4
2024.08.28	00:24:59.817		0.62539			4
2024.08.28	00:25:00.614	0.62480				2
2024.08.28	00:25:00.914		0.62538			4
2024.08.28	00:25:01.288	0.62481	0.62539			6
2024.08.28	00:25:01.765		0.62538			4
2024.08.28	00:25:02.862	0.62480	0.62539			6
2024.08.28	00:25:03.547		0.62537			4
2024.08.28	00:25:03.916		0.62538			4
2024.08.28	00:25:04.320		0.62537			4
2024.08.28	00:25:05.421		0.62538			4
2024.08.28	00:25:14.551		0.62539			4
2024.08.28	00:25:16.514		0.62538			4
2024.08.28	00:25:22.319		0.62539			4
2024.08.28	00:25:24.422		0.62540			4
2024.08.28	00:25:25.061		0.62539			4
2024.08.28	00:25:26.118		0.62538			4
2024.08.28	00:25:26.586		0.62540			4
2024.08.28	00:25:27.621		0.62539			4
2024.08.28	00:25:32.369		0.62540			4
2024.08.28	00:25:32.683		0.62539			4
2024.08.28	00:25:33.311		0.62538			4
2024.08.28	00:25:33.913		0.62539			4
2024.08.28	00:25:34.389		0.62538			4
2024.08.28	00:26:00.346	0.62495	0.62543			6
2024.08.28	00:26:00.662		0.62544			4
2024.08.28	00:26:01.070	0.62496				2
2024.08.28	00:26:01.560	0.62484	0.62538			6
2024.08.28	00:26:01.861	0.62492	0.62541			6
2024.08.28	00:26:03.956	0.62493				2
2024.08.28	00:26:04.459		0.62540			4
2024.08.28	00:26:06.614		0.62541			4
2024.08.28	00:26:07.322		0.62540			4
2024.08.28	00:26:07.693		0.62541			4
2024.08.28	00:26:08.472		0.62542			4
2024.08.28	00:26:11.113		0.62541			4
2024.08.28	00:26:11.817		0.62542			4
2024.08.28	00:26:12.225		0.62541			4
2024.08.28	00:26:13.326		0.62542			4
2024.08.28	00:26:26.654		0.62543			4
2024.08.28	00:26:27.719		0.62542			4
2024.08.28	00:26:37.525	0.62492				2
2024.08.28	00:27:02.873	0.62492				2
2024.08.28	00:27:07.283		0.62543			4
2024.08.28	00:27:09.635		0.62542			4
2024.08.28	00:27:09.955		0.62543			4
2024.08.28	00:27:10.281		0.62542			4
2024.08.28	00:27:10.595		0.62543			4
2024.08.28	00:27:12.895		0.62541			4
2024.08.28	00:27:14.115		0.62542			4
2024.08.28	00:27:47.904		0.62539			4
2024.08.28	00:27:48.356		0.62540			4
2024.08.28	00:27:48.810		0.62539			4
2024.08.28	00:27:54.016		0.62540			4
2024.08.28	00:27:54.503		0.62539			4
2024.08.28	00:27:55.218		0.62540			4
2024.08.28	00:27:55.616		0.62539			4
2024.08.28	00:27:56.416		0.62540			4
2024.08.28	00:27:59.414		0.62542			4
2024.08.28	00:27:59.818		0.62540			4
2024.08.28	00:28:00.320	0.62492				2
2024.08.28	00:28:05.713		0.62542			4
2024.08.28	00:28:06.138		0.62541			4
2024.08.28	00:28:06.536		0.62540			4
2024.08.28	00:28:08.118		0.62541			4
2024.08.28	00:28:08.623		0.62540			4
2024.08.28	00:28:09.917		0.62541			4
2024.08.28	00:28:10.287		0.62540			4
2024.08.28	00:28:12.615		0.62542			4
2024.08.28	00:28:13.021		0.62540			4
2024.08.28	00:28:13.522		0.62542			4
2024.08.28	00:28:14.824		0.62540			4
2024.08.28	00:28:15.315		0.62541			4
2024.08.28	00:28:15.719		0.62540			4
2024.08.28	00:28:17.414		0.62542			4
2024.08.28	00:28:17.841		0.62540			4
2024.08.28	00:28:23.569		0.62542			4
2024.08.28	00:28:24.830		0.62540			4
2024.08.28	00:28:26.718		0.62542			4
2024.08.28	00:28:27.118		0.62540			4
2024.08.28	00:28:30.015		0.62542			4
2024.08.28	00:28:30.722		0.62541			4
2024.08.28	00:28:32.021		0.62542			4
2024.08.28	00:28:32.523		0.62540			4
2024.08.28	00:28:33.615		0.62541			4
2024.08.28	00:28:34.099		0.62540			4
2024.08.28	00:28:40.221		0.62542			4
2024.08.28	00:28:40.617		0.62540			4
2024.08.28	00:28:41.125		0.62541			4
2024.08.28	00:28:41.755		0.62540			4
2024.08.28	00:28:42.617		0.62542			4
2024.08.28	00:28:43.018		0.62541			4
2024.08.28	00:28:43.318		0.62540			4
2024.08.28	00:28:45.016		0.62541			4
2024.08.28	00:28:45.717		0.62540			4
2024.08.28	00:28:47.119		0.62541			4
2024.08.28	00:28:47.454		0.62540			4
2024.08.28	00:28:48.019		0.62542			4
2024.08.28	00:28:48.722		0.62540			4
2024.08.28	00:28:49.513		0.62542			4
2024.08.28	00:28:49.918		0.62540			4
2024.08.28	00:28:50.417		0.62542			4
2024.08.28	00:28:50.818		0.62540			4
2024.08.28	00:28:52.522		0.62542			4
2024.08.28	00:28:52.938		0.62540			4
2024.08.28	00:28:54.615		0.62542			4
2024.08.28	00:28:55.021		0.62540			4
2024.08.28	00:28:56.414		0.62542			4
2024.08.28	00:28:56.818		0.62540			4
2024.08.28	00:28:57.320		0.62542			4
2024.08.28	00:28:57.720		0.62540			4
2024.08.28	00:28:58.219		0.62542			4
2024.08.28	00:28:58.558		0.62540			4
2024.08.28	00:29:00.017	0.62492	0.62542			6
2024.08.28	00:29:00.465		0.62540			4
2024.08.28	00:29:01.820		0.62542			4
2024.08.28	00:29:02.218		0.62540			4
2024.08.28	00:29:05.419		0.62541			4
2024.08.28	00:29:05.757		0.62540			4
2024.08.28	00:29:06.322		0.62542			4
2024.08.28	00:29:06.761		0.62540			4
2024.08.28	00:29:07.218		0.62542			4
2024.08.28	00:29:08.232		0.62540			4
2024.08.28	00:29:10.816		0.62541			4
2024.08.28	00:29:11.622		0.62540			4
2024.08.28	00:29:12.015		0.62542			4
2024.08.28	00:29:12.421		0.62540			4
2024.08.28	00:29:12.841	0.62491				2
2024.08.28	00:29:16.814		0.62542			4
2024.08.28	00:29:17.518		0.62540			4
2024.08.28	00:29:18.016		0.62542			4
2024.08.28	00:29:18.420		0.62540			4
2024.08.28	00:29:18.917		0.62542			4
2024.08.28	00:29:19.278		0.62540			4
2024.08.28	00:29:21.614		0.62542			4
2024.08.28	00:29:22.110		0.62540			4
2024.08.28	00:29:23.719		0.62542			4
2024.08.28	00:29:24.121		0.62540			4
2024.08.28	00:29:24.915		0.62542			4
2024.08.28	00:29:25.317		0.62540			4
2024.08.28	00:29:27.731		0.62541			4
2024.08.28	00:29:28.271		0.62540			4
2024.08.28	00:29:29.119		0.62541			4
2024.08.28	00:29:29.519		0.62540			4
2024.08.28	00:29:30.014		0.62541			4
2024.08.28	00:29:30.418		0.62540			4
2024.08.28	00:29:30.914		0.62541			4
2024.08.28	00:29:31.317		0.62540			4
2024.08.28	00:29:32.123		0.62541			4
2024.08.28	00:29:34.299		0.62540			4
2024.08.28	00:29:35.124		0.62541			4
2024.08.28	00:29:36.125		0.62540			4
2024.08.28	00:29:37.723		0.62541			4
2024.08.28	00:29:41.720	0.62490				2
2024.08.28	00:30:00.430	0.62491				2
2024.08.28	00:30:02.624	0.62493				2
2024.08.28	00:30:06.941	0.62492				2
2024.08.28	00:30:14.551	0.62494				2
2024.08.28	00:30:29.395	0.62492				2
2024.08.28	00:30:32.773	0.62491				2
2024.08.28	00:30:33.430	0.62492				2
2024.08.28	00:30:37.772	0.62493	0.62541			6
2024.08.28	00:30:38.180	0.62494				2
2024.08.28	00:30:38.547	0.62492				2
2024.08.28	00:30:38.893	0.62494				2
2024.08.28	00:30:39.219	0.62490				2
2024.08.28	00:30:39.559	0.62488	0.62538			6
2024.08.28	00:30:41.083	0.62489				2
2024.08.28	00:30:57.315	0.62490	0.62540			6
2024.08.28	00:30:57.686	0.62491				2
2024.08.28	00:31:00.615	0.62491				2
2024.08.28	00:31:14.494	0.62489	0.62537			6
2024.08.28	00:31:15.116		0.62538			4
2024.08.28	00:31:20.661		0.62536			4
2024.08.28	00:31:20.971	0.62490	0.62538			6
2024.08.28	00:31:38.415	0.62491				2
2024.08.28	00:31:40.020	0.62490				2
2024.08.28	00:31:40.516	0.62491				2
2024.08.28	00:31:42.119	0.62490				2
2024.08.28	00:31:42.614	0.62491				2
2024.08.28	00:31:45.417	0.62490				2
2024.08.28	00:31:52.381	0.62489				2
2024.08.28	00:31:54.614	0.62490				2
2024.08.28	00:31:55.621	0.62489				2
2024.08.28	00:31:58.214	0.62490				2
2024.08.28	00:31:58.619	0.62489				2
2024.08.28	00:31:59.117	0.62490				2
2024.08.28	00:31:59.516	0.62489				2
2024.08.28	00:32:00.317	0.62490				2
2024.08.28	00:32:01.319	0.62489				2
2024.08.28	00:32:01.813	0.62490				2
2024.08.28	00:32:02.223	0.62489				2
2024.08.28	00:32:02.716	0.62490				2
2024.08.28	00:32:03.120	0.62489				2
2024.08.28	00:32:06.614	0.62488				2
2024.08.28	00:32:07.515	0.62489				2
2024.08.28	00:32:09.119	0.62488				2
2024.08.28	00:32:09.617	0.62489				2
2024.08.28	00:32:19.744		0.62537			4
2024.08.28	00:32:20.088		0.62538			4
2024.08.28	00:32:20.713	0.62490				2
2024.08.28	00:32:23.824	0.62491				2
2024.08.28	00:32:26.517	0.62490				2
2024.08.28	00:32:27.315	0.62491				2
2024.08.28	00:32:28.919	0.62490				2
2024.08.28	00:32:29.715	0.62491				2
2024.08.28	00:32:30.302	0.62488				2
2024.08.28	00:32:31.514	0.62490	0.62541			6
2024.08.28	00:32:36.418	0.62488	0.62538			6
2024.08.28	00:32:37.499	0.62490	0.62539			6
2024.08.28	00:32:38.021	0.62491				2
2024.08.28	00:32:38.997	0.62490				2
2024.08.28	00:32:39.420	0.62491				2
2024.08.28	00:32:39.914	0.62492				2
2024.08.28	00:32:40.916	0.62491				2
2024.08.28	00:32:42.024	0.62492				2
2024.08.28	00:32:43.018	0.62491				2
2024.08.28	00:32:43.660	0.62492				2
2024.08.28	00:32:44.715	0.62493				2
2024.08.28	00:32:45.418	0.62492				2
2024.08.28	00:32:45.914	0.62493				2
2024.08.28	00:32:46.384	0.62491				2
2024.08.28	00:32:46.739	0.62492				2
2024.08.28	00:32:47.216	0.62491				2
2024.08.28	00:32:47.723	0.62492				2
2024.08.28	00:32:48.119	0.62491				2
2024.08.28	00:32:48.624	0.62490	0.62541			6
2024.08.28	00:32:48.929	0.62491	0.62539			6
2024.08.28	00:32:49.254	0.62490	0.62538			6
2024.08.28	00:32:49.567	0.62492	0.62539			6
2024.08.28	00:32:50.209	0.62491				2
2024.08.28	00:32:53.944	0.62492				2
2024.08.28	00:32:54.247		0.62541			4
2024.08.28	00:32:54.593		0.62539			4
2024.08.28	00:32:55.218	0.62493	0.62541			6
2024.08.28	00:32:55.542	0.62492				2
2024.08.28	00:33:00.312	0.62492				2
2024.08.28	00:33:01.215	0.62493				2
2024.08.28	00:33:02.519	0.62492				2
2024.08.28	00:33:03.922	0.62493				2
2024.08.28	00:33:09.014	0.62494				2
2024.08.28	00:33:09.441	0.62492				2
2024.08.28	00:33:13.820	0.62493				2
2024.08.28	00:33:14.524	0.62492				2
2024.08.28	00:33:15.017	0.62491	0.62540			6
2024.08.28	00:33:15.440		0.62541			4
2024.08.28	00:33:17.715	0.62492				2
2024.08.28	00:33:19.327	0.62491				2
2024.08.28	00:33:19.814	0.62492				2
2024.08.28	00:33:21.717	0.62491				2
2024.08.28	00:33:23.124	0.62492				2
2024.08.28	00:33:23.521	0.62491				2
2024.08.28	00:33:24.317	0.62492				2
2024.08.28	00:33:24.719	0.62491				2
2024.08.28	00:33:26.419	0.62492				2
2024.08.28	00:33:26.823	0.62491				2
2024.08.28	00:33:31.214	0.62492				2
2024.08.28	00:33:31.617	0.62491				2
2024.08.28	00:33:32.116	0.62492				2
2024.08.28	00:33:32.521	0.62491				2
2024.08.28	00:33:33.015	0.62492				2
2024.08.28	00:33:33.718	0.62491				2
2024.08.28	00:33:37.513	0.62492				2
2024.08.28	00:33:37.917	0.62491				2
2024.08.28	00:33:39.319	0.62492				2
2024.08.28	00:33:39.719	0.62491				2
2024.08.28	00:33:40.815	0.62492				2
2024.08.28	00:33:41.218	0.62491				2
2024.08.28	00:33:41.720	0.62492				2
2024.08.28	00:33:42.419	0.62491				2
2024.08.28	00:33:43.513	0.62492				2
2024.08.28	00:33:44.521	0.62491				2
2024.08.28	00:33:45.314	0.62492				2
2024.08.28	00:33:45.717	0.62491				2
2024.08.28	00:33:46.222	0.62492				2
2024.08.28	00:33:46.760	0.62491				2
2024.08.28	00:33:47.715	0.62492				2
2024.08.28	00:33:48.118	0.62491				2
2024.08.28	00:33:48.615	0.62492				2
2024.08.28	00:34:00.314	0.62492				2
2024.08.28	00:34:16.304		0.62541			4
2024.08.28	00:34:48.093	0.62491				2
2024.08.28	00:34:48.616	0.62492				2
2024.08.28	00:34:49.019	0.62491				2
2024.08.28	00:34:49.815	0.62492				2
2024.08.28	00:34:50.217	0.62491				2
2024.08.28	00:34:51.016	0.62492				2
2024.08.28	00:34:52.618	0.62493				2
2024.08.28	00:35:00.417	0.62493				2
2024.08.28	00:35:03.717	0.62492				2
2024.08.28	00:35:05.717	0.62493				2
2024.08.28	00:35:06.717	0.62492				2
2024.08.28	00:35:07.815	0.62493				2
2024.08.28	00:35:09.709	0.62492				2
2024.08.28	00:35:10.515	0.62493				2
2024.08.28	00:35:11.520	0.62492				2
2024.08.28	00:35:13.513	0.62493				2
2024.08.28	00:35:17.228		0.62541			4
2024.08.28	00:35:19.317	0.62492				2
2024.08.28	00:35:20.414	0.62493				2
2024.08.28	00:35:21.416	0.62492				2
2024.08.28	00:35:22.316	0.62493				2
2024.08.28	00:35:25.758	0.62492				2
2024.08.28	00:35:26.418	0.62493				2
2024.08.28	00:35:27.117	0.62492				2
2024.08.28	00:35:27.616	0.62493				2
2024.08.28	00:35:28.018	0.62492				2
2024.08.28	00:35:29.415	0.62493				2
2024.08.28	00:35:30.442	0.62492				2
2024.08.28	00:35:30.914	0.62493				2
2024.08.28	00:35:32.519	0.62492				2
2024.08.28	00:35:35.715	0.62493				2
2024.08.28	00:35:38.278	0.62491				2
2024.08.28	00:35:54.914		0.62538			4
2024.08.28	00:35:55.233		0.62541			4
2024.08.28	00:36:01.330	0.62491				2
2024.08.28	00:36:16.617	0.62490				2
2024.08.28	00:36:17.114	0.62491				2
2024.08.28	00:36:20.818	0.62490				2
2024.08.28	00:36:21.615	0.62491				2
2024.08.28	00:36:22.921	0.62490				2
2024.08.28	00:36:23.416	0.62491				2
2024.08.28	00:36:28.813	0.62490				2
2024.08.28	00:36:30.013	0.62491				2
2024.08.28	00:36:30.717	0.62490				2
2024.08.28	00:36:31.813	0.62491				2
2024.08.28	00:36:36.721	0.62490				2
2024.08.28	00:36:42.192	0.62491				2
2024.08.28	00:36:42.581	0.62492				2
2024.08.28	00:36:49.174	0.62493				2
2024.08.28	00:36:56.416		0.62541			4
2024.08.28	00:37:00.121	0.62492				2
2024.08.28	00:37:02.715	0.62493				2
2024.08.28	00:37:04.617	0.62492				2
2024.08.28	00:37:05.589	0.62493				2
2024.08.28	00:37:06.017	0.62492				2
2024.08.28	00:37:08.713	0.62493				2
2024.08.28	00:37:16.018	0.62492				2
2024.08.28	00:37:17.485	0.62493				2
2024.08.28	00:37:21.420	0.62492				2
2024.08.28	00:37:25.218	0.62493				2
2024.08.28	00:37:25.621	0.62491				2
2024.08.28	00:37:25.947	0.62493				2
2024.08.28	00:37:26.725	0.62492				2
2024.08.28	00:37:28.322	0.62491				2
2024.08.28	00:37:28.815	0.62492				2
2024.08.28	00:37:37.090	0.62491	0.62540			6
2024.08.28	00:37:38.822	0.62490				2
2024.08.28	00:37:39.916	0.62491				2
2024.08.28	00:37:41.896	0.62492	0.62541			6
2024.08.28	00:37:42.915	0.62493				2
2024.08.28	00:37:43.389	0.62492				2
2024.08.28	00:37:44.219	0.62493				2
2024.08.28	00:37:46.619	0.62492				2
2024.08.28	00:37:48.020	0.62493				2
2024.08.28	00:37:49.316	0.62492				2
2024.08.28	00:38:00.117	0.62492				2
2024.08.28	00:38:01.589	0.62493				2
2024.08.28	00:38:05.822	0.62492				2
2024.08.28	00:38:06.915	0.62493				2
2024.08.28	00:38:15.622	0.62494				2
2024.08.28	00:38:20.340	0.62493				2
2024.08.28	00:38:22.513	0.62494				2
2024.08.28	00:38:24.719	0.62493				2
2024.08.28	00:38:26.714	0.62494				2
2024.08.28	00:38:27.313	0.62493				2
2024.08.28	00:38:27.619	0.62494				2
2024.08.28	00:38:29.218	0.62493				2
2024.08.28	00:38:30.624	0.62494				2
2024.08.28	00:38:31.319	0.62493				2
2024.08.28	00:38:32.117	0.62494				2
2024.08.28	00:38:32.656	0.62493				2
2024.08.28	00:38:33.614	0.62494				2
2024.08.28	00:38:35.114	0.62495				2
2024.08.28	00:38:36.122	0.62494				2
2024.08.28	00:38:36.915	0.62495				2
2024.08.28	00:38:39.423	0.62494				2
2024.08.28	00:38:39.913	0.62495				2
2024.08.28	00:38:40.618	0.62494				2
2024.08.28	00:38:42.314		0.62541			4
2024.08.28	00:38:46.894	0.62495				2
2024.08.28	00:38:48.120	0.62494				2
2024.08.28	00:38:51.147	0.62495				2
2024.08.28	00:38:51.501	0.62491				2
2024.08.28	00:38:51.918	0.62493				2
2024.08.28	00:38:53.121	0.62492				2
2024.08.28	00:39:00.014	0.62492				2
2024.08.28	00:39:15.772	0.62493				2
2024.08.28	00:39:18.777	0.62492				2
2024.08.28	00:39:44.874		0.62540			4
2024.08.28	00:39:45.448	0.62490	0.62538			6
2024.08.28	00:39:45.951	0.62491				2
2024.08.28	00:39:49.808	0.62493	0.62540			6
2024.08.28	00:39:50.316	0.62494				2
2024.08.28	00:39:50.809	0.62493	0.62541			6
2024.08.28	00:39:51.124	0.62494	0.62540			6
2024.08.28	00:39:54.843		0.62541			4
2024.08.28	00:40:00.418	0.62494				2
2024.08.28	00:40:19.669	0.62493	0.62539			6
2024.08.28	00:40:19.971	0.62494				2
2024.08.28	00:40:20.952	0.62495				2
2024.08.28	00:40:21.318		0.62541			4
2024.08.28	00:41:00.262	0.62495				2
2024.08.28	00:41:13.152	0.62494	0.62540			6
2024.08.28	00:41:13.773	0.62495	0.62541			6
2024.08.28	00:41:14.202	0.62494				2
2024.08.28	00:41:24.615	0.62495				2
2024.08.28	00:41:27.417	0.62494				2
2024.08.28	00:41:28.513	0.62495				2
2024.08.28	00:41:28.862	0.62494				2
2024.08.28	00:41:29.369	0.62495				2
2024.08.28	00:41:33.986	0.62496				2
2024.08.28	00:41:40.889	0.62495				2
2024.08.28	00:41:41.723	0.62496				2
2024.08.28	00:41:44.224	0.62495				2
2024.08.28	00:41:45.314	0.62496				2
2024.08.28	00:41:48.420	0.62495				2
2024.08.28	00:42:00.614	0.62495				2
2024.08.28	00:42:05.113	0.62496				2
2024.08.28	00:42:09.420	0.62495				2
2024.08.28	00:42:10.925	0.62496				2
2024.08.28	00:42:23.884	0.62495	0.62541			6
2024.08.28	00:42:29.266	0.62496				2
2024.08.28	00:42:32.850	0.62495				2
2024.08.28	00:42:34.517	0.62496				2
2024.08.28	00:42:40.017	0.62495				2
2024.08.28	00:42:41.714	0.62496				2
2024.08.28	00:42:45.420	0.62495				2
2024.08.28	00:42:48.320	0.62496				2
2024.08.28	00:42:51.428	0.62495				2
2024.08.28	00:42:52.816	0.62496				2
2024.08.28	00:43:11.019	0.62496				2
2024.08.28	00:43:12.418	0.62495				2
2024.08.28	00:43:14.417	0.62496				2
2024.08.28	00:43:22.024	0.62495				2
2024.08.28	00:43:23.415	0.62496				2
2024.08.28	00:43:25.123	0.62495	0.62541			6
2024.08.28	00:43:25.541	0.62496				2
2024.08.28	00:43:25.935	0.62495				2
2024.08.28	00:43:45.548	0.62496				2
2024.08.28	00:43:48.017	0.62495				2
2024.08.28	00:44:05.055	0.62496				2
2024.08.28	00:44:09.422	0.62495				2
2024.08.28	00:44:11.115	0.62496				2
2024.08.28	00:44:11.522	0.62495				2
2024.08.28	00:44:12.313	0.62496				2
2024.08.28	00:44:27.419		0.62541			4
2024.08.28	00:44:28.936	0.62497				2
2024.08.28	00:44:29.469	0.62496				2
2024.08.28	00:44:40.700	0.62495				2
2024.08.28	00:44:41.113	0.62496				2
2024.08.28	00:44:49.514	0.62497				2
2024.08.28	00:44:54.502	0.62495				2
2024.08.28	00:44:55.006	0.62494				2
2024.08.28	00:44:55.371	0.62496				2
2024.08.28	00:45:01.817	0.62495				2
2024.08.28	00:45:06.353	0.62506	0.62528			6
2024.08.28	00:45:27.820	0.62505				2
2024.08.28	00:45:40.846	0.62504				2
2024.08.28	00:45:41.152	0.62505				2
2024.08.28	00:45:55.527	0.62504				2
2024.08.28	00:45:58.956	0.62503				2
2024.08.28	00:46:01.045	0.62503				2
2024.08.28	00:46:05.091	0.62502				2
2024.08.28	00:46:05.524	0.62503				2
2024.08.28	00:46:07.748		0.62528			4
2024.08.28	00:46:14.524	0.62502				2
2024.08.28	00:46:16.914	0.62501	0.62527			6
2024.08.28	00:46:17.817	0.62500				2
2024.08.28	00:46:18.157	0.62501	0.62528			6
2024.08.28	00:46:19.314		0.62527			4
2024.08.28	00:46:20.907	0.62502				2
2024.08.28	00:46:23.612	0.62501				2
2024.08.28	00:46:24.246	0.62500				2
2024.08.28	00:46:24.950	0.62501				2
2024.08.28	00:46:27.539	0.62500				2
2024.08.28	00:46:28.357	0.62501				2
2024.08.28	00:46:30.507	0.62500				2
2024.08.28	00:46:31.637	0.62501				2
2024.08.28	00:46:33.030	0.62500				2
2024.08.28	00:46:46.148	0.62501				2
2024.08.28	00:46:46.550	0.62500				2
2024.08.28	00:46:47.948		0.62526			4
2024.08.28	00:46:49.567		0.62527			4
2024.08.28	00:46:50.356	0.62501				2
2024.08.28	00:46:51.009	0.62500				2
2024.08.28	00:46:51.315	0.62499				2
2024.08.28	00:46:52.749		0.62526			4
2024.08.28	00:46:54.417	0.62500				2
2024.08.28	00:46:54.749	0.62501				2
2024.08.28	00:46:55.112	0.62500				2
2024.08.28	00:46:55.508	0.62501	0.62527			6
2024.08.28	00:46:56.631	0.62500				2
2024.08.28	00:46:58.658	0.62501				2
2024.08.28	00:46:59.130	0.62500	0.62526			6
2024.08.28	00:46:59.946		0.62527			4
2024.08.28	00:47:01.122	0.62500				2
2024.08.28	00:47:01.746		0.62528			4
2024.08.28	00:47:03.169		0.62527			4
2024.08.28	00:47:04.183	0.62499	0.62526			6
2024.08.28	00:47:04.921	0.62500				2
2024.08.28	00:47:05.234	0.62499				2
2024.08.28	00:47:05.747		0.62524			4
2024.08.28	00:47:06.063	0.62500	0.62527			6
2024.08.28	00:47:06.431	0.62499	0.62525			6
2024.08.28	00:47:07.215	0.62500	0.62526			6
2024.08.28	00:47:18.285	0.62499				2
2024.08.28	00:47:19.409	0.62498				2
2024.08.28	00:47:20.320	0.62499				2
2024.08.28	00:47:21.917		0.62525			4
2024.08.28	00:47:23.904	0.62498				2
2024.08.28	00:47:27.428	0.62499				2
2024.08.28	00:47:31.746	0.62498				2
2024.08.28	00:47:37.024	0.62499				2
2024.08.28	00:47:37.378	0.62498				2
2024.08.28	00:47:39.034	0.62499	0.62526			6
2024.08.28	00:47:40.445		0.62525			4
2024.08.28	00:47:42.546		0.62526			4
2024.08.28	00:48:00.243	0.62499				2
2024.08.28	00:48:04.613	0.62501	0.62527			6
2024.08.28	00:48:04.973	0.62500				2
2024.08.28	00:48:06.266	0.62501	0.62528			6
2024.08.28	00:48:11.646	0.62502				2
2024.08.28	00:48:12.142	0.62501				2
2024.08.28	00:48:20.611	0.62502				2
2024.08.28	00:48:22.874	0.62503				2
2024.08.28	00:48:24.416	0.62502				2
2024.08.28	00:48:34.744	0.62503				2
2024.08.28	00:48:36.250	0.62502				2
2024.08.28	00:48:44.352	0.62503				2
2024.08.28	00:49:00.544	0.62504				2
2024.08.28	00:49:02.130	0.62503				2
2024.08.28	00:49:04.763	0.62504				2
2024.08.28	00:49:07.147		0.62528			4
2024.08.28	00:49:22.377	0.62505				2
2024.08.28	00:49:23.944	0.62504				2
2024.08.28	00:49:58.324	0.62505				2
2024.08.28	00:50:02.614	0.62504				2
2024.08.28	00:50:04.747	0.62505				2
2024.08.28	00:50:08.132		0.62528			4
2024.08.28	00:50:41.645	0.62504				2
2024.08.28	00:51:00.240	0.62504				2
2024.08.28	00:51:08.348		0.62528			4
2024.08.28	00:52:00.704	0.62504				2
2024.08.28	00:52:09.089	0.62502	0.62526			6
2024.08.28	00:52:09.546	0.62501				2
2024.08.28	00:52:53.650	0.62502				2
2024.08.28	00:52:55.623	0.62501				2
2024.08.28	00:52:56.845	0.62502				2
2024.08.28	00:53:00.086	0.62502				2
2024.08.28	00:53:10.447		0.62526			4
2024.08.28	00:53:20.815	0.62501				2
2024.08.28	00:53:27.417		0.62525			4
2024.08.28	00:53:31.445		0.62526			4
2024.08.28	00:53:40.963	0.62500	0.62525			6
2024.08.28	00:54:02.131	0.62500				2
2024.08.28	00:54:16.008	0.62501				2
2024.08.28	00:54:35.770		0.62524			4
2024.08.28	00:54:36.319	0.62500				2
2024.08.28	00:54:36.989		0.62525			4
2024.08.28	00:54:37.310	0.62501	0.62526			6
2024.08.28	00:54:39.429	0.62500	0.62525			6
2024.08.28	00:54:47.925	0.62501				2
2024.08.28	00:55:02.355	0.62501				2
2024.08.28	00:55:14.702	0.62502	0.62528			6
2024.08.28	00:55:18.691		0.62527			4
2024.08.28	00:55:23.300		0.62526			4
2024.08.28	00:55:24.026		0.62527			4
2024.08.28	00:55:25.977	0.62503	0.62528			6
2024.08.28	00:55:30.907	0.62502				2
2024.08.28	00:55:32.614	0.62503				2
2024.08.28	00:55:35.838	0.62504				2
2024.08.28	00:55:37.402	0.62506	0.62527			6
2024.08.28	00:55:37.715	0.62505	0.62528			6
2024.08.28	00:55:47.015	0.62504				2
2024.08.28	00:55:53.076	0.62503				2
2024.08.28	00:55:56.139	0.62504				2
2024.08.28	00:56:01.011	0.62504				2
2024.08.28	00:56:05.225	0.62505				2
2024.08.28	00:56:05.771	0.62504				2
2024.08.28	00:56:06.170	0.62506				2
2024.08.28	00:56:07.602	0.62505				2
2024.08.28	00:56:08.110	0.62506				2
2024.08.28	00:56:21.461	0.62507				2
2024.08.28	00:56:34.064		0.62526			4
2024.08.28	00:56:34.383		0.62528			4
2024.08.28	00:56:37.636	0.62506				2
2024.08.28	00:56:39.251	0.62505				2
2024.08.28	00:56:40.473	0.62506				2
2024.08.28	00:56:48.808	0.62505				2
2024.08.28	00:56:52.635	0.62506				2
2024.08.28	00:56:54.428	0.62505				2
2024.08.28	00:57:07.990	0.62506				2
2024.08.28	00:57:09.852	0.62505				2
2024.08.28	00:57:17.644	0.62504				2
2024.08.28	00:57:18.138	0.62505				2
2024.08.28	00:57:36.760	0.62506	0.62528			6
2024.08.28	00:57:39.605	0.62507				2
2024.08.28	00:57:40.068	0.62506				2
2024.08.28	00:57:46.785	0.62504				2
2024.08.28	00:57:50.018	0.62505				2
2024.08.28	00:57:51.601	0.62506				2
2024.08.28	00:57:53.627	0.62507				2
2024.08.28	00:57:55.939	0.62506				2
2024.08.28	00:58:00.915	0.62507				2
2024.08.28	00:58:06.935	0.62508				2
2024.08.28	00:58:09.072	0.62507				2
2024.08.28	00:58:33.204	0.62508				2
2024.08.28	00:58:35.435	0.62506				2
2024.08.28	00:58:51.952	0.62507	0.62528			6
2024.08.28	00:58:56.801	0.62506				2
2024.08.28	00:58:58.922	0.62510				2
2024.08.28	00:59:05.350	0.62511				2
2024.08.28	00:59:05.764	0.62510				2
2024.08.28	00:59:08.651	0.62507				2
2024.08.28	00:59:21.496	0.62506				2
2024.08.28	00:59:31.102	0.62507				2
2024.08.28	00:59:38.300	0.62506				2
2024.08.28	00:59:41.439	0.62507				2
2024.08.28	00:59:46.386	0.62506				2
2024.08.28	00:59:48.002	0.62507				2
2024.08.28	00:59:48.811	0.62506				2
2024.08.28	00:59:55.505	0.62507	0.62528			6
2024.08.28	01:00:00.396	0.62514	0.62530			6
2024.08.28	01:00:01.264	0.62512	0.62529			6
2024.08.28	01:00:01.902	0.62514				2
2024.08.28	01:00:02.287	0.62511				2
2024.08.28	01:00:02.664	0.62508				2
2024.08.28	01:00:03.088	0.62509				2
2024.08.28	01:00:03.594	0.62511				2
2024.08.28	01:00:04.444	0.62510				2
2024.08.28	01:00:05.944		0.62527			4
2024.08.28	01:00:07.492		0.62534			4
2024.08.28	01:00:07.806	0.62512				2
2024.08.28	01:00:08.192	0.62513	0.62529			6
2024.08.28	01:00:09.240	0.62515				2
2024.08.28	01:00:10.316	0.62516				2
2024.08.28	01:00:10.687	0.62515				2
2024.08.28	01:00:10.992	0.62516				2
2024.08.28	01:00:11.293	0.62519				2
2024.08.28	01:00:11.613		0.62534			4
2024.08.28	01:00:12.675	0.62524	0.62539			6
2024.08.28	01:00:40.356		0.62537			4
2024.08.28	01:00:49.654	0.62522	0.62532			6
2024.08.28	01:00:50.582		0.62531			4
2024.08.28	01:00:50.950		0.62533			4
2024.08.28	01:00:56.395	0.62533	0.62534			6
2024.08.28	01:00:56.701	0.62522	0.62533			6
2024.08.28	01:01:00.314	0.62522				2
2024.08.28	01:01:02.296	0.62523				2
2024.08.28	01:01:05.644	0.62524				2
2024.08.28	01:01:08.455		0.62534			4
2024.08.28	01:01:09.927	0.62525				2
2024.08.28	01:01:48.088	0.62524	0.62532			6
2024.08.28	01:01:49.447	0.62523				2
2024.08.28	01:01:51.908	0.62524				2
2024.08.28	01:02:00.393	0.62524				2
2024.08.28	01:02:27.675	0.62525				2
2024.08.28	01:02:46.110		0.62534			4
2024.08.28	01:02:48.132	0.62526	0.62536			6
2024.08.28	01:02:48.444	0.62525				2
2024.08.28	01:02:53.273	0.62526				2
2024.08.28	01:02:53.648	0.62525				2
2024.08.28	01:03:01.374	0.62525				2
2024.08.28	01:03:48.348		0.62536			4
2024.08.28	01:04:00.617	0.62525				2
2024.08.28	01:04:01.193	0.62528				2
2024.08.28	01:04:03.296	0.62524	0.62533			6
2024.08.28	01:04:06.215	0.62522	0.62531			6
2024.08.28	01:04:54.997		0.62529			4
2024.08.28	01:04:55.331		0.62531			4
2024.08.28	01:04:55.639		0.62529			4
2024.08.28	01:04:55.962		0.62531			4
2024.08.28	01:05:01.377	0.62522				2
2024.08.28	01:05:56.244		0.62531			4
2024.08.28	01:06:00.336	0.62522				2
2024.08.28	01:06:01.329		0.62534			4
2024.08.28	01:06:02.132	0.62523				2
2024.08.28	01:07:02.371	0.62532	0.62534			6
2024.08.28	01:07:09.535	0.62526	0.62532			6
2024.08.28	01:07:09.853	0.62532	0.62533			6
2024.08.28	01:07:38.103	0.62526	0.62532			6
2024.08.28	01:08:01.791	0.62526				2
2024.08.28	01:08:29.559	0.62532	0.62533			6
2024.08.28	01:08:47.850	0.62523				2
2024.08.28	01:09:02.494	0.62523				2
2024.08.28	01:09:18.591		0.62532			4
2024.08.28	01:09:48.303		0.62531			4
2024.08.28	01:09:49.686		0.62533			4
2024.08.28	01:09:53.123		0.62532			4
2024.08.28	01:10:00.306	0.62524				2
2024.08.28	01:10:00.697		0.62531			4
2024.08.28	01:10:29.929		0.62530			4
2024.08.28	01:10:35.571		0.62531			4
2024.08.28	01:10:38.725		0.62530			4
2024.08.28	01:10:40.282		0.62531			4
2024.08.28	01:10:43.959	0.62517	0.62528			6
2024.08.28	01:10:44.979	0.62516				2
2024.08.28	01:10:46.749	0.62517	0.62529			6
2024.08.28	01:10:49.511	0.62515	0.62527			6
2024.08.28	01:10:57.251	0.62514	0.62526			6
2024.08.28	01:10:59.950	0.62513	0.62525			6
2024.08.28	01:11:01.297	0.62513				2
2024.08.28	01:11:06.584		0.62526			4
2024.08.28	01:11:31.009		0.62525			4
2024.08.28	01:11:35.011		0.62526			4
2024.08.28	01:11:53.020		0.62525			4
2024.08.28	01:11:56.399	0.62514	0.62526			6
2024.08.28	01:12:00.448	0.62514				2
2024.08.28	01:12:06.282	0.62513	0.62525			6
2024.08.28	01:12:08.314		0.62526			4
2024.08.28	01:12:13.931		0.62525			4
2024.08.28	01:12:16.410		0.62526			4
2024.08.28	01:12:17.286		0.62525			4
2024.08.28	01:12:22.013		0.62524			4
2024.08.28	01:12:34.728		0.62525			4
2024.08.28	01:12:43.098		0.62524			4
2024.08.28	01:12:44.033	0.62512				2
2024.08.28	01:12:45.656	0.62510	0.62521			6
2024.08.28	01:12:47.391		0.62520			4
2024.08.28	01:12:49.409		0.62521			4
2024.08.28	01:12:56.226		0.62520			4
2024.08.28	01:13:00.585	0.62510	0.62519			6
2024.08.28	01:13:00.897	0.62507				2
2024.08.28	01:13:12.947	0.62508				2
2024.08.28	01:13:21.468	0.62513				2
2024.08.28	01:13:21.787	0.62508				2
2024.08.28	01:13:22.131	0.62517	0.62521			6
2024.08.28	01:13:22.436	0.62511	0.62522			6
2024.08.28	01:13:22.758		0.62521			4
2024.08.28	01:13:23.208	0.62510				2
2024.08.28	01:13:23.551		0.62520			4
2024.08.28	01:13:25.970	0.62511				2
2024.08.28	01:13:26.596	0.62512	0.62522			6
2024.08.28	01:13:47.993	0.62511				2
2024.08.28	01:13:57.492	0.62510	0.62521			6
2024.08.28	01:14:01.148	0.62510	0.62520			6
2024.08.28	01:14:01.564	0.62511	0.62521			6
2024.08.28	01:14:01.866	0.62510				2
2024.08.28	01:14:02.176	0.62517				2
2024.08.28	01:14:08.152		0.62519			4
2024.08.28	01:14:08.889		0.62522			4
2024.08.28	01:14:22.374		0.62521			4
2024.08.28	01:14:22.896		0.62522			4
2024.08.28	01:15:00.204	0.62522	0.62524			6
2024.08.28	01:15:01.463	0.62517	0.62522			6
2024.08.28	01:15:02.488		0.62523			4
2024.08.28	01:15:04.001	0.62522				2
2024.08.28	01:15:05.248		0.62524			4
2024.08.28	01:15:10.840		0.62523			4
2024.08.28	01:15:12.204		0.62524			4
2024.08.28	01:15:14.486		0.62523			4
2024.08.28	01:15:15.184		0.62524			4
2024.08.28	01:15:15.567		0.62523			4
2024.08.28	01:15:16.249		0.62524			4
2024.08.28	01:15:18.479		0.62523			4
2024.08.28	01:15:19.394		0.62524			4
2024.08.28	01:15:21.117		0.62523			4
2024.08.28	01:15:21.467		0.62524			4
2024.08.28	01:15:23.707		0.62523			4
2024.08.28	01:15:24.240		0.62524			4
2024.08.28	01:15:27.959	0.62516	0.62522			6
2024.08.28	01:15:28.264	0.62522	0.62524			6
2024.08.28	01:15:30.540	0.62515				2
2024.08.28	01:15:31.325	0.62516				2
2024.08.28	01:15:34.082	0.62515				2
2024.08.28	01:15:35.022	0.62516				2
2024.08.28	01:15:35.504	0.62518				2
2024.08.28	01:15:36.148	0.62517				2
2024.08.28	01:15:37.015	0.62518	0.62525			6
2024.08.28	01:15:38.541	0.62517				2
2024.08.28	01:15:40.916	0.62518				2
2024.08.28	01:15:41.939	0.62517				2
2024.08.28	01:15:53.631		0.62524			4
2024.08.28	01:15:55.155	0.62515				2
2024.08.28	01:15:55.470		0.62523			4
2024.08.28	01:15:56.300	0.62516	0.62524			6
2024.08.28	01:15:56.602		0.62523			4
2024.08.28	01:15:59.487		0.62524			4
2024.08.28	01:15:59.902		0.62523			4
2024.08.28	01:16:00.561	0.62516				2
2024.08.28	01:16:02.344		0.62524			4
2024.08.28	01:16:03.206		0.62523			4
2024.08.28	01:16:03.611		0.62524			4
2024.08.28	01:16:04.066		0.62523			4
2024.08.28	01:16:04.625		0.62524			4
2024.08.28	01:16:04.950		0.62523			4
2024.08.28	01:16:05.644		0.62524			4
2024.08.28	01:16:05.991		0.62523			4
2024.08.28	01:16:12.182	0.62515	0.62522			6
2024.08.28	01:16:12.620		0.62523			4
2024.08.28	01:16:13.126	0.62516				2
2024.08.28	01:16:17.269		0.62524			4
2024.08.28	01:16:17.633		0.62523			4
2024.08.28	01:16:18.944		0.62522			4
2024.08.28	01:16:21.755		0.62523			4
2024.08.28	01:16:22.381		0.62522			4
2024.08.28	01:16:24.890		0.62523			4
2024.08.28	01:16:26.245	0.62515	0.62522			6
2024.08.28	01:16:26.556	0.62513				2
2024.08.28	01:16:27.916	0.62516				2
2024.08.28	01:16:28.230	0.62513	0.62521			6
2024.08.28	01:16:28.960	0.62516	0.62522			6
2024.08.28	01:16:29.273	0.62513	0.62521			6
2024.08.28	01:16:29.901		0.62522			4
2024.08.28	01:16:30.870	0.62516				2
2024.08.28	01:16:31.182	0.62513				2
2024.08.28	01:16:31.933	0.62516				2
2024.08.28	01:16:32.242	0.62513	0.62521			6
2024.08.28	01:16:39.669	0.62516				2
2024.08.28	01:16:39.971	0.62513				2
2024.08.28	01:16:40.553		0.62522			4
2024.08.28	01:16:40.856	0.62516				2
2024.08.28	01:16:41.163	0.62513	0.62521			6
2024.08.28	01:16:45.183	0.62516	0.62522			6
2024.08.28	01:16:45.499	0.62514	0.62521			6
2024.08.28	01:16:46.263	0.62516	0.62522			6
2024.08.28	01:16:46.610	0.62514	0.62521			6
2024.08.28	01:16:49.313		0.62522			4
2024.08.28	01:16:49.638		0.62521			4
2024.08.28	01:16:50.561		0.62522			4
2024.08.28	01:16:51.204		0.62521			4
2024.08.28	01:16:51.560	0.62512	0.62519			6
2024.08.28	01:16:51.863		0.62518			4
2024.08.28	01:16:53.921		0.62519			4
2024.08.28	01:17:00.181	0.62512				2
2024.08.28	01:17:00.484		0.62518			4
2024.08.28	01:17:02.045		0.62519			4
2024.08.28	01:17:05.301		0.62518			4
2024.08.28	01:17:10.360		0.62519			4
2024.08.28	01:17:21.322		0.62518			4
2024.08.28	01:17:55.163	0.62513				2
2024.08.28	01:17:55.499		0.62519			4
2024.08.28	01:18:00.847	0.62513				2
2024.08.28	01:18:02.949		0.62518			4
2024.08.28	01:18:05.610		0.62519			4
2024.08.28	01:18:12.962		0.62518			4
2024.08.28	01:18:15.201		0.62517			4
2024.08.28	01:18:16.462		0.62518			4
2024.08.28	01:18:17.930		0.62517			4
2024.08.28	01:18:22.134		0.62518			4
2024.08.28	01:18:30.511	0.62512				2
2024.08.28	01:18:33.518	0.62511	0.62517			6
2024.08.28	01:18:34.614		0.62518			4
2024.08.28	01:18:36.420		0.62519			4
2024.08.28	01:18:38.955		0.62518			4
2024.08.28	01:18:50.273	0.62512	0.62519			6
2024.08.28	01:18:55.137		0.62518			4
2024.08.28	01:18:55.438		0.62519			4
2024.08.28	01:18:58.899		0.62518			4
2024.08.28	01:18:59.238		0.62519			4
2024.08.28	01:19:00.987	0.62512				2
2024.08.28	01:19:05.383		0.62518			4
2024.08.28	01:19:07.461		0.62519			4
2024.08.28	01:19:12.450		0.62518			4
2024.08.28	01:19:13.724	0.62511				2
2024.08.28	01:19:14.080	0.62512	0.62519			6
2024.08.28	01:19:14.690		0.62518			4
2024.08.28	01:19:17.710		0.62519			4
2024.08.28	01:19:34.922		0.62517			4
2024.08.28	01:19:35.439		0.62519			4
2024.08.28	01:19:35.754		0.62518			4
2024.08.28	01:19:39.516		0.62519			4
2024.08.28	01:19:43.899	0.62511				2
2024.08.28	01:20:00.369	0.62511				2
2024.08.28	01:20:39.969		0.62519			4
2024.08.28	01:20:51.820	0.62512				2
2024.08.28	01:21:00.474	0.62512	0.62518			6
2024.08.28	01:21:01.125		0.62519			4
2024.08.28	01:21:11.367		0.62518			4
2024.08.28	01:21:14.846		0.62519			4
2024.08.28	01:21:19.555	0.62511				2
2024.08.28	01:21:20.519		0.62518			4
2024.08.28	01:21:27.284		0.62519			4
2024.08.28	01:21:27.605		0.62518			4
2024.08.28	01:21:28.311		0.62517			4
2024.08.28	01:21:28.616		0.62518			4
2024.08.28	01:21:28.920		0.62519			4
2024.08.28	01:21:30.401		0.62518			4
2024.08.28	01:21:37.024		0.62519			4
2024.08.28	01:21:39.201		0.62518			4
2024.08.28	01:21:40.207		0.62519			4
2024.08.28	01:21:41.590		0.62518			4
2024.08.28	01:21:41.990		0.62519			4
2024.08.28	01:21:42.749		0.62518			4
2024.08.28	01:21:44.559		0.62519			4
2024.08.28	01:21:46.144		0.62518			4
2024.08.28	01:21:48.013		0.62519			4
2024.08.28	01:21:53.369		0.62518			4
2024.08.28	01:21:55.179	0.62512	0.62519			6
2024.08.28	01:22:00.258	0.62512	0.62520			6
2024.08.28	01:22:01.515		0.62519			4
2024.08.28	01:22:01.837	0.62513				2
2024.08.28	01:22:03.883	0.62512				2
2024.08.28	01:22:06.601	0.62513				2
2024.08.28	01:22:06.902	0.62512				2
2024.08.28	01:22:15.629	0.62511	0.62518			6
2024.08.28	01:22:15.945	0.62512	0.62519			6
2024.08.28	01:22:17.490		0.62518			4
2024.08.28	01:22:19.370		0.62519			4
2024.08.28	01:22:22.201		0.62518			4
2024.08.28	01:22:23.723	0.62511	0.62517			6
2024.08.28	01:22:24.026	0.62506	0.62513			6
2024.08.28	01:22:46.099	0.62511	0.62517			6
2024.08.28	01:22:46.403		0.62518			4
2024.08.28	01:22:47.455	0.62510				2
2024.08.28	01:22:52.751	0.62509	0.62517			6
2024.08.28	01:22:53.090	0.62508	0.62516			6
2024.08.28	01:22:55.287	0.62509				2
2024.08.28	01:22:55.600	0.62508				2
2024.08.28	01:22:58.022	0.62509				2
2024.08.28	01:22:58.360		0.62517			4
2024.08.28	01:22:59.241	0.62510				2
2024.08.28	01:23:00.299	0.62509				2
2024.08.28	01:23:02.126	0.62512				2
2024.08.28	01:23:02.491	0.62511				2
2024.08.28	01:23:02.944	0.62512				2
2024.08.28	01:23:03.465	0.62511				2
2024.08.28	01:23:05.797	0.62512				2
2024.08.28	01:23:06.729	0.62513	0.62519			6
2024.08.28	01:23:07.043	0.62512				2
2024.08.28	01:23:07.800	0.62513				2
2024.08.28	01:23:08.157	0.62512				2
2024.08.28	01:23:09.802		0.62518			4
2024.08.28	01:23:11.184	0.62510	0.62516			6
2024.08.28	01:23:11.486		0.62517			4
2024.08.28	01:23:12.478		0.62516			4
2024.08.28	01:23:12.815		0.62517			4
2024.08.28	01:23:13.906		0.62516			4
2024.08.28	01:23:20.818		0.62517			4
2024.08.28	01:23:21.724		0.62516			4
2024.08.28	01:23:28.729		0.62515			4
2024.08.28	01:23:30.401	0.62508	0.62514			6
2024.08.28	01:23:30.725		0.62515			4
2024.08.28	01:23:32.909	0.62509				2
2024.08.28	01:23:37.266	0.62508				2
2024.08.28	01:23:37.580	0.62509				2
2024.08.28	01:23:38.821		0.62510			4
2024.08.28	01:23:39.128		0.62515			4
2024.08.28	01:23:39.455		0.62510			4
2024.08.28	01:23:39.790		0.62515			4
2024.08.28	01:23:44.457		0.62514			4
2024.08.28	01:23:53.292	0.62510	0.62515			6
2024.08.28	01:24:00.337	0.62510				2
2024.08.28	01:24:01.012	0.62509	0.62514			6
2024.08.28	01:24:01.323		0.62513			4
2024.08.28	01:24:02.118		0.62514			4
2024.08.28	01:24:02.448	0.62510				2
2024.08.28	01:24:03.096	0.62509	0.62513			6
2024.08.28	01:24:03.721	0.62508	0.62514			6
2024.08.28	01:24:04.276	0.62510	0.62515			6
2024.08.28	01:24:23.930		0.62513			4
2024.08.28	01:24:24.236		0.62515			4
2024.08.28	01:24:29.097		0.62516			4
2024.08.28	01:24:30.021	0.62509	0.62515			6
2024.08.28	01:24:31.111	0.62510				2
2024.08.28	01:24:34.235		0.62516			4
2024.08.28	01:24:40.097		0.62515			4
2024.08.28	01:24:40.717		0.62516			4
2024.08.28	01:24:48.841	0.62507	0.62512			6
2024.08.28	01:24:49.601		0.62513			4
2024.08.28	01:24:51.501		0.62512			4
2024.08.28	01:24:52.917		0.62513			4
2024.08.28	01:25:00.231	0.62507				2
2024.08.28	01:25:05.223	0.62510	0.62514			6
2024.08.28	01:25:05.554		0.62515			4
2024.08.28	01:25:08.791		0.62516			4
2024.08.28	01:25:15.805		0.62515			4
2024.08.28	01:25:25.407		0.62514			4
2024.08.28	01:25:30.864		0.62516			4
2024.08.28	01:25:33.798		0.62515			4
2024.08.28	01:25:36.671		0.62516			4
2024.08.28	01:25:40.886		0.62515			4
2024.08.28	01:25:41.517		0.62516			4
2024.08.28	01:25:42.547		0.62515			4
2024.08.28	01:25:43.530		0.62516			4
2024.08.28	01:25:52.796		0.62515			4
2024.08.28	01:26:00.090	0.62510				2
2024.08.28	01:26:35.938		0.62513			4
2024.08.28	01:26:36.244		0.62515			4
2024.08.28	01:26:38.107	0.62508	0.62514			6
2024.08.28	01:26:38.421		0.62513			4
2024.08.28	01:26:46.274		0.62514			4
2024.08.28	01:26:55.586		0.62513			4
2024.08.28	01:26:56.937	0.62506				2
2024.08.28	01:26:58.326	0.62508				2
2024.08.28	01:27:00.451	0.62508				2
2024.08.28	01:27:16.426	0.62506	0.62510			6
2024.08.28	01:27:16.742	0.62504	0.62509			6
2024.08.28	01:27:22.093		0.62508			4
2024.08.28	01:27:24.945		0.62509			4
2024.08.28	01:27:26.861	0.62502				2
2024.08.28	01:27:27.182	0.62504				2
2024.08.28	01:27:28.015	0.62505				2
2024.08.28	01:27:41.340	0.62503	0.62507			6
2024.08.28	01:27:43.161	0.62502				2
2024.08.28	01:28:00.070	0.62502				2
2024.08.28	01:28:01.800	0.62503				2
2024.08.28	01:28:10.328		0.62504			4
2024.08.28	01:28:10.639		0.62507			4
2024.08.28	01:28:30.665	0.62502	0.62506			6
2024.08.28	01:28:30.981		0.62505			4
2024.08.28	01:28:31.921	0.62501	0.62504			6
2024.08.28	01:28:33.497	0.62502				2
2024.08.28	01:28:35.281		0.62505			4
2024.08.28	01:28:40.721		0.62504			4
2024.08.28	01:28:52.155		0.62505			4
2024.08.28	01:28:58.320		0.62503			4
2024.08.28	01:28:58.623		0.62505			4
2024.08.28	01:29:00.635	0.62502				2
2024.08.28	01:29:12.954		0.62504			4
2024.08.28	01:29:21.295	0.62499	0.62502			6
2024.08.28	01:29:21.602	0.62498				2
2024.08.28	01:29:25.270	0.62499				2
2024.08.28	01:29:27.758	0.62500	0.62503			6
2024.08.28	01:29:41.980	0.62502	0.62504			6
2024.08.28	01:29:49.702	0.62498	0.62502			6
2024.08.28	01:29:50.019	0.62496				2
2024.08.28	01:29:52.221	0.62497	0.62501			6
2024.08.28	01:29:57.943	0.62498				2
2024.08.28	01:29:58.311	0.62497	0.62500			6
2024.08.28	01:30:00.295	0.62497	0.62499			6
2024.08.28	01:30:01.350		0.62500			4
2024.08.28	01:30:01.776	0.62496				2
2024.08.28	01:30:02.339	0.62499	0.62503			6
2024.08.28	01:30:03.912	0.62500	0.62504			6
2024.08.28	01:30:14.329	0.62501				2
2024.08.28	01:30:14.635	0.62500				2
2024.08.28	01:30:21.525		0.62503			4
2024.08.28	01:30:21.831		0.62504			4
2024.08.28	01:30:23.103	0.62501	0.62505			6
2024.08.28	01:30:23.407	0.62502	0.62506			6
2024.08.28	01:30:25.374		0.62505			4
2024.08.28	01:30:25.731		0.62506			4
2024.08.28	01:30:26.611		0.62505			4
2024.08.28	01:30:27.987		0.62506			4
2024.08.28	01:30:29.849		0.62505			4
2024.08.28	01:30:30.242		0.62506			4
2024.08.28	01:30:35.649		0.62505			4
2024.08.28	01:30:44.348	0.62505	0.62508			6
2024.08.28	01:30:51.714	0.62506				2
2024.08.28	01:30:53.128	0.62509	0.62511			6
2024.08.28	01:31:00.370	0.62509				2
2024.08.28	01:31:02.063	0.62510				2
2024.08.28	01:31:03.709	0.62511	0.62512			6
2024.08.28	01:31:10.846	0.62505	0.62508			6
2024.08.28	01:31:11.162		0.62506			4
2024.08.28	01:31:11.492	0.62506	0.62507			6
2024.08.28	01:31:12.353	0.62505				2
2024.08.28	01:31:13.420	0.62506				2
2024.08.28	01:31:15.378	0.62505				2
2024.08.28	01:31:16.471	0.62504				2
2024.08.28	01:31:16.943	0.62505				2
2024.08.28	01:31:19.448	0.62504				2
2024.08.28	01:31:27.041	0.62503	0.62506			6
2024.08.28	01:31:27.377	0.62504	0.62507			6
2024.08.28	01:31:29.421		0.62506			4
2024.08.28	01:31:39.123		0.62505			4
2024.08.28	01:31:39.423	0.62503	0.62506			6
2024.08.28	01:31:39.776	0.62504				2
2024.08.28	01:31:41.764	0.62503	0.62507			6
2024.08.28	01:31:48.319	0.62505	0.62508			6
2024.08.28	01:31:55.011	0.62506				2
2024.08.28	01:32:00.339	0.62506				2
2024.08.28	01:32:03.779	0.62503	0.62507			6
2024.08.28	01:32:11.122		0.62506			4
2024.08.28	01:32:11.423		0.62507			4
2024.08.28	01:32:19.084		0.62505			4
2024.08.28	01:32:21.948		0.62504			4
2024.08.28	01:32:26.912	0.62502	0.62503			6
2024.08.28	01:32:42.650	0.62503	0.62504			6
2024.08.28	01:32:43.021		0.62505			4
2024.08.28	01:32:45.021	0.62504				2
2024.08.28	01:32:46.055	0.62502				2
2024.08.28	01:32:47.824	0.62505	0.62508			6
2024.08.28	01:33:00.240	0.62505				2
2024.08.28	01:33:00.543	0.62506				2
2024.08.28	01:33:17.161	0.62505	0.62507			6
2024.08.28	01:33:21.660	0.62503	0.62506			6
2024.08.28	01:33:21.964	0.62502	0.62505			6
2024.08.28	01:33:24.726	0.62504				2
2024.08.28	01:33:25.752	0.62503				2
2024.08.28	01:33:26.937	0.62504				2
2024.08.28	01:33:31.447	0.62502				2
2024.08.28	01:33:36.664	0.62503				2
2024.08.28	01:33:37.080	0.62502				2
2024.08.28	01:33:44.956		0.62504			4
2024.08.28	01:33:55.096	0.62497	0.62499			6
2024.08.28	01:34:00.280	0.62497				2
2024.08.28	01:34:00.748	0.62498	0.62500			6
2024.08.28	01:34:01.369	0.62500	0.62502			6
2024.08.28	01:34:02.174	0.62499	0.62501			6
2024.08.28	01:34:12.841	0.62498	0.62500			6
2024.08.28	01:34:13.146		0.62501			4
2024.08.28	01:34:17.209	0.62499				2
2024.08.28	01:34:17.522	0.62500	0.62502			6
2024.08.28	01:34:17.825	0.62499				2
2024.08.28	01:34:18.879		0.62500			4
2024.08.28	01:34:19.374	0.62498				2
2024.08.28	01:34:21.617	0.62499	0.62501			6
2024.08.28	01:34:29.079	0.62498				2
2024.08.28	01:34:34.013	0.62497	0.62498			6
2024.08.28	01:34:34.359	0.62498	0.62500			6
2024.08.28	01:34:38.021	0.62499	0.62501			6
2024.08.28	01:34:41.595	0.62497	0.62500			6
2024.08.28	01:34:46.171		0.62499			4
2024.08.28	01:34:58.561		0.62500			4
2024.08.28	01:35:00.823	0.62497	0.62499			6
2024.08.28	01:35:06.454		0.62500			4
2024.08.28	01:35:08.414		0.62499			4
2024.08.28	01:35:14.282		0.62500			4
2024.08.28	01:35:15.465		0.62499			4
2024.08.28	01:35:20.793		0.62500			4
2024.08.28	01:35:22.001		0.62499			4
2024.08.28	01:35:22.706	0.62499	0.62500			6
2024.08.28	01:35:24.136	0.62498				2
2024.08.28	01:35:25.119	0.62497	0.62499			6
2024.08.28	01:35:25.468		0.62500			4
2024.08.28	01:35:26.001	0.62498	0.62501			6
2024.08.28	01:35:30.625	0.62497	0.62499			6
2024.08.28	01:35:31.018		0.62500			4
2024.08.28	01:35:37.238		0.62499			4
2024.08.28	01:35:38.457		0.62500			4
2024.08.28	01:35:39.486		0.62499			4
2024.08.28	01:35:40.601	0.62498	0.62500			6
2024.08.28	01:35:41.765	0.62497				2
2024.08.28	01:35:42.827		0.62499			4
2024.08.28	01:35:45.170		0.62500			4
2024.08.28	01:35:50.666	0.62500	0.62502			6
2024.08.28	01:35:55.856	0.62498	0.62501			6
2024.08.28	01:35:56.741		0.62499			4
2024.08.28	01:35:57.045		0.62501			4
2024.08.28	01:36:00.055	0.62498				2
2024.08.28	01:36:00.461	0.62499	0.62502			6
2024.08.28	01:36:01.192	0.62500	0.62501			6
2024.08.28	01:36:01.496	0.62499	0.62502			6
2024.08.28	01:36:03.067	0.62498	0.62501			6
2024.08.28	01:36:06.413	0.62497				2
2024.08.28	01:36:15.527		0.62500			4
2024.08.28	01:36:18.042		0.62499			4
2024.08.28	01:36:20.372	0.62498				2
2024.08.28	01:36:20.686		0.62500			4
2024.08.28	01:36:23.773	0.62497				2
2024.08.28	01:36:24.246	0.62498				2
2024.08.28	01:36:46.221	0.62499	0.62501			6
2024.08.28	01:36:47.251	0.62497	0.62500			6
2024.08.28	01:36:50.126	0.62496	0.62499			6
2024.08.28	01:36:50.597	0.62497				2
2024.08.28	01:36:53.431		0.62498			4
2024.08.28	01:36:53.744	0.62495				2
2024.08.28	01:36:55.733		0.62497			4
2024.08.28	01:36:56.753		0.62498			4
2024.08.28	01:36:57.671	0.62497	0.62499			6
2024.08.28	01:37:00.197	0.62497				2
2024.08.28	01:37:41.839	0.62495	0.62498			6
2024.08.28	01:37:52.657	0.62496	0.62499			6
2024.08.28	01:37:56.681	0.62495				2
2024.08.28	01:38:00.523	0.62495	0.62498			6
2024.08.28	01:38:19.792		0.62497			4
2024.08.28	01:38:20.229		0.62498			4
2024.08.28	01:38:37.510	0.62493	0.62497			6
2024.08.28	01:38:47.120	0.62495				2
2024.08.28	01:38:47.424	0.62493				2
2024.08.28	01:39:01.011	0.62493				2
2024.08.28	01:39:04.594		0.62499			4
2024.08.28	01:39:04.903	0.62495				2
2024.08.28	01:39:17.382	0.62492	0.62496			6
2024.08.28	01:39:22.146	0.62494	0.62498			6
2024.08.28	01:39:49.088	0.62495				2
2024.08.28	01:39:53.928	0.62496				2
2024.08.28	01:40:00.416	0.62496				2
2024.08.28	01:40:01.256	0.62495				2
2024.08.28	01:40:16.688	0.62494	0.62497			6
2024.08.28	01:40:17.007	0.62496	0.62499			6
2024.08.28	01:40:18.206	0.62494	0.62498			6
2024.08.28	01:40:19.997		0.62496			4
2024.08.28	01:40:20.297		0.62498			4
2024.08.28	01:40:45.312	0.62492	0.62495			6
2024.08.28	01:40:49.445		0.62496			4
2024.08.28	01:40:49.747	0.62493				2
2024.08.28	01:40:56.439	0.62492				2
2024.08.28	01:41:00.366	0.62492				2
2024.08.28	01:41:07.249	0.62495	0.62498			6
2024.08.28	01:41:17.783	0.62497	0.62500			6
2024.08.28	01:41:29.933		0.62498			4
2024.08.28	01:41:33.515	0.62493	0.62494			6
2024.08.28	01:41:38.245	0.62494	0.62495			6
2024.08.28	01:41:41.092	0.62492	0.62494			6
2024.08.28	01:41:48.056	0.62488	0.62491			6
2024.08.28	01:41:49.087	0.62483	0.62487			6
2024.08.28	01:41:52.353	0.62484				2
2024.08.28	01:41:54.959	0.62483				2
2024.08.28	01:41:55.262		0.62488			4
2024.08.28	01:41:55.596	0.62484				2
2024.08.28	01:42:00.365	0.62485				2
2024.08.28	01:42:00.673	0.62484				2
2024.08.28	01:42:02.390	0.62485				2
2024.08.28	01:42:06.166	0.62486				2
2024.08.28	01:42:15.523	0.62485	0.62487			6
2024.08.28	01:42:15.864	0.62486	0.62488			6
2024.08.28	01:42:20.118	0.62487				2
2024.08.28	01:42:42.267		0.62489			4
2024.08.28	01:42:44.243	0.62488				2
2024.08.28	01:42:45.279	0.62487				2
2024.08.28	01:42:50.609	0.62490	0.62491			6
2024.08.28	01:42:50.919	0.62489	0.62490			6
2024.08.28	01:42:51.293	0.62488				2
2024.08.28	01:42:54.890	0.62486	0.62489			6
2024.08.28	01:42:56.772	0.62489	0.62490			6
2024.08.28	01:42:57.412	0.62486	0.62489			6
2024.08.28	01:43:00.105	0.62486				2
2024.08.28	01:43:01.449		0.62487			4
2024.08.28	01:43:01.823		0.62489			4
2024.08.28	01:43:07.727		0.62487			4
2024.08.28	01:43:08.251		0.62489			4
2024.08.28	01:43:22.715	0.62487				2
2024.08.28	01:43:26.419	0.62486				2
2024.08.28	01:43:27.274	0.62487				2
2024.08.28	01:43:27.805	0.62486				2
2024.08.28	01:43:28.709	0.62487				2
2024.08.28	01:43:49.196	0.62489	0.62490			6
2024.08.28	01:43:53.431	0.62488				2
2024.08.28	01:43:54.086	0.62489				2
2024.08.28	01:44:00.874	0.62489				2
2024.08.28	01:44:04.348	0.62488				2
2024.08.28	01:44:05.688	0.62489				2
2024.08.28	01:44:06.408	0.62488				2
2024.08.28	01:44:07.736	0.62490	0.62491			6
2024.08.28	01:44:10.606	0.62491	0.62492			6
2024.08.28	01:44:11.832	0.62490	0.62491			6
2024.08.28	01:44:12.371		0.62493			4
2024.08.28	01:44:17.454		0.62491			4
2024.08.28	01:44:17.766	0.62491	0.62493			6
2024.08.28	01:44:24.304	0.62493	0.62496			6
2024.08.28	01:44:25.632	0.62494				2
2024.08.28	01:44:30.544	0.62495				2
2024.08.28	01:44:30.910	0.62491	0.62495			6
2024.08.28	01:44:32.538	0.62492				2
2024.08.28	01:44:34.461	0.62493				2
2024.08.28	01:44:35.552	0.62492				2
2024.08.28	01:44:36.349	0.62493				2
2024.08.28	01:44:36.688	0.62492				2
2024.08.28	01:44:37.634	0.62493				2
2024.08.28	01:44:41.007	0.62494	0.62497			6
2024.08.28	01:44:45.631	0.62495				2
2024.08.28	01:44:50.907		0.62498			4
2024.08.28	01:45:00.543	0.62495				2
2024.08.28	01:45:01.235	0.62491	0.62492			6
2024.08.28	01:45:06.080	0.62492	0.62493			6
2024.08.28	01:45:06.551	0.62490	0.62491			6
2024.08.28	01:45:07.302	0.62489				2
2024.08.28	01:45:21.453		0.62492			4
2024.08.28	01:45:48.488	0.62487	0.62490			6
2024.08.28	01:46:00.174	0.62487				2
2024.08.28	01:46:03.570	0.62488				2
2024.08.28	01:46:04.437	0.62487				2
2024.08.28	01:46:05.041	0.62488				2
2024.08.28	01:46:05.901	0.62487				2
2024.08.28	01:46:15.383	0.62488				2
2024.08.28	01:46:20.343	0.62487				2
2024.08.28	01:46:23.795	0.62488				2
2024.08.28	01:46:30.649		0.62491			4
2024.08.28	01:46:33.586	0.62486	0.62488			6
2024.08.28	01:46:34.348	0.62485				2
2024.08.28	01:46:37.382		0.62487			4
2024.08.28	01:46:43.821	0.62484	0.62486			6
2024.08.28	01:46:46.345	0.62485				2
2024.08.28	01:46:46.650	0.62484				2
2024.08.28	01:46:52.810	0.62485				2
2024.08.28	01:46:55.855	0.62486	0.62487			6
2024.08.28	01:47:00.282	0.62486				2
2024.08.28	01:47:01.089		0.62488			4
2024.08.28	01:47:02.864	0.62485	0.62487			6
2024.08.28	01:47:04.103	0.62486	0.62488			6
2024.08.28	01:47:05.219		0.62489			4
2024.08.28	01:47:10.240	0.62483	0.62485			6
2024.08.28	01:47:10.582	0.62484	0.62487			6
2024.08.28	01:47:11.319	0.62483	0.62486			6
2024.08.28	01:47:11.644	0.62484	0.62487			6
2024.08.28	01:47:14.970		0.62486			4
2024.08.28	01:47:29.529	0.62485	0.62487			6
2024.08.28	01:47:36.382		0.62488			4
2024.08.28	01:47:37.189	0.62483	0.62486			6
2024.08.28	01:47:40.401	0.62485	0.62487			6
2024.08.28	01:47:40.712		0.62488			4
2024.08.28	01:47:43.933	0.62486	0.62487			6
2024.08.28	01:47:44.238	0.62485				2
2024.08.28	01:47:46.293		0.62488			4
2024.08.28	01:47:51.416	0.62484				2
2024.08.28	01:48:00.336	0.62484				2
2024.08.28	01:48:08.046	0.62488	0.62492			6
2024.08.28	01:48:19.176		0.62490			4
2024.08.28	01:48:27.530	0.62490	0.62491			6
2024.08.28	01:48:27.855	0.62487	0.62489			6
2024.08.28	01:49:00.850	0.62487				2
2024.08.28	01:49:21.531		0.62488			4
2024.08.28	01:49:21.837		0.62489			4
2024.08.28	01:49:32.368	0.62489	0.62490			6
2024.08.28	01:49:41.309	0.62488	0.62489			6
2024.08.28	01:50:01.193	0.62488				2
2024.08.28	01:50:11.753	0.62489	0.62490			6
2024.08.28	01:50:43.104	0.62488				2
2024.08.28	01:50:55.062	0.62487	0.62489			6
2024.08.28	01:50:56.421	0.62488				2
2024.08.28	01:51:00.198	0.62488				2
2024.08.28	01:51:04.686	0.62486				2
2024.08.28	01:51:05.737	0.62487				2
2024.08.28	01:51:08.026	0.62486				2
2024.08.28	01:51:08.338		0.62490			4
2024.08.28	01:51:08.646	0.62487	0.62489			6
2024.08.28	01:51:42.388	0.62488				2
2024.08.28	01:51:55.628	0.62487				2
2024.08.28	01:52:00.129	0.62487				2
2024.08.28	01:52:07.986	0.62488				2
2024.08.28	01:52:09.425		0.62489			4
2024.08.28	01:52:21.994	0.62490	0.62491			6
2024.08.28	01:52:23.305	0.62489	0.62490			6
2024.08.28	01:52:45.544	0.62490	0.62491			6
2024.08.28	01:52:47.394	0.62489	0.62490			6
2024.08.28	01:53:00.883	0.62489				2
2024.08.28	01:53:01.643	0.62487	0.62489			6
2024.08.28	01:53:50.962	0.62486				2
2024.08.28	01:53:54.844		0.62488			4
2024.08.28	01:53:55.164		0.62489			4
2024.08.28	01:54:01.985	0.62486				2
2024.08.28	01:54:13.291	0.62487				2
2024.08.28	01:54:19.000	0.62488				2
2024.08.28	01:54:20.091	0.62487				2
2024.08.28	01:54:24.956	0.62488				2
2024.08.28	01:54:25.406	0.62487				2
2024.08.28	01:54:32.037		0.62488			4
2024.08.28	01:54:49.173	0.62485	0.62487			6
2024.08.28	01:54:49.483	0.62483	0.62485			6
2024.08.28	01:54:51.668	0.62482	0.62484			6
2024.08.28	01:54:53.631	0.62484	0.62485			6
2024.08.28	01:54:55.657	0.62483				2
2024.08.28	01:55:00.361	0.62483				2
2024.08.28	01:55:02.411	0.62484				2
2024.08.28	01:55:25.350	0.62481				2
2024.08.28	01:55:25.664	0.62483	0.62484			6
2024.08.28	01:55:25.966	0.62482				2
2024.08.28	01:55:45.996	0.62483				2
2024.08.28	01:55:58.358	0.62484	0.62485			6
2024.08.28	01:55:59.076	0.62483	0.62484			6
2024.08.28	01:56:00.173	0.62483				2
2024.08.28	01:56:00.604	0.62481				2
2024.08.28	01:56:05.138	0.62482				2
2024.08.28	01:56:10.460	0.62481	0.62482			6
2024.08.28	01:56:12.861	0.62480				2
2024.08.28	01:56:18.318	0.62481				2
2024.08.28	01:56:18.625	0.62480				2
2024.08.28	01:56:21.763	0.62481				2
2024.08.28	01:56:29.287	0.62482	0.62483			6
2024.08.28	01:56:38.424	0.62480	0.62482			6
2024.08.28	01:56:42.439	0.62476	0.62479			6
2024.08.28	01:56:51.984	0.62477				2
2024.08.28	01:56:57.288	0.62478				2
2024.08.28	01:56:57.601	0.62477				2
2024.08.28	01:57:01.444	0.62477				2
2024.08.28	01:57:04.357	0.62475				2
2024.08.28	01:57:27.827	0.62473	0.62477			6
2024.08.28	01:57:30.941	0.62474	0.62478			6
2024.08.28	01:57:31.422	0.62473				2
2024.08.28	01:57:35.649		0.62477			4
2024.08.28	01:57:38.841	0.62474				2
2024.08.28	01:57:39.145	0.62473				2
2024.08.28	01:57:58.158	0.62472	0.62476			6
2024.08.28	01:57:58.483	0.62473				2
2024.08.28	01:57:59.320	0.62471				2
2024.08.28	01:58:00.378	0.62473				2
2024.08.28	01:58:06.654	0.62471	0.62475			6
2024.08.28	01:58:07.882	0.62470	0.62474			6
2024.08.28	01:58:11.315	0.62472	0.62475			6
2024.08.28	01:58:11.708	0.62471	0.62474			6
2024.08.28	01:58:24.158	0.62473				2
2024.08.28	01:58:25.794	0.62471				2
2024.08.28	01:58:26.677	0.62470	0.62473			6
2024.08.28	01:58:59.307	0.62466	0.62470			6
2024.08.28	01:58:59.620	0.62465	0.62469			6
2024.08.28	01:59:00.398	0.62465				2
2024.08.28	01:59:15.388	0.62466	0.62470			6
2024.08.28	01:59:19.810	0.62467				2
2024.08.28	01:59:20.505	0.62470	0.62472			6
2024.08.28	01:59:36.391	0.62467	0.62470			6
2024.08.28	01:59:36.723	0.62468				2
2024.08.28	01:59:41.632	0.62467				2
2024.08.28	01:59:42.674	0.62468				2
2024.08.28	01:59:42.983	0.62470	0.62472			6
2024.08.28	01:59:43.301	0.62471				2
2024.08.28	01:59:59.079	0.62470	0.62471			6
2024.08.28	01:59:59.852	0.62471	0.62472			6
2024.08.28	02:00:00.215	0.62470	0.62471			6
2024.08.28	02:00:00.522	0.62467	0.62470			6
2024.08.28	02:00:00.829		0.62469			4
2024.08.28	02:00:01.143	0.62465	0.62467			6
2024.08.28	02:00:06.459	0.62467	0.62468			6
2024.08.28	02:00:09.411	0.62466	0.62467			6
2024.08.28	02:00:17.280	0.62465				2
2024.08.28	02:00:18.675		0.62469			4
2024.08.28	02:00:18.982	0.62463	0.62467			6
2024.08.28	02:00:19.403	0.62465				2
2024.08.28	02:00:19.723	0.62464				2
2024.08.28	02:00:31.264	0.62463	0.62466			6
2024.08.28	02:00:33.276	0.62464				2
2024.08.28	02:00:41.249	0.62463				2
2024.08.28	02:00:46.571	0.62464				2
2024.08.28	02:00:48.402	0.62463				2
2024.08.28	02:00:50.026	0.62464				2
2024.08.28	02:00:50.339	0.62463				2
2024.08.28	02:00:51.142	0.62464				2
2024.08.28	02:00:58.488	0.62463				2
2024.08.28	02:01:00.564	0.62463				2
2024.08.28	02:01:03.392	0.62464				2
2024.08.28	02:01:05.625	0.62463				2
2024.08.28	02:01:12.285	0.62464				2
2024.08.28	02:01:15.114	0.62463				2
2024.08.28	02:01:15.467	0.62464				2
2024.08.28	02:01:16.522	0.62463				2
2024.08.28	02:01:22.389	0.62464				2
2024.08.28	02:01:24.016	0.62463				2
2024.08.28	02:01:24.353	0.62464				2
2024.08.28	02:01:36.187		0.62466			4
2024.08.28	02:01:41.153	0.62463				2
2024.08.28	02:01:42.974	0.62462	0.62465			6
2024.08.28	02:02:00.235	0.62462				2
2024.08.28	02:02:01.199	0.62463				2
2024.08.28	02:02:05.664	0.62462				2
2024.08.28	02:02:10.656	0.62460	0.62463			6
2024.08.28	02:02:10.964	0.62459	0.62462			6
2024.08.28	02:02:18.385	0.62462	0.62464			6
2024.08.28	02:02:19.038	0.62459	0.62462			6
2024.08.28	02:02:22.968	0.62460				2
2024.08.28	02:02:23.285		0.62463			4
2024.08.28	02:02:23.635	0.62459	0.62462			6
2024.08.28	02:02:41.485	0.62458	0.62461			6
2024.08.28	02:02:41.805	0.62451	0.62454			6
2024.08.28	02:02:42.159	0.62450	0.62453			6
2024.08.28	02:02:42.490	0.62449				2
2024.08.28	02:02:43.138	0.62450	0.62454			6
2024.08.28	02:02:43.444	0.62451				2
2024.08.28	02:02:43.746	0.62450				2
2024.08.28	02:02:44.111	0.62451				2
2024.08.28	02:02:44.424	0.62450				2
2024.08.28	02:02:49.136	0.62452	0.62455			6
2024.08.28	02:02:49.770	0.62451	0.62454			6
2024.08.28	02:02:50.790	0.62450	0.62453			6
2024.08.28	02:02:51.689	0.62449				2
2024.08.28	02:02:56.046	0.62451	0.62454			6
2024.08.28	02:02:56.361	0.62452	0.62456			6
2024.08.28	02:02:56.662	0.62453				2
2024.08.28	02:02:56.964	0.62452				2
2024.08.28	02:03:00.451	0.62452				2
2024.08.28	02:03:05.509	0.62453				2
2024.08.28	02:03:11.145		0.62457			4
2024.08.28	02:03:12.121	0.62457	0.62460			6
2024.08.28	02:03:17.081	0.62458				2
2024.08.28	02:03:36.312	0.62460	0.62461			6
2024.08.28	02:03:46.065	0.62459				2
2024.08.28	02:03:58.507	0.62458				2
2024.08.28	02:04:00.241	0.62458				2
2024.08.28	02:04:11.307	0.62460	0.62462			6
2024.08.28	02:04:17.451		0.62463			4
2024.08.28	02:04:41.394	0.62459	0.62462			6
2024.08.28	02:04:43.657	0.62460	0.62463			6
2024.08.28	02:04:49.585	0.62459	0.62462			6
2024.08.28	02:04:51.367	0.62460	0.62463			6
2024.08.28	02:04:55.484		0.62461			4
2024.08.28	02:04:55.791		0.62463			4
2024.08.28	02:04:56.121		0.62461			4
2024.08.28	02:04:56.433		0.62464			4
2024.08.28	02:04:57.384	0.62462				2
2024.08.28	02:04:59.302		0.62465			4
2024.08.28	02:05:00.088	0.62462				2
2024.08.28	02:05:07.244	0.62466	0.62468			6
2024.08.28	02:05:07.561	0.62465				2
2024.08.28	02:05:36.110	0.62464				2
2024.08.28	02:05:36.958	0.62465				2
2024.08.28	02:05:40.704		0.62467			4
2024.08.28	02:05:41.043		0.62468			4
2024.08.28	02:05:49.561	0.62469	0.62472			6
2024.08.28	02:05:56.721	0.62470				2
2024.08.28	02:05:57.039	0.62469				2
2024.08.28	02:05:59.811	0.62468	0.62471			6
2024.08.28	02:06:00.233	0.62468				2
2024.08.28	02:06:01.166		0.62470			4
2024.08.28	02:06:04.733	0.62467				2
2024.08.28	02:06:05.041	0.62468				2
2024.08.28	02:06:06.397	0.62471	0.62472			6
2024.08.28	02:06:06.773	0.62469				2
2024.08.28	02:06:07.121	0.62470				2
2024.08.28	02:06:07.423	0.62472	0.62475			6
2024.08.28	02:06:07.738		0.62476			4
2024.08.28	02:06:08.344	0.62473	0.62477			6
2024.08.28	02:06:09.869		0.62476			4
2024.08.28	02:06:11.013		0.62477			4
2024.08.28	02:06:11.891		0.62475			4
2024.08.28	02:06:13.262	0.62472	0.62474			6
2024.08.28	02:06:13.562		0.62475			4
2024.08.28	02:06:16.323		0.62476			4
2024.08.28	02:06:21.321		0.62475			4
2024.08.28	02:06:30.301		0.62474			4
2024.08.28	02:06:30.616		0.62475			4
2024.08.28	02:06:31.364		0.62474			4
2024.08.28	02:06:31.741		0.62475			4
2024.08.28	02:06:33.642		0.62474			4
2024.08.28	02:06:33.996		0.62475			4
2024.08.28	02:06:34.896	0.62471				2
2024.08.28	02:06:38.242	0.62473	0.62476			6
2024.08.28	02:06:38.749	0.62472	0.62475			6
2024.08.28	02:06:39.070		0.62476			4
2024.08.28	02:06:39.515	0.62473				2
2024.08.28	02:06:47.780	0.62472				2
2024.08.28	02:06:55.584	0.62473	0.62475			6
2024.08.28	02:06:57.544	0.62469	0.62471			6
2024.08.28	02:06:57.856	0.62466	0.62470			6
2024.08.28	02:06:58.164	0.62467	0.62471			6
2024.08.28	02:07:00.276	0.62467				2
2024.08.28	02:07:06.173	0.62468	0.62472			6
2024.08.28	02:07:07.003	0.62470	0.62473			6
2024.08.28	02:07:10.956		0.62474			4
2024.08.28	02:07:11.306		0.62473			4
2024.08.28	02:07:11.626	0.62468				2
2024.08.28	02:07:12.657	0.62469				2
2024.08.28	02:07:17.157	0.62468				2
2024.08.28	02:07:17.461	0.62469				2
2024.08.28	02:07:19.375	0.62467	0.62471			6
2024.08.28	02:07:20.607	0.62466				2
2024.08.28	02:07:25.022		0.62470			4
2024.08.28	02:07:32.942	0.62467	0.62471			6
2024.08.28	02:07:38.221	0.62472	0.62476			6
2024.08.28	02:07:45.485		0.62475			4
2024.08.28	02:07:54.445	0.62471				2
2024.08.28	02:08:00.415	0.62471				2
2024.08.28	02:08:17.761	0.62472				2
2024.08.28	02:08:18.066	0.62471				2
2024.08.28	02:08:25.562	0.62473				2
2024.08.28	02:08:28.698	0.62474				2
2024.08.28	02:08:29.001	0.62472				2
2024.08.28	02:08:30.281	0.62473				2
2024.08.28	02:08:30.833	0.62472				2
2024.08.28	02:08:33.852	0.62471				2
2024.08.28	02:08:34.775	0.62472				2
2024.08.28	02:08:41.657	0.62465	0.62468			6
2024.08.28	02:08:42.344	0.62463	0.62467			6
2024.08.28	02:08:48.739		0.62465			4
2024.08.28	02:08:49.043		0.62467			4
2024.08.28	02:09:00.368	0.62463				2
2024.08.28	02:09:05.198	0.62464				2
2024.08.28	02:09:06.130	0.62463				2
2024.08.28	02:09:34.397	0.62465				2
2024.08.28	02:09:36.678	0.62464				2
2024.08.28	02:09:38.717	0.62463				2
2024.08.28	02:09:39.822	0.62464				2
2024.08.28	02:09:41.111	0.62463				2
2024.08.28	02:09:41.428	0.62464				2
2024.08.28	02:09:42.641	0.62463				2
2024.08.28	02:09:43.883	0.62464				2
2024.08.28	02:09:44.345	0.62463				2
2024.08.28	02:09:44.671	0.62464				2
2024.08.28	02:09:47.711	0.62463				2
2024.08.28	02:09:49.061	0.62464	0.62467			6
2024.08.28	02:09:51.741	0.62465				2
2024.08.28	02:09:52.450	0.62464				2
2024.08.28	02:09:55.158	0.62465				2
2024.08.28	02:09:55.837	0.62464				2
2024.08.28	02:09:56.961	0.62465				2
2024.08.28	02:09:57.459	0.62463				2
2024.08.28	02:09:59.184	0.62465				2
2024.08.28	02:09:59.487	0.62464				2
2024.08.28	02:10:00.111	0.62464				2
2024.08.28	02:10:01.893	0.62465				2
2024.08.28	02:10:02.255	0.62464				2
2024.08.28	02:10:02.764	0.62463				2
2024.08.28	02:10:03.826	0.62465				2
2024.08.28	02:10:04.245	0.62464				2
2024.08.28	02:10:07.273	0.62463	0.62466			6
2024.08.28	02:10:11.240		0.62465			4
2024.08.28	02:10:11.563		0.62466			4
2024.08.28	02:10:15.105	0.62462				2
2024.08.28	02:10:15.409	0.62463				2
2024.08.28	02:10:16.250	0.62462				2
2024.08.28	02:10:17.085	0.62463				2
2024.08.28	02:10:28.637	0.62462	0.62465			6
2024.08.28	02:10:30.372	0.62461				2
2024.08.28	02:10:43.902	0.62463				2
2024.08.28	02:10:56.456	0.62462				2
2024.08.28	02:11:02.281	0.62462				2
2024.08.28	02:11:03.148	0.62464				2
2024.08.28	02:11:03.455	0.62462				2
2024.08.28	02:11:28.714		0.62465			4
2024.08.28	02:11:44.701	0.62463				2
2024.08.28	02:11:45.468	0.62461				2
2024.08.28	02:12:00.340	0.62460				2
2024.08.28	02:12:00.662	0.62462				2
2024.08.28	02:12:01.052	0.62460				2
2024.08.28	02:12:05.779	0.62462				2
2024.08.28	02:12:06.406	0.62461				2
2024.08.28	02:12:17.584	0.62460	0.62464			6
2024.08.28	02:12:17.897	0.62455	0.62458			6
2024.08.28	02:12:28.123	0.62456	0.62459			6
2024.08.28	02:12:29.455	0.62458	0.62460			6
2024.08.28	02:12:31.586	0.62457				2
2024.08.28	02:12:31.944	0.62456				2
2024.08.28	02:12:41.697	0.62458				2
2024.08.28	02:12:44.473	0.62457				2
2024.08.28	02:12:46.093	0.62455	0.62459			6
2024.08.28	02:13:00.271	0.62455				2
2024.08.28	02:13:04.079	0.62459	0.62463			6
2024.08.28	02:13:05.090		0.62462			4
2024.08.28	02:13:06.013		0.62463			4
2024.08.28	02:13:06.861		0.62462			4
2024.08.28	02:13:07.203		0.62463			4
2024.08.28	02:13:21.159	0.62458				2
2024.08.28	02:13:21.896	0.62463	0.62465			6
2024.08.28	02:13:22.206	0.62462				2
2024.08.28	02:13:22.540	0.62463				2
2024.08.28	02:13:22.899	0.62462				2
2024.08.28	02:13:23.236	0.62461				2
2024.08.28	02:13:32.756	0.62462				2
2024.08.28	02:13:35.895	0.62460	0.62464			6
2024.08.28	02:13:38.906	0.62461	0.62463			6
2024.08.28	02:13:39.207	0.62460				2
2024.08.28	02:13:41.381		0.62464			4
2024.08.28	02:13:44.921		0.62465			4
2024.08.28	02:13:46.051		0.62464			4
2024.08.28	02:13:55.067	0.62462				2
2024.08.28	02:13:55.447	0.62460				2
2024.08.28	02:14:00.354	0.62460				2
2024.08.28	02:14:12.410	0.62457	0.62461			6
2024.08.28	02:14:21.466	0.62458				2
2024.08.28	02:14:23.000		0.62462			4
2024.08.28	02:14:30.912		0.62461			4
2024.08.28	02:14:36.398		0.62462			4
2024.08.28	02:14:38.671	0.62461	0.62464			6
2024.08.28	02:14:39.682	0.62460				2
2024.08.28	02:14:42.169	0.62461				2
2024.08.28	02:14:42.968	0.62460				2
2024.08.28	02:14:43.290	0.62461				2
2024.08.28	02:14:48.768	0.62460				2
2024.08.28	02:14:51.836	0.62461				2
2024.08.28	02:14:54.450	0.62460				2
2024.08.28	02:14:55.123	0.62461				2
2024.08.28	02:14:55.575	0.62460				2
2024.08.28	02:14:58.799	0.62461				2
2024.08.28	02:15:00.089	0.62460				2
2024.08.28	02:15:04.701	0.62461				2
2024.08.28	02:15:05.473	0.62460				2
2024.08.28	02:15:27.136	0.62461				2
2024.08.28	02:15:28.261	0.62460				2
2024.08.28	02:15:38.861		0.62464			4
2024.08.28	02:15:42.476	0.62461				2
2024.08.28	02:15:43.763	0.62460				2
2024.08.28	02:15:44.082	0.62461				2
2024.08.28	02:15:44.880	0.62460				2
2024.08.28	02:15:45.182	0.62461				2
2024.08.28	02:15:47.421	0.62460				2
2024.08.28	02:15:50.801	0.62461				2
2024.08.28	02:15:55.014	0.62460				2
2024.08.28	02:15:55.419	0.62461				2
2024.08.28	02:15:56.174	0.62460				2
2024.08.28	02:15:56.547	0.62461				2
2024.08.28	02:15:59.087	0.62465	0.62468			6
2024.08.28	02:15:59.760	0.62466				2
2024.08.28	02:16:00.066	0.62467	0.62470			6
2024.08.28	02:16:00.381	0.62466				2
2024.08.28	02:16:00.685	0.62467				2
2024.08.28	02:16:02.510	0.62468				2
2024.08.28	02:16:05.926	0.62467				2
2024.08.28	02:16:10.354		0.62469			4
2024.08.28	02:16:10.660		0.62470			4
2024.08.28	02:16:11.528	0.62471	0.62474			6
2024.08.28	02:16:11.844		0.62473			4
2024.08.28	02:16:16.045		0.62474			4
2024.08.28	02:16:19.420		0.62473			4
2024.08.28	02:16:20.552		0.62474			4
2024.08.28	02:16:21.294		0.62473			4
2024.08.28	02:16:27.285	0.62461	0.62464			6
2024.08.28	02:16:27.586	0.62458	0.62461			6
2024.08.28	02:16:27.961	0.62461	0.62463			6
2024.08.28	02:16:28.817	0.62460				2
2024.08.28	02:16:34.737		0.62462			4
2024.08.28	02:16:41.025		0.62463			4
2024.08.28	02:16:46.227	0.62461				2
2024.08.28	02:16:48.852	0.62462	0.62465			6
2024.08.28	02:17:00.430	0.62462				2
2024.08.28	02:17:02.810	0.62463				2
2024.08.28	02:17:03.937	0.62462				2
2024.08.28	02:17:05.172	0.62463				2
2024.08.28	02:17:07.633	0.62462				2
2024.08.28	02:17:15.223	0.62461	0.62464			6
2024.08.28	02:17:16.749		0.62462			4
2024.08.28	02:17:17.057		0.62464			4
2024.08.28	02:17:42.412	0.62462	0.62465			6
2024.08.28	02:17:46.861	0.62461	0.62464			6
2024.08.28	02:17:48.460	0.62460				2
2024.08.28	02:17:48.776	0.62461				2
2024.08.28	02:17:51.316		0.62463			4
2024.08.28	02:17:52.154		0.62464			4
2024.08.28	02:17:58.755	0.62462	0.62465			6
2024.08.28	02:18:00.243	0.62461				2
2024.08.28	02:18:00.677	0.62457	0.62461			6
2024.08.28	02:18:01.062	0.62459	0.62462			6
2024.08.28	02:18:07.661	0.62462	0.62464			6
2024.08.28	02:18:07.970		0.62465			4
2024.08.28	02:18:09.526	0.62461	0.62464			6
2024.08.28	02:18:16.332	0.62459	0.62463			6
2024.08.28	02:18:18.429	0.62461				2
2024.08.28	02:18:23.151	0.62462				2
2024.08.28	02:18:23.465		0.62465			4
2024.08.28	02:18:24.277	0.62461	0.62464			6
2024.08.28	02:18:27.129	0.62462				2
2024.08.28	02:18:27.433	0.62461				2
2024.08.28	02:18:32.106		0.62463			4
2024.08.28	02:18:32.624		0.62464			4
2024.08.28	02:18:37.221	0.62462	0.62466			6
2024.08.28	02:18:38.339	0.62464	0.62467			6
2024.08.28	02:18:39.421	0.62465				2
2024.08.28	02:18:43.743	0.62463	0.62466			6
2024.08.28	02:18:46.352	0.62464	0.62467			6
2024.08.28	02:18:47.658		0.62469			4
2024.08.28	02:18:47.969	0.62465				2
2024.08.28	02:18:48.630		0.62468			4
2024.08.28	02:18:52.236	0.62464				2
2024.08.28	02:18:52.543	0.62465				2
2024.08.28	02:19:00.121	0.62465				2
2024.08.28	02:19:11.128	0.62464	0.62465			6
2024.08.28	02:19:11.436	0.62465	0.62468			6
2024.08.28	02:19:13.368	0.62457	0.62461			6
2024.08.28	02:19:15.885		0.62460			4
2024.08.28	02:19:18.662	0.62458				2
2024.08.28	02:19:35.893	0.62460	0.62461			6
2024.08.28	02:19:36.978		0.62462			4
2024.08.28	02:19:51.679	0.62462	0.62464			6
2024.08.28	02:19:52.629	0.62461				2
2024.08.28	02:19:52.954	0.62463	0.62465			6
2024.08.28	02:19:57.994		0.62466			4
2024.08.28	02:19:58.300		0.62465			4
2024.08.28	02:19:58.619	0.62461	0.62464			6
2024.08.28	02:20:00.243	0.62461				2
2024.08.28	02:20:00.634		0.62465			4
2024.08.28	02:20:01.647		0.62464			4
2024.08.28	02:20:25.096	0.62462				2
2024.08.28	02:20:26.546		0.62465			4
2024.08.28	02:20:45.358	0.62461	0.62464			6
2024.08.28	02:21:00.062	0.62461				2
2024.08.28	02:21:16.422	0.62458	0.62461			6
2024.08.28	02:21:16.737	0.62460	0.62462			6
2024.08.28	02:21:17.045	0.62459				2
2024.08.28	02:21:18.343	0.62460				2
2024.08.28	02:21:18.648	0.62459				2
2024.08.28	02:21:27.859	0.62458	0.62460			6
2024.08.28	02:21:28.163	0.62453	0.62455			6
2024.08.28	02:21:28.466		0.62456			4
2024.08.28	02:21:33.566		0.62455			4
2024.08.28	02:21:34.421		0.62456			4
2024.08.28	02:21:38.143	0.62454	0.62457			6
2024.08.28	02:21:38.464	0.62455	0.62458			6
2024.08.28	02:21:42.866	0.62452	0.62455			6
2024.08.28	02:21:46.332	0.62454				2
2024.08.28	02:21:46.651	0.62452				2
2024.08.28	02:21:51.965	0.62453				2
2024.08.28	02:22:00.650	0.62453				2
2024.08.28	02:22:00.953	0.62449	0.62452			6
2024.08.28	02:22:02.667	0.62450				2
2024.08.28	02:22:03.120	0.62449				2
2024.08.28	02:22:07.930	0.62450	0.62453			6
2024.08.28	02:22:09.330	0.62449	0.62452			6
2024.08.28	02:22:09.650	0.62450	0.62453			6
2024.08.28	02:22:10.338	0.62449	0.62452			6
2024.08.28	02:22:10.856	0.62448	0.62451			6
2024.08.28	02:22:16.660	0.62447				2
2024.08.28	02:22:24.587	0.62448				2
2024.08.28	02:22:27.258	0.62446	0.62449			6
2024.08.28	02:22:31.685		0.62450			4
2024.08.28	02:22:32.880		0.62449			4
2024.08.28	02:22:33.193	0.62445				2
2024.08.28	02:22:41.164	0.62448	0.62451			6
2024.08.28	02:22:42.789	0.62444	0.62447			6
2024.08.28	02:22:43.104	0.62445	0.62448			6
2024.08.28	02:22:46.098		0.62447			4
2024.08.28	02:22:47.560	0.62446	0.62448			6
2024.08.28	02:22:54.250		0.62447			4
2024.08.28	02:22:56.914	0.62445	0.62448			6
2024.08.28	02:22:59.924	0.62446				2
2024.08.28	02:23:00.264	0.62446				2
2024.08.28	02:23:06.049		0.62449			4
2024.08.28	02:23:06.896		0.62448			4
2024.08.28	02:23:11.461		0.62449			4
2024.08.28	02:23:11.974	0.62447				2
2024.08.28	02:23:12.701		0.62450			4
2024.08.28	02:23:24.008	0.62445	0.62448			6
2024.08.28	02:23:27.839	0.62446	0.62449			6
2024.08.28	02:23:28.142	0.62447	0.62450			6
2024.08.28	02:23:28.969	0.62449				2
2024.08.28	02:23:29.285	0.62448				2
2024.08.28	02:23:29.602	0.62447				2
2024.08.28	02:23:31.668	0.62449				2
2024.08.28	02:23:31.976	0.62447				2
2024.08.28	02:23:44.923	0.62446	0.62449			6
2024.08.28	02:23:45.967	0.62445	0.62447			6
2024.08.28	02:23:48.499	0.62444				2
2024.08.28	02:24:00.367	0.62444				2
2024.08.28	02:24:02.912	0.62443	0.62446			6
2024.08.28	02:24:04.892	0.62444	0.62448			6
2024.08.28	02:24:32.251	0.62445				2
2024.08.28	02:24:43.153		0.62447			4
2024.08.28	02:24:43.456		0.62448			4
2024.08.28	02:24:45.464	0.62444				2
2024.08.28	02:24:57.854	0.62445	0.62449			6
2024.08.28	02:24:58.931	0.62447				2
2024.08.28	02:25:06.049	0.62446				2
2024.08.28	02:25:06.368		0.62450			4
2024.08.28	02:25:06.681	0.62447				2
2024.08.28	02:25:06.983	0.62448	0.62451			6
2024.08.28	02:25:07.814	0.62449	0.62452			6
2024.08.28	02:25:13.381	0.62446	0.62450			6
2024.08.28	02:25:14.230	0.62448	0.62451			6
2024.08.28	02:25:15.762	0.62447				2
2024.08.28	02:25:17.674	0.62449	0.62452			6
2024.08.28	02:25:20.061		0.62453			4
2024.08.28	02:25:22.757	0.62450	0.62454			6
2024.08.28	02:25:29.537		0.62453			4
2024.08.28	02:25:29.841		0.62454			4
2024.08.28	02:25:30.696	0.62449	0.62453			6
2024.08.28	02:25:31.114	0.62450	0.62454			6
2024.08.28	02:25:31.422		0.62453			4
2024.08.28	02:25:49.548		0.62452			4
2024.08.28	02:25:49.853		0.62453			4
2024.08.28	02:26:00.561	0.62450				2
2024.08.28	02:26:01.174	0.62449				2
2024.08.28	02:26:01.602	0.62448	0.62452			6
2024.08.28	02:26:02.646	0.62449	0.62453			6
2024.08.28	02:26:08.200	0.62448	0.62452			6
2024.08.28	02:26:08.853	0.62449				2
2024.08.28	02:26:11.908	0.62450				2
2024.08.28	02:26:15.921	0.62451				2
2024.08.28	02:26:16.554	0.62450				2
2024.08.28	02:26:20.097	0.62449				2
2024.08.28	02:26:20.506	0.62450				2
2024.08.28	02:26:21.073	0.62451				2
2024.08.28	02:26:21.382	0.62450	0.62453			6
2024.08.28	02:26:21.711	0.62451				2
2024.08.28	02:26:23.399	0.62449				2
2024.08.28	02:26:32.926	0.62448				2
2024.08.28	02:26:37.938		0.62452			4
2024.08.28	02:26:40.901	0.62447	0.62451			6
2024.08.28	02:26:41.203		0.62452			4
2024.08.28	02:26:46.008	0.62448				2
2024.08.28	02:26:52.348	0.62447				2
2024.08.28	02:26:55.663	0.62449				2
2024.08.28	02:26:55.980	0.62447	0.62451			6
2024.08.28	02:26:56.781	0.62449	0.62452			6
2024.08.28	02:27:00.087	0.62449				2
2024.08.28	02:27:00.490	0.62450				2
2024.08.28	02:27:04.159	0.62449				2
2024.08.28	02:27:04.512	0.62450				2
2024.08.28	02:27:07.447		0.62453			4
2024.08.28	02:27:09.620	0.62449				2
2024.08.28	02:27:11.271		0.62452			4
2024.08.28	02:27:13.799	0.62450				2
2024.08.28	02:27:15.141	0.62449				2
2024.08.28	02:27:16.472	0.62451				2
2024.08.28	02:27:16.974	0.62450				2
2024.08.28	02:27:27.671	0.62449				2
2024.08.28	02:27:32.364	0.62448				2
2024.08.28	02:28:00.114	0.62448				2
2024.08.28	02:28:09.510	0.62447				2
2024.08.28	02:28:11.429		0.62452			4
2024.08.28	02:28:14.730	0.62448				2
2024.08.28	02:28:21.228	0.62447				2
2024.08.28	02:28:33.340		0.62451			4
2024.08.28	02:28:39.323	0.62448	0.62452			6
2024.08.28	02:28:39.651	0.62447				2
2024.08.28	02:28:40.730	0.62448				2
2024.08.28	02:28:42.307	0.62450				2
2024.08.28	02:28:51.011	0.62449				2
2024.08.28	02:28:52.162	0.62448				2
2024.08.28	02:28:55.617	0.62450				2
2024.08.28	02:29:00.092	0.62450				2
2024.08.28	02:29:01.216	0.62449				2
2024.08.28	02:29:08.906	0.62448				2
2024.08.28	02:29:09.216	0.62449				2
2024.08.28	02:29:09.547	0.62450				2
2024.08.28	02:29:15.578	0.62449				2
2024.08.28	02:29:22.406	0.62450	0.62455			6
2024.08.28	02:29:23.304	0.62451				2
2024.08.28	02:29:23.622	0.62452	0.62456			6
2024.08.28	02:29:28.368		0.62457			4
2024.08.28	02:29:29.794	0.62447	0.62450			6
2024.08.28	02:29:30.849		0.62451			4
2024.08.28	02:29:37.423	0.62449	0.62452			6
2024.08.28	02:29:37.741	0.62448				2
2024.08.28	02:29:39.872	0.62449				2
2024.08.28	02:29:40.246	0.62448				2
2024.08.28	02:29:42.335	0.62451	0.62454			6
2024.08.28	02:29:42.639		0.62455			4
2024.08.28	02:29:43.410	0.62450	0.62454			6
2024.08.28	02:29:51.836	0.62451				2
2024.08.28	02:29:52.142		0.62455			4
2024.08.28	02:30:00.234	0.62451				2
2024.08.28	02:30:00.546	0.62452				2
2024.08.28	02:30:00.949	0.62451				2
2024.08.28	02:30:09.729	0.62452				2
2024.08.28	02:30:17.732	0.62453	0.62456			6
2024.08.28	02:30:18.071	0.62452				2
2024.08.28	02:30:18.488	0.62451	0.62455			6
2024.08.28	02:30:18.856	0.62452				2
2024.08.28	02:30:20.494		0.62456			4
2024.08.28	02:30:26.352	0.62451				2
2024.08.28	02:30:26.663	0.62452				2
2024.08.28	02:30:33.128	0.62451				2
2024.08.28	02:30:33.438	0.62452				2
2024.08.28	02:30:38.601	0.62453	0.62457			6
2024.08.28	02:30:49.947	0.62454				2
2024.08.28	02:30:50.262	0.62453				2
2024.08.28	02:31:00.128	0.62453				2
2024.08.28	02:31:02.211	0.62456				2
2024.08.28	02:31:02.650	0.62453				2
2024.08.28	02:31:10.390	0.62454				2
2024.08.28	02:31:10.790	0.62453				2
2024.08.28	02:31:18.185		0.62456			4
2024.08.28	02:31:18.659		0.62457			4
2024.08.28	02:31:26.021	0.62454				2
2024.08.28	02:31:26.746	0.62453				2
2024.08.28	02:31:27.894	0.62455				2
2024.08.28	02:31:28.232	0.62453				2
2024.08.28	02:31:59.611	0.62449	0.62453			6
2024.08.28	02:32:00.241	0.62449				2
2024.08.28	02:32:02.350		0.62454			4
2024.08.28	02:32:03.490	0.62451				2
2024.08.28	02:32:03.801	0.62450				2
2024.08.28	02:32:08.342	0.62451				2
2024.08.28	02:32:08.929		0.62452			4
2024.08.28	02:32:09.261		0.62454			4
2024.08.28	02:32:09.879		0.62453			4
2024.08.28	02:32:10.181		0.62452			4
2024.08.28	02:32:10.488	0.62450	0.62451			6
2024.08.28	02:32:11.106	0.62451	0.62452			6
2024.08.28	02:32:11.720	0.62450	0.62451			6
2024.08.28	02:32:12.028	0.62451	0.62454			6
2024.08.28	02:32:12.380	0.62450				2
2024.08.28	02:32:13.194	0.62451				2
2024.08.28	02:32:16.341		0.62455			4
2024.08.28	02:32:20.408	0.62450				2
2024.08.28	02:32:24.693	0.62451				2
2024.08.28	02:32:25.054	0.62450				2
2024.08.28	02:32:29.360	0.62451				2
2024.08.28	02:32:37.278	0.62452				2
2024.08.28	02:32:47.354	0.62448	0.62452			6
2024.08.28	02:32:47.663	0.62449				2
2024.08.28	02:32:48.685	0.62448				2
2024.08.28	02:32:59.197	0.62449				2
2024.08.28	02:33:00.270	0.62449				2
2024.08.28	02:33:03.714	0.62450				2
2024.08.28	02:33:04.445	0.62457	0.62460			6
2024.08.28	02:33:05.201		0.62459			4
2024.08.28	02:33:05.996		0.62460			4
2024.08.28	02:33:06.331		0.62459			4
2024.08.28	02:33:06.848	0.62458	0.62462			6
2024.08.28	02:33:09.371	0.62459				2
2024.08.28	02:33:11.418	0.62458				2
2024.08.28	02:33:12.098		0.62461			4
2024.08.28	02:33:14.597		0.62462			4
2024.08.28	02:33:19.302	0.62459				2
2024.08.28	02:33:19.616	0.62458				2
2024.08.28	02:33:20.540	0.62460	0.62463			6
