<DATE>	<TIME>	<BID>	<ASK>	<LAST>	<VOLUME>	<FLAGS>
2024.12.23	00:00:00.229	0.56480	0.56680			6
2024.12.23	00:00:04.467	0.56470	0.56670			6
2024.12.23	00:01:00.070	0.56470				2
2024.12.23	00:01:04.610		0.56670			4
2024.12.23	00:01:10.398	0.56482	0.56682			6
2024.12.23	00:01:45.149	0.56494	0.56694			6
2024.12.23	00:01:52.704	0.56492	0.56692			6
2024.12.23	00:02:00.259	0.56492				2
2024.12.23	00:02:52.842		0.56692			4
2024.12.23	00:03:00.094	0.56492				2
2024.12.23	00:03:52.974		0.56692			4
2024.12.23	00:04:00.228	0.56492				2
2024.12.23	00:04:47.430	0.56494	0.56694			6
2024.12.23	00:04:51.962	0.56536	0.56736			6
2024.12.23	00:04:52.566	0.56502	0.56702			6
2024.12.23	00:05:00.120	0.56502				2
2024.12.23	00:05:19.770	0.56536	0.56736			6
2024.12.23	00:05:20.677	0.56502	0.56702			6
2024.12.23	00:05:32.766		0.56630			4
2024.12.23	00:05:33.975	0.56536				2
2024.12.23	00:05:34.882	0.56502	0.56629			6
2024.12.23	00:05:40.018		0.56628			4
2024.12.23	00:05:43.644		0.56647			4
2024.12.23	00:05:43.946		0.56649			4
2024.12.23	00:05:48.177		0.56648			4
2024.12.23	00:05:52.105		0.56647			4
2024.12.23	00:05:56.334		0.56645			4
2024.12.23	00:05:56.637		0.56642			4
2024.12.23	00:05:59.055		0.56641			4
2024.12.23	00:06:00.263	0.56502				2
2024.12.23	00:06:00.566		0.56646			4
2024.12.23	00:06:02.075		0.56650			4
2024.12.23	00:06:09.630		0.56649			4
2024.12.23	00:06:18.998		0.56648			4
2024.12.23	00:06:21.718		0.56634			4
2024.12.23	00:06:30.480		0.56633			4
2024.12.23	00:06:34.713		0.56634			4
2024.12.23	00:06:38.640		0.56635			4
2024.12.23	00:06:40.152		0.56634			4
2024.12.23	00:06:51.634		0.56633			4
2024.12.23	00:07:00.096	0.56502				2
2024.12.23	00:07:00.697		0.56632			4
2024.12.23	00:07:09.464	0.56536				2
2024.12.23	00:07:10.067	0.56502				2
2024.12.23	00:07:12.789		0.56631			4
2024.12.23	00:07:25.783		0.56630			4
2024.12.23	00:07:37.568		0.56629			4
2024.12.23	00:07:54.190		0.56628			4
2024.12.23	00:07:57.213		0.56629			4
2024.12.23	00:07:58.119		0.56628			4
2024.12.23	00:08:00.235	0.56428				2
2024.12.23	00:08:10.103		0.56627			4
2024.12.23	00:08:23.803	0.56468	0.56668			6
2024.12.23	00:08:41.633	0.56467	0.56667			6
2024.12.23	00:08:47.373	0.56439	0.56639			6
2024.12.23	00:08:47.675	0.56452	0.56652			6
2024.12.23	00:08:47.988	0.56451	0.56651			6
2024.12.23	00:08:52.562	0.56462	0.56662			6
2024.12.23	00:08:54.679	0.56450	0.56650			6
2024.12.23	00:08:55.584	0.56436	0.56636			6
2024.12.23	00:08:55.888	0.56438	0.56638			6
2024.12.23	00:08:56.189	0.56448	0.56648			6
2024.12.23	00:09:00.117	0.56448				2
2024.12.23	00:09:04.047	0.56447	0.56647			6
2024.12.23	00:09:10.998	0.56438	0.56638			6
2024.12.23	00:09:14.019	0.56430	0.56630			6
2024.12.23	00:09:14.925	0.56438	0.56638			6
2024.12.23	00:09:17.342	0.56437	0.56637			6
2024.12.23	00:09:25.501	0.56436	0.56636			6
2024.12.23	00:09:35.775	0.56423	0.56483			6
2024.12.23	00:09:36.514	0.56425	0.56504			6
2024.12.23	00:09:39.149		0.56490			4
2024.12.23	00:09:40.962		0.56483			4
2024.12.23	00:10:00.315	0.56425				2
2024.12.23	00:10:06.291	0.56423	0.56455			6
2024.12.23	00:10:49.394	0.56420	0.56453			6
2024.12.23	00:10:52.989		0.56472			4
2024.12.23	00:10:58.146		0.56453			4
2024.12.23	00:11:00.193	0.56420				2
2024.12.23	00:11:06.196	0.56418	0.56450			6
2024.12.23	00:11:08.526		0.56479			4
2024.12.23	00:11:30.786	0.56420				2
2024.12.23	00:11:46.701		0.56484			4
2024.12.23	00:11:47.959		0.56479			4
2024.12.23	00:11:49.429		0.56484			4
2024.12.23	00:11:54.313		0.56479			4
2024.12.23	00:12:00.190	0.56420				2
2024.12.23	00:12:03.392	0.56432	0.56478			6
2024.12.23	00:12:04.351		0.56479			4
2024.12.23	00:12:09.191		0.56478			4
2024.12.23	00:12:17.249		0.56481			4
2024.12.23	00:12:21.008	0.56445	0.56501			6
2024.12.23	00:12:21.423		0.56509			4
2024.12.23	00:12:29.899	0.56438	0.56490			6
2024.12.23	00:12:32.889	0.56442	0.56491			6
2024.12.23	00:13:00.322	0.56442				2
2024.12.23	00:13:32.903		0.56491			4
2024.12.23	00:14:01.088	0.56442				2
2024.12.23	00:14:11.192	0.56447	0.56492			6
2024.12.23	00:15:00.624	0.56447				2
2024.12.23	00:15:00.973	0.56445	0.56491			6
2024.12.23	00:15:02.308		0.56490			4
2024.12.23	00:15:11.988		0.56492			4
2024.12.23	00:15:13.401		0.56491			4
2024.12.23	00:15:32.307		0.56490			4
2024.12.23	00:15:37.621	0.56428	0.56487			6
2024.12.23	00:15:38.299		0.56488			4
2024.12.23	00:15:38.706	0.56426	0.56469			6
2024.12.23	00:15:39.153	0.56428	0.56486			6
2024.12.23	00:15:41.910		0.56487			4
2024.12.23	00:15:51.019	0.56435	0.56491			6
2024.12.23	00:15:51.428		0.56489			4
2024.12.23	00:15:53.023		0.56483			4
2024.12.23	00:16:00.791	0.56435				2
2024.12.23	00:16:01.619		0.56485			4
2024.12.23	00:16:17.001		0.56484			4
2024.12.23	00:17:01.091	0.56435				2
2024.12.23	00:17:07.690		0.56483			4
2024.12.23	00:17:40.687		0.56485			4
2024.12.23	00:18:00.792	0.56435				2
2024.12.23	00:18:02.568		0.56491			4
2024.12.23	00:18:13.618	0.56443	0.56502			6
2024.12.23	00:18:14.350		0.56500			4
2024.12.23	00:18:20.601		0.56499			4
2024.12.23	00:18:21.324	0.56441	0.56496			6
2024.12.23	00:18:26.746		0.56495			4
2024.12.23	00:18:30.199		0.56496			4
2024.12.23	00:18:31.324		0.56495			4
2024.12.23	00:18:55.735		0.56497			4
2024.12.23	00:19:00.402	0.56441	0.56489			6
2024.12.23	00:19:12.445		0.56490			4
2024.12.23	00:20:01.089	0.56441				2
2024.12.23	00:20:11.289		0.56489			4
2024.12.23	00:21:01.329	0.56441				2
2024.12.23	00:21:12.479		0.56489			4
2024.12.23	00:21:37.670		0.56497			4
2024.12.23	00:21:38.268		0.56500			4
2024.12.23	00:21:48.434		0.56497			4
2024.12.23	00:22:00.302	0.56441	0.56490			6
2024.12.23	00:22:22.022	0.56443	0.56492			6
2024.12.23	00:23:00.428	0.56443				2
2024.12.23	00:23:17.448		0.56486			4
2024.12.23	00:23:22.286		0.56487			4
2024.12.23	00:23:32.158		0.56486			4
2024.12.23	00:23:35.947		0.56492			4
2024.12.23	00:23:37.710	0.56435				2
2024.12.23	00:23:38.328	0.56443				2
2024.12.23	00:23:52.687		0.56495			4
2024.12.23	00:23:54.255		0.56494			4
2024.12.23	00:23:58.680		0.56495			4
2024.12.23	00:24:01.090	0.56443				2
2024.12.23	00:24:02.263		0.56494			4
2024.12.23	00:24:08.706		0.56491			4
2024.12.23	00:24:09.213		0.56492			4
2024.12.23	00:24:11.289		0.56495			4
2024.12.23	00:24:26.888		0.56494			4
2024.12.23	00:24:31.954		0.56495			4
2024.12.23	00:24:34.990		0.56494			4
2024.12.23	00:24:41.075		0.56492			4
2024.12.23	00:24:45.541	0.56436				2
2024.12.23	00:24:46.166	0.56443				2
2024.12.23	00:24:48.789	0.56436				2
2024.12.23	00:24:49.442	0.56443				2
2024.12.23	00:24:52.046		0.56493			4
2024.12.23	00:24:54.791		0.56492			4
2024.12.23	00:24:58.100		0.56491			4
2024.12.23	00:25:00.791	0.56443				2
2024.12.23	00:25:08.509		0.56492			4
2024.12.23	00:25:11.891		0.56491			4
2024.12.23	00:25:39.788		0.56490			4
2024.12.23	00:25:45.975		0.56492			4
2024.12.23	00:25:50.887		0.56490			4
2024.12.23	00:25:51.208		0.56485			4
2024.12.23	00:25:52.414		0.56490			4
2024.12.23	00:26:01.153	0.56443				2
2024.12.23	00:26:05.584		0.56501			4
2024.12.23	00:26:06.796		0.56502			4
2024.12.23	00:26:08.387		0.56500			4
2024.12.23	00:26:13.990		0.56501			4
2024.12.23	00:26:16.427		0.56498			4
2024.12.23	00:26:23.578		0.56501			4
2024.12.23	00:26:33.490		0.56502			4
2024.12.23	00:26:41.089		0.56501			4
2024.12.23	00:26:41.897		0.56498			4
2024.12.23	00:26:52.004		0.56501			4
2024.12.23	00:27:00.315	0.56443				2
2024.12.23	00:27:02.077		0.56498			4
2024.12.23	00:27:05.891		0.56497			4
2024.12.23	00:27:12.425		0.56501			4
2024.12.23	00:27:18.541		0.56498			4
2024.12.23	00:27:26.194		0.56493			4
2024.12.23	00:27:48.790		0.56492			4
2024.12.23	00:28:00.225	0.56443				2
2024.12.23	00:28:12.192		0.56504			4
2024.12.23	00:28:34.545		0.56493			4
2024.12.23	00:29:00.490	0.56443				2
2024.12.23	00:29:10.701		0.56492			4
2024.12.23	00:29:33.752		0.56491			4
2024.12.23	00:29:40.877		0.56490			4
2024.12.23	00:30:00.458	0.56443	0.56492			6
2024.12.23	00:30:04.913		0.56491			4
2024.12.23	00:30:19.814	0.56438				2
2024.12.23	00:30:20.354		0.56492			4
2024.12.23	00:30:20.693		0.56493			4
2024.12.23	00:30:22.991		0.56492			4
2024.12.23	00:30:33.796		0.56491			4
2024.12.23	00:30:34.990		0.56492			4
2024.12.23	00:30:36.491		0.56491			4
2024.12.23	00:30:38.887		0.56492			4
2024.12.23	00:30:48.191		0.56491			4
2024.12.23	00:30:51.189		0.56493			4
2024.12.23	00:30:51.499	0.56443	0.56496			6
2024.12.23	00:30:52.692		0.56495			4
2024.12.23	00:30:56.347		0.56501			4
2024.12.23	00:30:56.890		0.56494			4
2024.12.23	00:30:57.191		0.56496			4
2024.12.23	00:30:58.173		0.56497			4
2024.12.23	00:30:59.289		0.56496			4
2024.12.23	00:31:00.789	0.56443				2
2024.12.23	00:31:12.739		0.56501			4
2024.12.23	00:31:13.066	0.56415	0.56475			6
2024.12.23	00:31:13.417	0.56417				2
2024.12.23	00:31:14.215	0.56415				2
2024.12.23	00:31:20.355	0.56417				2
2024.12.23	00:32:01.436	0.56417				2
2024.12.23	00:32:13.690		0.56475			4
2024.12.23	00:32:38.852	0.56418				2
2024.12.23	00:32:39.178	0.56421				2
2024.12.23	00:32:39.480	0.56415				2
2024.12.23	00:32:50.994	0.56433	0.56480			6
2024.12.23	00:32:52.990	0.56435				2
2024.12.23	00:32:53.316	0.56434				2
2024.12.23	00:32:54.067	0.56432				2
2024.12.23	00:32:54.798	0.56434				2
2024.12.23	00:33:09.813	0.56434				2
2024.12.23	00:33:13.091	0.56433				2
2024.12.23	00:33:26.589	0.56434				2
2024.12.23	00:33:48.537	0.56433				2
2024.12.23	00:33:51.064		0.56480			4
2024.12.23	00:34:13.034	0.56437				2
2024.12.23	00:34:13.392	0.56438				2
2024.12.23	00:34:14.301	0.56435				2
2024.12.23	00:34:15.110	0.56434				2
2024.12.23	00:34:15.490	0.56435				2
2024.12.23	00:34:15.815	0.56434				2
2024.12.23	00:34:16.478	0.56435				2
2024.12.23	00:34:17.035	0.56433				2
2024.12.23	00:34:18.280	0.56432				2
2024.12.23	00:34:19.641	0.56431				2
2024.12.23	00:34:20.053	0.56434				2
2024.12.23	00:34:21.797	0.56435				2
2024.12.23	00:34:22.902	0.56437				2
2024.12.23	00:34:23.560	0.56436				2
2024.12.23	00:34:24.291	0.56438				2
2024.12.23	00:34:25.948	0.56442				2
2024.12.23	00:34:26.376	0.56437				2
2024.12.23	00:34:26.932	0.56438				2
2024.12.23	00:35:05.595	0.56437	0.56480			6
2024.12.23	00:35:16.921	0.56428				2
2024.12.23	00:35:17.283	0.56429				2
2024.12.23	00:35:18.287	0.56435				2
2024.12.23	00:35:32.724	0.56436				2
2024.12.23	00:35:35.601		0.56493			4
2024.12.23	00:35:36.223		0.56480			4
2024.12.23	00:35:37.691	0.56435				2
2024.12.23	00:36:01.393	0.56435				2
2024.12.23	00:36:02.601	0.56434				2
2024.12.23	00:36:11.890	0.56435				2
2024.12.23	00:36:18.919	0.56437				2
2024.12.23	00:36:22.255	0.56436				2
2024.12.23	00:36:30.190	0.56435				2
2024.12.23	00:36:32.678	0.56437				2
2024.12.23	00:36:33.793	0.56436				2
2024.12.23	00:36:44.421		0.56494			4
2024.12.23	00:36:45.033		0.56480			4
2024.12.23	00:37:10.809	0.56435				2
2024.12.23	00:37:11.311	0.56437				2
2024.12.23	00:37:29.859	0.56436				2
2024.12.23	00:37:48.079	0.56427	0.56480			6
2024.12.23	00:37:49.393	0.56428				2
2024.12.23	00:37:50.276	0.56429				2
2024.12.23	00:37:52.101	0.56428				2
2024.12.23	00:37:53.589	0.56429				2
2024.12.23	00:37:54.332	0.56432				2
2024.12.23	00:37:58.092	0.56433				2
2024.12.23	00:38:21.118	0.56433				2
2024.12.23	00:38:42.116	0.56438				2
2024.12.23	00:38:42.671	0.56437				2
2024.12.23	00:38:43.676	0.56435				2
2024.12.23	00:38:48.490	0.56436	0.56480			6
2024.12.23	00:38:50.289	0.56437				2
2024.12.23	00:38:52.347	0.56436				2
2024.12.23	00:38:52.690	0.56435				2
2024.12.23	00:39:11.108	0.56434				2
2024.12.23	00:39:14.358	0.56435				2
2024.12.23	00:39:22.993	0.56434				2
2024.12.23	00:39:29.634	0.56433				2
2024.12.23	00:39:32.486	0.56434				2
2024.12.23	00:39:48.796	0.56433	0.56480			6
2024.12.23	00:39:55.022	0.56432				2
2024.12.23	00:40:24.510	0.56432				2
2024.12.23	00:40:34.681	0.56431				2
2024.12.23	00:40:36.191	0.56430				2
2024.12.23	00:40:42.271	0.56429				2
2024.12.23	00:41:28.039	0.56428	0.56480			6
2024.12.23	00:41:29.179	0.56430				2
2024.12.23	00:41:30.495	0.56431				2
2024.12.23	00:41:34.279	0.56432				2
2024.12.23	00:41:34.692	0.56431				2
2024.12.23	00:41:35.865	0.56429				2
2024.12.23	00:41:38.290	0.56428				2
2024.12.23	00:41:40.690	0.56427				2
2024.12.23	00:41:49.585	0.56425				2
2024.12.23	00:41:51.593	0.56424				2
2024.12.23	00:41:57.061	0.56423				2
2024.12.23	00:41:57.496	0.56422				2
2024.12.23	00:42:00.485	0.56421				2
2024.12.23	00:42:01.093	0.56420				2
2024.12.23	00:42:03.490	0.56421				2
2024.12.23	00:42:06.500	0.56420				2
2024.12.23	00:42:13.447	0.56422				2
2024.12.23	00:42:19.121	0.56424				2
2024.12.23	00:42:19.691	0.56425				2
2024.12.23	00:42:29.001		0.56480			4
2024.12.23	00:42:30.464	0.56423				2
2024.12.23	00:42:35.426	0.56425				2
2024.12.23	00:43:15.135	0.56426				2
2024.12.23	00:43:19.588	0.56437				2
2024.12.23	00:43:20.350	0.56438				2
2024.12.23	00:43:22.091	0.56437				2
2024.12.23	00:43:24.372	0.56434				2
2024.12.23	00:43:26.064	0.56433				2
2024.12.23	00:43:33.966		0.56480			4
2024.12.23	00:43:34.991	0.56432				2
2024.12.23	00:43:36.271	0.56431				2
2024.12.23	00:43:40.994	0.56430				2
2024.12.23	00:43:47.101	0.56431				2
2024.12.23	00:43:49.491	0.56430				2
2024.12.23	00:43:50.034	0.56437				2
2024.12.23	00:43:54.086	0.56434				2
2024.12.23	00:44:02.301	0.56434				2
2024.12.23	00:44:09.748	0.56435				2
2024.12.23	00:44:15.128	0.56434				2
2024.12.23	00:44:15.489	0.56435				2
2024.12.23	00:44:19.234	0.56439				2
2024.12.23	00:44:28.390	0.56440				2
2024.12.23	00:44:31.472	0.56439				2
2024.12.23	00:44:41.301		0.56480			4
2024.12.23	00:44:44.107	0.56441				2
2024.12.23	00:44:48.905	0.56440				2
2024.12.23	00:44:52.698	0.56439				2
2024.12.23	00:45:00.480	0.56439	0.56514			6
2024.12.23	00:45:02.105		0.56516			4
2024.12.23	00:45:04.063		0.56514			4
2024.12.23	00:45:08.284	0.56449	0.56500			6
2024.12.23	00:45:20.912	0.56448				2
2024.12.23	00:45:36.420	0.56453				2
2024.12.23	00:45:38.287	0.56454				2
2024.12.23	00:45:40.992	0.56455				2
2024.12.23	00:45:58.039	0.56454				2
2024.12.23	00:45:58.402	0.56455				2
2024.12.23	00:45:59.525	0.56454				2
2024.12.23	00:46:01.294	0.56454				2
2024.12.23	00:46:08.289		0.56500			4
2024.12.23	00:46:11.591	0.56453				2
2024.12.23	00:46:18.323	0.56452				2
2024.12.23	00:46:18.625	0.56454				2
2024.12.23	00:46:19.350	0.56452				2
2024.12.23	00:46:19.670	0.56450				2
2024.12.23	00:46:19.987	0.56451				2
2024.12.23	00:46:23.900	0.56450				2
2024.12.23	00:46:24.956		0.56499			4
2024.12.23	00:46:26.893		0.56500			4
2024.12.23	00:46:29.880	0.56449	0.56499			6
2024.12.23	00:46:30.767		0.56498			4
2024.12.23	00:46:32.040	0.56448				2
2024.12.23	00:46:33.191		0.56497			4
2024.12.23	00:46:35.676	0.56449	0.56498			6
2024.12.23	00:46:37.125	0.56448	0.56497			6
2024.12.23	00:46:41.887		0.56498			4
2024.12.23	00:46:43.392	0.56446	0.56496			6
2024.12.23	00:46:44.044		0.56495			4
2024.12.23	00:46:46.041	0.56447	0.56496			6
2024.12.23	00:46:46.693	0.56446	0.56495			6
2024.12.23	00:46:48.788		0.56496			4
2024.12.23	00:46:49.657	0.56447	0.56497			6
2024.12.23	00:46:50.155	0.56448				2
2024.12.23	00:46:50.646	0.56446	0.56495			6
2024.12.23	00:46:52.517	0.56447				2
2024.12.23	00:46:53.588		0.56496			4
2024.12.23	00:46:55.392		0.56495			4
2024.12.23	00:46:57.492		0.56496			4
2024.12.23	00:47:00.496	0.56447				2
2024.12.23	00:47:01.990	0.56444	0.56508			6
2024.12.23	00:47:03.504	0.56445				2
2024.12.23	00:47:03.808	0.56448	0.56496			6
2024.12.23	00:47:04.988		0.56497			4
2024.12.23	00:47:06.156	0.56450	0.56498			6
2024.12.23	00:47:07.990		0.56499			4
2024.12.23	00:47:09.192		0.56498			4
2024.12.23	00:47:10.646	0.56451	0.56499			6
2024.12.23	00:47:10.951	0.56449	0.56498			6
2024.12.23	00:47:12.491		0.56497			4
2024.12.23	00:47:13.690		0.56498			4
2024.12.23	00:47:16.091		0.56497			4
2024.12.23	00:47:19.691	0.56448	0.56496			6
2024.12.23	00:47:20.890	0.56450	0.56498			6
2024.12.23	00:47:21.992	0.56449	0.56497			6
2024.12.23	00:47:23.296	0.56448				2
2024.12.23	00:47:25.099		0.56496			4
2024.12.23	00:47:27.492	0.56449	0.56497			6
2024.12.23	00:47:29.591	0.56448				2
2024.12.23	00:47:31.020	0.56449				2
2024.12.23	00:47:31.901	0.56450	0.56498			6
2024.12.23	00:47:32.292		0.56497			4
2024.12.23	00:47:32.937	0.56449				2
2024.12.23	00:47:43.687		0.56496			4
2024.12.23	00:47:44.713	0.56448				2
2024.12.23	00:47:45.368	0.56450	0.56498			6
2024.12.23	00:47:52.063	0.56448	0.56496			6
2024.12.23	00:47:57.117	0.56452	0.56500			6
2024.12.23	00:47:57.814	0.56453	0.56501			6
2024.12.23	00:47:58.691		0.56502			4
2024.12.23	00:47:59.516	0.56454				2
2024.12.23	00:48:00.413	0.56449	0.56497			6
2024.12.23	00:48:01.117		0.56498			4
2024.12.23	00:48:02.298	0.56450				2
2024.12.23	00:48:04.704		0.56497			4
2024.12.23	00:48:08.355	0.56449				2
2024.12.23	00:48:10.428	0.56450				2
2024.12.23	00:48:11.048		0.56498			4
2024.12.23	00:48:13.389		0.56497			4
2024.12.23	00:48:19.955	0.56449	0.56496			6
2024.12.23	00:48:21.050		0.56497			4
2024.12.23	00:48:22.120		0.56496			4
2024.12.23	00:48:23.049		0.56497			4
2024.12.23	00:48:25.088		0.56496			4
2024.12.23	00:48:26.890		0.56497			4
2024.12.23	00:48:32.587	0.56450				2
2024.12.23	00:48:34.989	0.56449				2
2024.12.23	00:48:36.793		0.56496			4
2024.12.23	00:48:42.075	0.56450	0.56497			6
2024.12.23	00:48:42.489	0.56449				2
2024.12.23	00:48:44.300		0.56496			4
2024.12.23	00:48:50.419		0.56497			4
2024.12.23	00:48:51.431	0.56450				2
2024.12.23	00:48:54.192	0.56449				2
2024.12.23	00:49:00.191	0.56449				2
2024.12.23	00:49:02.842		0.56496			4
2024.12.23	00:49:05.118		0.56497			4
2024.12.23	00:49:07.686		0.56496			4
2024.12.23	00:49:13.092	0.56450				2
2024.12.23	00:49:14.889	0.56449				2
2024.12.23	00:49:31.995	0.56450	0.56497			6
2024.12.23	00:49:33.486	0.56449	0.56496			6
2024.12.23	00:49:48.773	0.56453	0.56499			6
2024.12.23	00:49:49.199	0.56454	0.56501			6
2024.12.23	00:49:49.972	0.56453	0.56499			6
2024.12.23	00:49:50.659	0.56452				2
2024.12.23	00:49:52.876		0.56498			4
2024.12.23	00:49:54.191		0.56499			4
2024.12.23	00:49:58.992		0.56498			4
2024.12.23	00:50:00.910	0.56452				2
2024.12.23	00:50:04.640	0.56465	0.56503			6
2024.12.23	00:50:26.290		0.56502			4
2024.12.23	00:50:42.495		0.56501			4
2024.12.23	00:50:50.227		0.56498			4
2024.12.23	00:51:01.294	0.56465				2
2024.12.23	00:51:09.482		0.56499			4
2024.12.23	00:51:12.487		0.56497			4
2024.12.23	00:51:14.591		0.56496			4
2024.12.23	00:51:16.691		0.56497			4
2024.12.23	00:51:19.392		0.56496			4
2024.12.23	00:51:40.091		0.56500			4
2024.12.23	00:51:47.130	0.56466				2
2024.12.23	00:51:51.193		0.56499			4
2024.12.23	00:51:54.513		0.56496			4
2024.12.23	00:51:56.289		0.56497			4
2024.12.23	00:51:57.491		0.56496			4
2024.12.23	00:51:59.293		0.56497			4
2024.12.23	00:52:01.088	0.56466				2
2024.12.23	00:52:03.193		0.56496			4
2024.12.23	00:52:09.679		0.56500			4
2024.12.23	00:52:10.399		0.56499			4
2024.12.23	00:52:14.175		0.56498			4
2024.12.23	00:52:34.036		0.56497			4
2024.12.23	00:52:45.790		0.56496			4
2024.12.23	00:52:52.021		0.56495			4
2024.12.23	00:53:00.944	0.56466	0.56498			6
2024.12.23	00:53:10.089		0.56497			4
2024.12.23	00:53:34.095		0.56485			4
2024.12.23	00:53:34.408		0.56496			4
2024.12.23	00:53:48.189		0.56493			4
2024.12.23	00:53:48.501		0.56492			4
2024.12.23	00:53:52.009	0.56454	0.56489			6
2024.12.23	00:53:53.009	0.56453				2
2024.12.23	00:53:59.896	0.56454				2
2024.12.23	00:54:01.391	0.56453	0.56488			6
2024.12.23	00:54:02.918	0.56459				2
2024.12.23	00:54:03.439		0.56487			4
2024.12.23	00:54:32.671	0.56450	0.56483			6
2024.12.23	00:54:44.287	0.56451	0.56486			6
2024.12.23	00:54:45.032		0.56485			4
2024.12.23	00:54:57.867	0.56453	0.56487			6
2024.12.23	00:54:58.459	0.56448	0.56482			6
2024.12.23	00:55:00.422	0.56448				2
2024.12.23	00:55:07.234	0.56440	0.56473			6
2024.12.23	00:55:07.887	0.56438	0.56472			6
2024.12.23	00:55:08.512		0.56470			4
2024.12.23	00:55:08.921	0.56437				2
2024.12.23	00:55:10.479	0.56424	0.56468			6
2024.12.23	00:55:10.789	0.56426	0.56463			6
2024.12.23	00:55:11.100	0.56425	0.56468			6
2024.12.23	00:55:11.499	0.56428	0.56467			6
2024.12.23	00:55:12.122	0.56424	0.56472			6
2024.12.23	00:55:12.711	0.56426	0.56470			6
2024.12.23	00:55:13.131	0.56428	0.56467			6
2024.12.23	00:55:13.623		0.56464			4
2024.12.23	00:55:14.021		0.56467			4
2024.12.23	00:55:14.662		0.56464			4
2024.12.23	00:55:15.024		0.56467			4
2024.12.23	00:55:16.032		0.56469			4
2024.12.23	00:55:17.249	0.56426	0.56473			6
2024.12.23	00:55:18.025	0.56429	0.56469			6
2024.12.23	00:55:18.325		0.56466			4
2024.12.23	00:55:19.094		0.56479			4
2024.12.23	00:55:19.419	0.56423				2
2024.12.23	00:55:20.244	0.56431	0.56471			6
2024.12.23	00:55:21.248		0.56470			4
2024.12.23	00:55:21.711	0.56438	0.56476			6
2024.12.23	00:55:22.608	0.56439	0.56477			6
2024.12.23	00:55:23.023	0.56441	0.56478			6
2024.12.23	00:55:32.020	0.56437	0.56476			6
2024.12.23	00:55:32.520	0.56436	0.56474			6
2024.12.23	00:55:34.700	0.56435	0.56473			6
2024.12.23	00:55:49.983		0.56472			4
2024.12.23	00:55:53.072	0.56436	0.56473			6
2024.12.23	00:55:54.787	0.56435				2
2024.12.23	00:56:00.189	0.56431	0.56471			6
2024.12.23	00:56:00.798		0.56470			4
2024.12.23	00:56:01.429	0.56430	0.56469			6
2024.12.23	00:56:05.880	0.56429	0.56468			6
2024.12.23	00:56:08.590	0.56430				2
2024.12.23	00:56:10.311		0.56469			4
2024.12.23	00:56:12.172	0.56428	0.56467			6
2024.12.23	00:56:12.788		0.56466			4
2024.12.23	00:56:14.723	0.56430	0.56468			6
2024.12.23	00:56:17.346	0.56427	0.56465			6
2024.12.23	00:56:17.905	0.56426	0.56467			6
2024.12.23	00:56:26.641	0.56429	0.56472			6
2024.12.23	00:56:28.058		0.56474			4
2024.12.23	00:56:28.574	0.56427	0.56473			6
2024.12.23	00:56:29.068	0.56430	0.56476			6
2024.12.23	00:56:30.090	0.56427				2
2024.12.23	00:56:30.510	0.56428	0.56475			6
2024.12.23	00:56:30.819		0.56472			4
2024.12.23	00:56:31.127	0.56417	0.56478			6
2024.12.23	00:56:31.437	0.56416	0.56481			6
2024.12.23	00:56:33.154	0.56417	0.56485			6
2024.12.23	00:56:34.696	0.56418				2
2024.12.23	00:56:35.896	0.56419	0.56484			6
2024.12.23	00:56:38.892		0.56483			4
2024.12.23	00:56:39.960	0.56417	0.56486			6
2024.12.23	00:56:40.971	0.56415	0.56484			6
2024.12.23	00:56:43.493		0.56486			4
2024.12.23	00:56:49.422		0.56485			4
2024.12.23	00:56:51.281	0.56416	0.56489			6
2024.12.23	00:56:51.588	0.56422	0.56488			6
2024.12.23	00:56:53.034	0.56415	0.56489			6
2024.12.23	00:56:53.533	0.56418	0.56492			6
2024.12.23	00:56:58.996	0.56417	0.56487			6
2024.12.23	00:57:00.103	0.56416	0.56492			6
2024.12.23	00:57:01.085	0.56418	0.56493			6
2024.12.23	00:57:03.786	0.56417	0.56492			6
2024.12.23	00:57:08.536		0.56493			4
2024.12.23	00:57:11.886	0.56418				2
2024.12.23	00:57:17.442		0.56492			4
2024.12.23	00:57:17.800	0.56417				2
2024.12.23	00:57:22.106	0.56414	0.56491			6
2024.12.23	00:57:26.385	0.56418	0.56494			6
2024.12.23	00:57:26.986	0.56415	0.56491			6
2024.12.23	00:57:27.793	0.56412	0.56482			6
2024.12.23	00:57:28.802		0.56483			4
2024.12.23	00:57:29.103		0.56482			4
2024.12.23	00:57:30.032		0.56481			4
2024.12.23	00:57:33.093		0.56486			4
2024.12.23	00:57:35.822	0.56415	0.56484			6
2024.12.23	00:57:36.124	0.56414	0.56483			6
2024.12.23	00:57:36.703	0.56415	0.56484			6
2024.12.23	00:57:37.079	0.56416	0.56483			6
2024.12.23	00:57:39.111	0.56413	0.56482			6
2024.12.23	00:57:39.414	0.56414				2
2024.12.23	00:57:40.240	0.56413				2
2024.12.23	00:57:41.774	0.56415	0.56485			6
2024.12.23	00:57:42.383	0.56412	0.56490			6
2024.12.23	00:57:42.856	0.56413				2
2024.12.23	00:57:46.960	0.56416	0.56485			6
2024.12.23	00:57:47.266	0.56413	0.56487			6
2024.12.23	00:57:47.586		0.56491			4
2024.12.23	00:57:50.322	0.56423	0.56492			6
2024.12.23	00:57:52.424		0.56493			4
2024.12.23	00:57:53.108		0.56491			4
2024.12.23	00:57:53.974		0.56490			4
2024.12.23	00:57:54.493		0.56491			4
2024.12.23	00:57:58.991		0.56490			4
2024.12.23	00:58:01.289	0.56423				2
2024.12.23	00:58:04.391		0.56489			4
2024.12.23	00:58:08.423	0.56422	0.56485			6
2024.12.23	00:58:08.942	0.56423	0.56489			6
2024.12.23	00:58:12.384	0.56422	0.56485			6
2024.12.23	00:58:13.093	0.56423	0.56489			6
2024.12.23	00:58:14.493		0.56490			4
2024.12.23	00:58:21.815		0.56488			4
2024.12.23	00:58:22.714	0.56438	0.56494			6
2024.12.23	00:58:32.238	0.56437	0.56490			6
2024.12.23	00:58:34.320		0.56494			4
2024.12.23	00:58:44.335	0.56438				2
2024.12.23	00:58:51.793		0.56493			4
2024.12.23	00:58:58.440	0.56442	0.56495			6
2024.12.23	00:58:58.742	0.56437	0.56493			6
2024.12.23	00:59:01.090	0.56437				2
2024.12.23	00:59:25.209		0.56490			4
2024.12.23	00:59:26.286	0.56438	0.56493			6
2024.12.23	00:59:52.994		0.56492			4
2024.12.23	01:00:00.320	0.56459	0.56481			6
2024.12.23	01:00:00.628		0.56488			4
2024.12.23	01:00:00.930	0.56463	0.56489			6
2024.12.23	01:00:01.255	0.56468	0.56493			6
2024.12.23	01:00:01.564	0.56466	0.56495			6
2024.12.23	01:00:01.866	0.56470	0.56496			6
2024.12.23	01:00:02.181	0.56459	0.56486			6
2024.12.23	01:00:02.488	0.56455	0.56503			6
2024.12.23	01:00:02.790	0.56460				2
2024.12.23	01:00:03.095	0.56461	0.56507			6
2024.12.23	01:00:03.398	0.56462	0.56508			6
2024.12.23	01:00:03.699	0.56464	0.56516			6
2024.12.23	01:00:04.003	0.56466				2
2024.12.23	01:00:04.304	0.56461	0.56511			6
2024.12.23	01:00:04.610	0.56466	0.56496			6
2024.12.23	01:00:04.932	0.56467				2
2024.12.23	01:00:05.588	0.56468				2
2024.12.23	01:00:06.352	0.56470				2
2024.12.23	01:00:06.668	0.56469				2
2024.12.23	01:00:08.390	0.56470				2
2024.12.23	01:00:09.032	0.56469				2
2024.12.23	01:00:10.087	0.56471				2
2024.12.23	01:00:10.389	0.56470	0.56499			6
2024.12.23	01:00:10.702	0.56472	0.56497			6
2024.12.23	01:00:11.781	0.56493	0.56501			6
2024.12.23	01:00:12.396	0.56474	0.56496			6
2024.12.23	01:00:12.696	0.56484				2
2024.12.23	01:00:13.662	0.56489	0.56499			6
2024.12.23	01:00:13.970	0.56484				2
2024.12.23	01:00:14.274		0.56496			4
2024.12.23	01:00:14.584	0.56486	0.56499			6
2024.12.23	01:00:14.890	0.56484				2
2024.12.23	01:00:16.310	0.56489				2
2024.12.23	01:00:16.634	0.56494	0.56508			6
2024.12.23	01:00:16.937	0.56505	0.56514			6
2024.12.23	01:00:17.574	0.56499				2
2024.12.23	01:00:18.795	0.56505				2
2024.12.23	01:00:19.099	0.56499	0.56523			6
2024.12.23	01:00:19.404	0.56503	0.56527			6
2024.12.23	01:00:19.733	0.56506				2
2024.12.23	01:00:20.077	0.56507				2
2024.12.23	01:00:20.479	0.56508				2
2024.12.23	01:00:21.389		0.56532			4
2024.12.23	01:00:22.744	0.56526	0.56535			6
2024.12.23	01:00:23.066	0.56519	0.56541			6
2024.12.23	01:00:24.434		0.56539			4
2024.12.23	01:00:24.769		0.56538			4
2024.12.23	01:00:26.287		0.56526			4
2024.12.23	01:00:29.024	0.56526	0.56534			6
2024.12.23	01:00:29.328	0.56527	0.56532			6
2024.12.23	01:00:29.630	0.56529				2
2024.12.23	01:00:29.933		0.56531			4
2024.12.23	01:00:30.234	0.56525	0.56530			6
2024.12.23	01:00:30.540	0.56529	0.56532			6
2024.12.23	01:00:30.866		0.56533			4
2024.12.23	01:00:31.496		0.56539			4
2024.12.23	01:00:31.811	0.56535	0.56550			6
2024.12.23	01:00:32.115		0.56544			4
2024.12.23	01:00:32.730	0.56536	0.56545			6
2024.12.23	01:00:34.245	0.56537				2
2024.12.23	01:00:34.548		0.56546			4
2024.12.23	01:00:36.063	0.56538	0.56547			6
2024.12.23	01:00:39.726	0.56539	0.56548			6
2024.12.23	01:00:40.048	0.56541	0.56549			6
2024.12.23	01:00:40.352	0.56543	0.56547			6
2024.12.23	01:00:40.656		0.56548			4
2024.12.23	01:00:40.960		0.56547			4
2024.12.23	01:00:41.260		0.56548			4
2024.12.23	01:00:41.566	0.56545				2
2024.12.23	01:00:41.869	0.56544				2
2024.12.23	01:00:44.290	0.56543	0.56547			6
2024.12.23	01:00:45.504	0.56542				2
2024.12.23	01:00:45.808		0.56553			4
2024.12.23	01:00:46.424	0.56543	0.56548			6
2024.12.23	01:00:47.352	0.56547	0.56552			6
2024.12.23	01:00:49.777	0.56546	0.56551			6
2024.12.23	01:00:54.018	0.56545	0.56550			6
2024.12.23	01:00:55.228	0.56544	0.56549			6
2024.12.23	01:00:56.744	0.56543	0.56548			6
2024.12.23	01:01:00.099	0.56543				2
2024.12.23	01:01:00.401	0.56544	0.56549			6
2024.12.23	01:01:03.734	0.56543	0.56548			6
2024.12.23	01:01:05.884	0.56536	0.56541			6
2024.12.23	01:01:08.633	0.56529	0.56547			6
2024.12.23	01:01:12.296	0.56531				2
2024.12.23	01:01:12.598	0.56533				2
2024.12.23	01:01:14.116	0.56529				2
2024.12.23	01:01:14.417	0.56532				2
2024.12.23	01:01:15.024	0.56535	0.56540			6
2024.12.23	01:01:17.168	0.56536	0.56541			6
2024.12.23	01:01:19.973	0.56537	0.56542			6
2024.12.23	01:01:30.273	0.56536	0.56541			6
2024.12.23	01:01:30.879	0.56537	0.56542			6
2024.12.23	01:01:32.089	0.56536	0.56540			6
2024.12.23	01:01:35.137	0.56535				2
2024.12.23	01:01:39.716	0.56533	0.56547			6
2024.12.23	01:01:43.652	0.56536	0.56541			6
2024.12.23	01:01:51.245	0.56535	0.56540			6
2024.12.23	01:01:52.154	0.56536	0.56541			6
2024.12.23	01:01:56.698	0.56537	0.56542			6
2024.12.23	01:01:59.421	0.56538	0.56543			6
2024.12.23	01:02:00.024	0.56538				2
2024.12.23	01:02:03.357	0.56539	0.56544			6
2024.12.23	01:02:06.382	0.56538	0.56543			6
2024.12.23	01:02:07.895	0.56539	0.56558			6
2024.12.23	01:02:08.266	0.56546	0.56551			6
2024.12.23	01:02:08.884	0.56538	0.56558			6
2024.12.23	01:02:10.698	0.56540				2
2024.12.23	01:02:11.002	0.56546	0.56551			6
2024.12.23	01:02:13.723	0.56542	0.56558			6
2024.12.23	01:02:14.026	0.56548	0.56553			6
2024.12.23	01:02:14.331	0.56547	0.56552			6
2024.12.23	01:02:15.860	0.56548	0.56553			6
2024.12.23	01:02:17.376	0.56547	0.56552			6
2024.12.23	01:02:24.671	0.56546	0.56551			6
2024.12.23	01:02:25.344	0.56547	0.56552			6
2024.12.23	01:02:25.950	0.56546	0.56551			6
2024.12.23	01:02:27.462	0.56545	0.56550			6
2024.12.23	01:02:31.698	0.56524	0.56525			6
2024.12.23	01:02:32.005	0.56519	0.56522			6
2024.12.23	01:02:32.335		0.56520			4
2024.12.23	01:02:32.640		0.56523			4
2024.12.23	01:02:33.267		0.56520			4
2024.12.23	01:02:33.593	0.56514	0.56518			6
2024.12.23	01:02:33.898		0.56517			4
2024.12.23	01:02:34.501	0.56519	0.56520			6
2024.12.23	01:02:34.804		0.56521			4
2024.12.23	01:02:38.738	0.56522	0.56527			6
2024.12.23	01:02:41.461	0.56523	0.56528			6
2024.12.23	01:02:46.021	0.56524	0.56529			6
2024.12.23	01:02:46.326	0.56520	0.56525			6
2024.12.23	01:02:48.167	0.56518	0.56523			6
2024.12.23	01:02:49.075	0.56521	0.56526			6
2024.12.23	01:02:49.681	0.56520	0.56525			6
2024.12.23	01:02:51.193		0.56524			4
2024.12.23	01:02:57.247	0.56519	0.56530			6
2024.12.23	01:02:57.550		0.56524			4
2024.12.23	01:02:57.853	0.56520	0.56525			6
2024.12.23	01:02:58.173	0.56521				2
2024.12.23	01:02:59.386	0.56520				2
2024.12.23	01:03:00.291	0.56520				2
2024.12.23	01:03:06.963	0.56523				2
2024.12.23	01:03:10.908	0.56527	0.56530			6
2024.12.23	01:03:11.217	0.56526				2
2024.12.23	01:03:12.354		0.56527			4
2024.12.23	01:03:30.455	0.56525	0.56526			6
2024.12.23	01:03:33.792	0.56526	0.56528			6
2024.12.23	01:04:00.182	0.56526				2
2024.12.23	01:04:11.765	0.56528	0.56530			6
2024.12.23	01:04:12.069	0.56526				2
2024.12.23	01:04:13.100		0.56528			4
2024.12.23	01:04:14.101		0.56527			4
2024.12.23	01:04:40.914	0.56528	0.56529			6
2024.12.23	01:04:42.927	0.56527	0.56528			6
2024.12.23	01:04:47.126	0.56526	0.56531			6
2024.12.23	01:04:48.976	0.56527	0.56528			6
2024.12.23	01:04:56.227	0.56526	0.56530			6
2024.12.23	01:04:57.392		0.56528			4
2024.12.23	01:04:58.261	0.56534	0.56539			6
2024.12.23	01:05:00.098	0.56534				2
2024.12.23	01:05:00.401	0.56535	0.56540			6
2024.12.23	01:05:01.008		0.56539			4
2024.12.23	01:05:01.311	0.56540	0.56544			6
2024.12.23	01:05:02.527		0.56543			4
2024.12.23	01:05:17.239	0.56541	0.56546			6
2024.12.23	01:05:20.878	0.56542	0.56547			6
2024.12.23	01:05:23.356	0.56543	0.56548			6
2024.12.23	01:05:30.029	0.56542	0.56547			6
2024.12.23	01:05:37.309	0.56538	0.56543			6
2024.12.23	01:05:38.217		0.56542			4
2024.12.23	01:05:47.959	0.56539	0.56543			6
2024.12.23	01:05:48.278	0.56538				2
2024.12.23	01:05:50.252	0.56539				2
2024.12.23	01:05:52.377	0.56540				2
2024.12.23	01:05:53.588	0.56539				2
2024.12.23	01:05:59.048	0.56540				2
2024.12.23	01:06:00.262	0.56540				2
2024.12.23	01:06:01.780	0.56539				2
2024.12.23	01:06:02.083	0.56538				2
2024.12.23	01:06:03.082	0.56539	0.56542			6
2024.12.23	01:06:06.128	0.56540				2
2024.12.23	01:06:06.431	0.56539				2
2024.12.23	01:06:44.655	0.56542	0.56545			6
2024.12.23	01:06:47.741		0.56546			4
2024.12.23	01:06:49.862		0.56545			4
2024.12.23	01:06:51.681	0.56541				2
2024.12.23	01:07:00.128	0.56541				2
2024.12.23	01:07:01.038	0.56542				2
2024.12.23	01:07:02.249		0.56546			4
2024.12.23	01:07:04.982	0.56548	0.56552			6
2024.12.23	01:07:05.587	0.56549	0.56553			6
2024.12.23	01:07:06.800	0.56555	0.56558			6
2024.12.23	01:07:07.106	0.56557	0.56560			6
2024.12.23	01:07:08.923	0.56556				2
2024.12.23	01:07:09.835	0.56557	0.56561			6
2024.12.23	01:07:28.392	0.56555	0.56559			6
2024.12.23	01:07:29.299	0.56556	0.56560			6
2024.12.23	01:07:42.346	0.56557				2
2024.12.23	01:07:55.997		0.56561			4
2024.12.23	01:07:57.259		0.56560			4
2024.12.23	01:08:00.294	0.56557				2
2024.12.23	01:08:09.395	0.56556	0.56559			6
2024.12.23	01:08:09.696	0.56557	0.56561			6
2024.12.23	01:08:17.585	0.56556	0.56560			6
2024.12.23	01:08:23.651	0.56557	0.56561			6
2024.12.23	01:08:39.120	0.56556	0.56560			6
2024.12.23	01:08:40.031	0.56557				2
2024.12.23	01:08:54.392		0.56561			4
2024.12.23	01:08:54.697	0.56558				2
2024.12.23	01:08:55.605		0.56560			4
2024.12.23	01:08:56.214	0.56557	0.56561			6
2024.12.23	01:08:56.818		0.56560			4
2024.12.23	01:08:58.941		0.56561			4
2024.12.23	01:08:59.549	0.56556	0.56559			6
2024.12.23	01:08:59.854	0.56551	0.56555			6
2024.12.23	01:09:00.364	0.56551				2
2024.12.23	01:09:00.770		0.56554			4
2024.12.23	01:09:02.219	0.56554	0.56557			6
2024.12.23	01:09:03.424	0.56557	0.56560			6
2024.12.23	01:09:04.352		0.56559			4
2024.12.23	01:09:04.658	0.56556				2
2024.12.23	01:09:05.565	0.56557	0.56560			6
2024.12.23	01:09:07.082		0.56561			4
2024.12.23	01:09:08.900	0.56559	0.56562			6
2024.12.23	01:09:09.206	0.56560				2
2024.12.23	01:09:10.116	0.56563	0.56567			6
2024.12.23	01:09:11.329	0.56564				2
2024.12.23	01:09:14.717		0.56566			4
2024.12.23	01:09:19.572	0.56563				2
2024.12.23	01:09:20.784	0.56564	0.56567			6
2024.12.23	01:09:21.996	0.56563				2
2024.12.23	01:09:28.065		0.56566			4
2024.12.23	01:09:33.223	0.56562				2
2024.12.23	01:09:37.167	0.56563				2
2024.12.23	01:09:37.771	0.56562				2
2024.12.23	01:09:38.077	0.56563	0.56567			6
2024.12.23	01:09:44.446	0.56567	0.56571			6
2024.12.23	01:09:47.178	0.56568				2
2024.12.23	01:09:48.998	0.56567				2
2024.12.23	01:09:58.401	0.56565	0.56569			6
2024.12.23	01:10:00.220	0.56563	0.56567			6
2024.12.23	01:10:00.877	0.56562	0.56566			6
2024.12.23	01:10:01.487	0.56563	0.56567			6
2024.12.23	01:10:03.003	0.56562	0.56566			6
2024.12.23	01:10:08.160	0.56558	0.56562			6
2024.12.23	01:10:08.471	0.56555	0.56559			6
2024.12.23	01:10:08.817	0.56556	0.56560			6
2024.12.23	01:10:21.912	0.56557	0.56561			6
2024.12.23	01:10:47.141	0.56558	0.56562			6
2024.12.23	01:10:50.174	0.56557	0.56561			6
2024.12.23	01:10:54.727	0.56558	0.56562			6
2024.12.23	01:10:55.633	0.56557	0.56561			6
2024.12.23	01:10:57.457	0.56558	0.56562			6
2024.12.23	01:11:00.184	0.56558				2
2024.12.23	01:11:09.335	0.56557	0.56561			6
2024.12.23	01:11:11.761	0.56556	0.56560			6
2024.12.23	01:11:26.076	0.56557	0.56561			6
2024.12.23	01:11:29.717	0.56556	0.56560			6
2024.12.23	01:11:30.629	0.56557	0.56561			6
2024.12.23	01:11:31.841	0.56556	0.56560			6
2024.12.23	01:11:36.693	0.56555	0.56559			6
2024.12.23	01:11:48.830	0.56556				2
2024.12.23	01:11:53.982	0.56553	0.56557			6
2024.12.23	01:11:59.800	0.56555	0.56559			6
2024.12.23	01:12:00.102	0.56556				2
2024.12.23	01:12:02.228		0.56560			4
2024.12.23	01:12:03.189	0.56555	0.56559			6
2024.12.23	01:12:04.704	0.56552	0.56555			6
2024.12.23	01:12:05.007	0.56553				2
2024.12.23	01:12:05.310	0.56552				2
2024.12.23	01:12:05.613	0.56548	0.56552			6
2024.12.23	01:12:07.131	0.56549	0.56553			6
2024.12.23	01:12:12.287	0.56550	0.56554			6
2024.12.23	01:12:13.198		0.56553			4
2024.12.23	01:12:13.805	0.56549				2
2024.12.23	01:12:16.838	0.56547	0.56551			6
2024.12.23	01:12:19.871	0.56548				2
2024.12.23	01:12:20.175		0.56552			4
2024.12.23	01:12:20.478	0.56547	0.56551			6
2024.12.23	01:12:21.993	0.56548				2
2024.12.23	01:12:22.298	0.56552	0.56556			6
2024.12.23	01:12:27.456	0.56550	0.56554			6
2024.12.23	01:12:28.969	0.56551	0.56555			6
2024.12.23	01:12:30.488	0.56550	0.56554			6
2024.12.23	01:12:31.095	0.56551	0.56555			6
2024.12.23	01:12:32.611	0.56549	0.56553			6
2024.12.23	01:12:32.915	0.56550	0.56554			6
2024.12.23	01:12:33.823	0.56547	0.56551			6
2024.12.23	01:12:34.124		0.56550			4
2024.12.23	01:12:41.409	0.56548				2
2024.12.23	01:12:41.714	0.56552	0.56556			6
2024.12.23	01:12:51.775	0.56553	0.56557			6
2024.12.23	01:12:54.503	0.56555	0.56559			6
2024.12.23	01:12:55.414	0.56554	0.56558			6
2024.12.23	01:12:56.018	0.56555				2
2024.12.23	01:12:57.235	0.56554				2
2024.12.23	01:12:58.750	0.56555	0.56559			6
2024.12.23	01:12:59.357		0.56558			4
2024.12.23	01:12:59.661	0.56554				2
2024.12.23	01:13:00.266	0.56554				2
2024.12.23	01:13:02.696		0.56557			4
2024.12.23	01:13:02.998		0.56558			4
2024.12.23	01:13:04.515	0.56553	0.56557			6
2024.12.23	01:13:04.818	0.56554	0.56558			6
2024.12.23	01:13:05.124	0.56553	0.56557			6
2024.12.23	01:13:11.897	0.56556	0.56560			6
2024.12.23	01:13:15.536	0.56557	0.56561			6
2024.12.23	01:13:16.146	0.56556	0.56560			6
2024.12.23	01:13:18.267	0.56553	0.56557			6
2024.12.23	01:13:18.571	0.56554	0.56558			6
2024.12.23	01:13:23.475	0.56553	0.56557			6
2024.12.23	01:13:28.024	0.56554	0.56558			6
2024.12.23	01:13:28.330	0.56555	0.56559			6
2024.12.23	01:13:28.634	0.56554	0.56558			6
2024.12.23	01:13:40.160	0.56553	0.56557			6
2024.12.23	01:13:42.283	0.56554	0.56558			6
2024.12.23	01:13:47.138	0.56558	0.56562			6
2024.12.23	01:13:50.224	0.56559	0.56563			6
2024.12.23	01:14:00.236	0.56559				2
2024.12.23	01:14:04.481	0.56558	0.56562			6
2024.12.23	01:14:05.090	0.56560	0.56564			6
2024.12.23	01:14:10.237	0.56558	0.56562			6
2024.12.23	01:14:10.540	0.56559	0.56563			6
2024.12.23	01:14:11.498	0.56558	0.56562			6
2024.12.23	01:14:21.181	0.56557	0.56561			6
2024.12.23	01:14:21.785	0.56558	0.56562			6
2024.12.23	01:14:24.509	0.56557	0.56561			6
2024.12.23	01:14:24.814	0.56556	0.56560			6
2024.12.23	01:14:26.979	0.56557	0.56561			6
2024.12.23	01:14:27.285	0.56556	0.56560			6
2024.12.23	01:14:31.317	0.56557	0.56561			6
2024.12.23	01:14:37.121	0.56560	0.56564			6
2024.12.23	01:14:41.102	0.56558	0.56562			6
2024.12.23	01:14:41.409	0.56559	0.56563			6
2024.12.23	01:14:46.295	0.56558	0.56562			6
2024.12.23	01:14:47.203	0.56559	0.56563			6
2024.12.23	01:14:52.045	0.56558	0.56562			6
2024.12.23	01:14:57.241	0.56556	0.56559			6
2024.12.23	01:14:57.542	0.56552	0.56556			6
2024.12.23	01:14:58.147	0.56554	0.56558			6
2024.12.23	01:14:58.456	0.56557	0.56561			6
2024.12.23	01:15:00.015	0.56557				2
2024.12.23	01:15:02.183	0.56558	0.56562			6
2024.12.23	01:15:02.485	0.56559	0.56563			6
2024.12.23	01:15:03.091	0.56558	0.56562			6
2024.12.23	01:15:07.328	0.56557	0.56561			6
2024.12.23	01:15:20.743	0.56556	0.56560			6
2024.12.23	01:15:53.071	0.56557	0.56561			6
2024.12.23	01:15:57.914	0.56559	0.56563			6
2024.12.23	01:15:58.216	0.56561	0.56565			6
2024.12.23	01:15:58.521	0.56562	0.56566			6
2024.12.23	01:16:00.133	0.56562				2
2024.12.23	01:16:01.968	0.56563	0.56567			6
2024.12.23	01:16:05.378	0.56566	0.56570			6
2024.12.23	01:16:14.605	0.56564	0.56567			6
2024.12.23	01:16:15.867	0.56563				2
2024.12.23	01:16:20.707		0.56566			4
2024.12.23	01:16:24.035	0.56562				2
2024.12.23	01:16:46.326	0.56563	0.56567			6
2024.12.23	01:16:47.234	0.56562	0.56566			6
2024.12.23	01:16:54.546	0.56560	0.56563			6
2024.12.23	01:16:54.852	0.56559				2
2024.12.23	01:17:00.045	0.56559				2
2024.12.23	01:17:03.121	0.56558	0.56562			6
2024.12.23	01:17:04.027	0.56554	0.56558			6
2024.12.23	01:17:04.633	0.56555	0.56559			6
2024.12.23	01:17:10.684	0.56554	0.56558			6
2024.12.23	01:17:11.591	0.56555	0.56559			6
2024.12.23	01:17:13.712	0.56553	0.56557			6
2024.12.23	01:17:15.526	0.56554	0.56558			6
2024.12.23	01:17:21.881	0.56555	0.56559			6
2024.12.23	01:17:22.183	0.56556	0.56560			6
2024.12.23	01:17:29.141	0.56557				2
2024.12.23	01:17:29.502	0.56556				2
2024.12.23	01:17:32.577	0.56553	0.56557			6
2024.12.23	01:17:41.094	0.56550	0.56554			6
2024.12.23	01:17:41.399	0.56549	0.56553			6
2024.12.23	01:17:42.004	0.56550	0.56554			6
2024.12.23	01:17:42.960	0.56549	0.56553			6
2024.12.23	01:17:44.779	0.56550	0.56554			6
2024.12.23	01:17:47.501	0.56549	0.56553			6
2024.12.23	01:17:49.317	0.56546	0.56549			6
2024.12.23	01:17:49.622	0.56545				2
2024.12.23	01:18:00.007	0.56542	0.56546			6
2024.12.23	01:18:00.312	0.56540	0.56544			6
2024.12.23	01:18:03.691	0.56541	0.56545			6
2024.12.23	01:18:04.294	0.56544				2
2024.12.23	01:18:04.598	0.56545	0.56549			6
2024.12.23	01:18:04.900	0.56546	0.56550			6
2024.12.23	01:18:07.623	0.56544	0.56547			6
2024.12.23	01:18:07.927	0.56543				2
2024.12.23	01:18:14.682	0.56544	0.56548			6
2024.12.23	01:18:14.987	0.56543	0.56547			6
2024.12.23	01:18:15.291	0.56542	0.56546			6
2024.12.23	01:18:16.802	0.56543	0.56547			6
2024.12.23	01:18:17.104	0.56541	0.56545			6
2024.12.23	01:18:26.787	0.56540	0.56544			6
2024.12.23	01:18:30.418	0.56539	0.56543			6
2024.12.23	01:18:34.378	0.56540	0.56544			6
2024.12.23	01:18:40.201	0.56538	0.56542			6
2024.12.23	01:18:40.504	0.56539	0.56543			6
2024.12.23	01:18:40.840	0.56538	0.56542			6
2024.12.23	01:18:45.748		0.56541			4
2024.12.23	01:18:46.403		0.56542			4
2024.12.23	01:18:56.995	0.56540	0.56544			6
2024.12.23	01:18:57.599		0.56543			4
2024.12.23	01:18:59.114	0.56539	0.56542			6
2024.12.23	01:19:00.022	0.56539				2
2024.12.23	01:19:00.324	0.56540	0.56544			6
2024.12.23	01:19:05.162		0.56543			4
2024.12.23	01:19:05.466	0.56539				2
2024.12.23	01:19:05.768	0.56540	0.56544			6
2024.12.23	01:19:11.317	0.56539	0.56542			6
2024.12.23	01:19:17.370	0.56540	0.56544			6
2024.12.23	01:19:17.890	0.56539	0.56543			6
2024.12.23	01:19:20.655	0.56540	0.56544			6
2024.12.23	01:19:25.692	0.56541				2
2024.12.23	01:19:27.861		0.56545			4
2024.12.23	01:19:28.163		0.56544			4
2024.12.23	01:19:30.634		0.56545			4
2024.12.23	01:19:33.573	0.56540	0.56544			6
2024.12.23	01:19:33.911	0.56541				2
2024.12.23	01:19:34.819		0.56545			4
2024.12.23	01:19:35.121		0.56544			4
2024.12.23	01:19:36.029		0.56542			4
2024.12.23	01:19:36.333	0.56537	0.56540			6
2024.12.23	01:19:36.636		0.56539			4
2024.12.23	01:19:36.937	0.56536				2
2024.12.23	01:19:40.264		0.56540			4
2024.12.23	01:19:46.137		0.56539			4
2024.12.23	01:19:46.448		0.56540			4
2024.12.23	01:19:47.981		0.56539			4
2024.12.23	01:19:54.386		0.56538			4
2024.12.23	01:19:58.017		0.56539			4
2024.12.23	01:19:58.320	0.56537	0.56540			6
2024.12.23	01:19:58.976		0.56541			4
2024.12.23	01:19:59.298	0.56538	0.56542			6
2024.12.23	01:20:00.236	0.56540				2
2024.12.23	01:20:00.539	0.56539	0.56543			6
2024.12.23	01:20:01.748		0.56542			4
2024.12.23	01:20:02.052	0.56537	0.56541			6
2024.12.23	01:20:07.549	0.56536	0.56540			6
2024.12.23	01:20:13.904	0.56537	0.56541			6
2024.12.23	01:20:24.495	0.56538				2
2024.12.23	01:20:24.799	0.56537				2
2024.12.23	01:20:28.126	0.56538				2
2024.12.23	01:20:28.430	0.56537				2
2024.12.23	01:20:42.952	0.56536	0.56540			6
2024.12.23	01:20:48.753		0.56539			4
2024.12.23	01:20:50.569	0.56535				2
2024.12.23	01:20:52.082	0.56536				2
2024.12.23	01:20:53.291		0.56540			4
2024.12.23	01:20:53.594		0.56539			4
2024.12.23	01:20:57.831		0.56538			4
2024.12.23	01:20:58.738		0.56539			4
2024.12.23	01:20:59.342	0.56533	0.56536			6
2024.12.23	01:21:00.250	0.56535	0.56538			6
2024.12.23	01:21:02.750	0.56534				2
2024.12.23	01:21:04.588		0.56537			4
2024.12.23	01:21:04.890	0.56533				2
2024.12.23	01:21:09.479	0.56532	0.56536			6
2024.12.23	01:21:11.616	0.56531	0.56535			6
2024.12.23	01:21:20.901	0.56529	0.56533			6
2024.12.23	01:21:30.942	0.56524	0.56527			6
2024.12.23	01:21:32.195		0.56528			4
2024.12.23	01:21:33.338	0.56525				2
2024.12.23	01:21:33.645		0.56529			4
2024.12.23	01:21:35.040	0.56526				2
2024.12.23	01:21:37.211		0.56530			4
2024.12.23	01:21:39.264	0.56525	0.56528			6
2024.12.23	01:21:39.965	0.56527	0.56530			6
2024.12.23	01:21:40.596	0.56526				2
2024.12.23	01:21:40.900	0.56531	0.56534			6
2024.12.23	01:21:41.281	0.56529	0.56533			6
2024.12.23	01:21:42.513	0.56528	0.56532			6
2024.12.23	01:21:48.264	0.56527	0.56531			6
2024.12.23	01:21:51.854	0.56531	0.56535			6
2024.12.23	01:21:52.898	0.56529	0.56533			6
2024.12.23	01:21:57.142	0.56528	0.56530			6
2024.12.23	01:21:57.443	0.56527				2
2024.12.23	01:21:58.954	0.56526				2
2024.12.23	01:22:00.325	0.56526	0.56529			6
2024.12.23	01:22:00.669		0.56530			4
2024.12.23	01:22:01.066		0.56529			4
2024.12.23	01:22:01.647		0.56530			4
2024.12.23	01:22:02.534		0.56529			4
2024.12.23	01:22:05.312	0.56525				2
2024.12.23	01:22:06.239	0.56528	0.56530			6
2024.12.23	01:22:08.122		0.56531			4
2024.12.23	01:22:12.581	0.56527	0.56530			6
2024.12.23	01:22:48.424	0.56528				2
2024.12.23	01:22:59.816	0.56526				2
2024.12.23	01:23:00.125	0.56527				2
2024.12.23	01:23:02.435	0.56528				2
2024.12.23	01:23:02.753	0.56527	0.56531			6
2024.12.23	01:23:15.460	0.56529				2
2024.12.23	01:23:15.764	0.56530	0.56532			6
2024.12.23	01:23:16.067	0.56526	0.56530			6
2024.12.23	01:23:16.370	0.56527	0.56531			6
2024.12.23	01:23:23.730	0.56526	0.56530			6
2024.12.23	01:23:24.639	0.56525	0.56529			6
2024.12.23	01:23:25.548	0.56519	0.56523			6
2024.12.23	01:23:26.202	0.56520	0.56524			6
2024.12.23	01:23:26.506	0.56521	0.56525			6
2024.12.23	01:23:27.413	0.56522	0.56526			6
2024.12.23	01:23:42.441	0.56523	0.56527			6
2024.12.23	01:23:46.075	0.56525	0.56529			6
2024.12.23	01:23:53.436	0.56524	0.56528			6
2024.12.23	01:24:00.092	0.56522	0.56526			6
2024.12.23	01:24:01.960	0.56523	0.56527			6
2024.12.23	01:24:02.865		0.56526			4
2024.12.23	01:24:03.170	0.56522	0.56525			6
2024.12.23	01:24:03.482		0.56526			4
2024.12.23	01:24:10.785	0.56523				2
2024.12.23	01:24:20.164	0.56522	0.56525			6
2024.12.23	01:24:20.469		0.56526			4
2024.12.23	01:24:25.005	0.56523	0.56527			6
2024.12.23	01:24:25.309	0.56526	0.56529			6
2024.12.23	01:24:35.344		0.56530			4
2024.12.23	01:24:38.974		0.56529			4
2024.12.23	01:24:55.363	0.56525	0.56528			6
2024.12.23	01:24:58.443		0.56529			4
2024.12.23	01:25:00.008	0.56525				2
2024.12.23	01:25:00.918	0.56522	0.56526			6
2024.12.23	01:25:01.260	0.56523				2
2024.12.23	01:25:13.977	0.56522				2
2024.12.23	01:25:15.137		0.56525			4
2024.12.23	01:25:15.441		0.56526			4
2024.12.23	01:25:15.756	0.56523				2
2024.12.23	01:25:20.032	0.56524				2
2024.12.23	01:25:20.333	0.56523				2
2024.12.23	01:25:23.143	0.56525	0.56529			6
2024.12.23	01:25:27.778	0.56526				2
2024.12.23	01:25:28.401	0.56525				2
2024.12.23	01:25:38.561	0.56526				2
2024.12.23	01:25:48.814	0.56525				2
2024.12.23	01:25:49.435	0.56526				2
2024.12.23	01:25:52.159	0.56524	0.56528			6
2024.12.23	01:25:53.628	0.56527	0.56530			6
2024.12.23	01:25:54.260		0.56531			4
2024.12.23	01:25:57.642	0.56529	0.56532			6
2024.12.23	01:25:58.864	0.56528				2
2024.12.23	01:26:01.313	0.56529				2
2024.12.23	01:26:04.535	0.56532	0.56533			6
2024.12.23	01:26:04.836	0.56529	0.56532			6
2024.12.23	01:26:06.377	0.56533	0.56537			6
2024.12.23	01:26:06.701		0.56536			4
2024.12.23	01:26:08.410	0.56530	0.56534			6
2024.12.23	01:26:08.817	0.56531				2
2024.12.23	01:26:10.819	0.56530				2
2024.12.23	01:26:15.076		0.56533			4
2024.12.23	01:26:21.965	0.56529	0.56531			6
2024.12.23	01:26:23.827	0.56528				2
2024.12.23	01:26:24.709	0.56527	0.56530			6
2024.12.23	01:26:29.576		0.56531			4
2024.12.23	01:26:30.014		0.56530			4
2024.12.23	01:26:34.227	0.56528	0.56531			6
2024.12.23	01:26:34.871	0.56525	0.56526			6
2024.12.23	01:26:35.179	0.56524	0.56525			6
2024.12.23	01:26:35.502	0.56523				2
2024.12.23	01:26:35.829		0.56526			4
2024.12.23	01:26:40.553		0.56527			4
2024.12.23	01:26:41.831	0.56524				2
2024.12.23	01:26:48.689	0.56523	0.56526			6
2024.12.23	01:26:49.048		0.56527			4
2024.12.23	01:26:50.247	0.56525	0.56528			6
2024.12.23	01:26:55.336		0.56527			4
2024.12.23	01:26:55.644		0.56528			4
2024.12.23	01:26:58.101		0.56527			4
2024.12.23	01:26:58.423		0.56528			4
2024.12.23	01:27:00.080	0.56525				2
2024.12.23	01:27:15.599		0.56527			4
2024.12.23	01:27:15.922		0.56528			4
2024.12.23	01:27:24.342	0.56524	0.56527			6
2024.12.23	01:27:24.702	0.56523	0.56525			6
2024.12.23	01:27:26.563		0.56526			4
2024.12.23	01:27:26.865	0.56525	0.56528			6
2024.12.23	01:27:32.581	0.56526	0.56529			6
2024.12.23	01:27:38.891	0.56527	0.56530			6
2024.12.23	01:27:39.196	0.56528	0.56531			6
2024.12.23	01:27:51.979		0.56530			4
2024.12.23	01:27:53.189		0.56531			4
2024.12.23	01:27:53.491		0.56530			4
2024.12.23	01:28:00.154	0.56528				2
2024.12.23	01:28:00.806	0.56527				2
2024.12.23	01:28:08.861		0.56531			4
2024.12.23	01:28:09.167	0.56528				2
2024.12.23	01:28:22.271	0.56527	0.56530			6
2024.12.23	01:28:27.490	0.56525	0.56528			6
2024.12.23	01:28:28.214	0.56526	0.56529			6
2024.12.23	01:28:28.605	0.56525	0.56528			6
2024.12.23	01:28:33.042	0.56528	0.56531			6
2024.12.23	01:28:47.608	0.56526	0.56530			6
2024.12.23	01:28:48.257	0.56527	0.56531			6
2024.12.23	01:28:48.561	0.56526	0.56530			6
2024.12.23	01:28:50.125	0.56527	0.56531			6
2024.12.23	01:28:51.860	0.56528	0.56532			6
2024.12.23	01:28:53.705	0.56529	0.56533			6
2024.12.23	01:28:56.481	0.56531	0.56535			6
2024.12.23	01:29:00.111	0.56531				2
2024.12.23	01:29:04.348	0.56525	0.56529			6
2024.12.23	01:29:04.651	0.56524	0.56528			6
2024.12.23	01:29:08.332	0.56525	0.56529			6
2024.12.23	01:29:22.550	0.56527	0.56531			6
2024.12.23	01:29:22.858	0.56528	0.56532			6
2024.12.23	01:29:28.351	0.56527	0.56531			6
2024.12.23	01:29:48.926	0.56525	0.56529			6
2024.12.23	01:29:50.134	0.56526	0.56530			6
2024.12.23	01:29:58.306	0.56525	0.56529			6
2024.12.23	01:30:00.120	0.56525				2
2024.12.23	01:30:00.423	0.56526	0.56530			6
2024.12.23	01:30:00.725	0.56523	0.56527			6
2024.12.23	01:30:03.753	0.56520	0.56524			6
2024.12.23	01:30:04.658	0.56517	0.56521			6
2024.12.23	01:30:04.965	0.56516	0.56520			6
2024.12.23	01:30:05.267	0.56517	0.56521			6
2024.12.23	01:30:05.615	0.56515	0.56519			6
2024.12.23	01:30:07.733	0.56511	0.56515			6
2024.12.23	01:30:09.248	0.56512	0.56516			6
2024.12.23	01:30:16.509	0.56505	0.56508			6
2024.12.23	01:30:16.814	0.56504				2
2024.12.23	01:30:17.418	0.56503	0.56506			6
2024.12.23	01:30:17.722	0.56500	0.56504			6
2024.12.23	01:30:18.629	0.56499				2
2024.12.23	01:30:26.545		0.56503			4
2024.12.23	01:30:26.852		0.56504			4
2024.12.23	01:30:27.201	0.56500				2
2024.12.23	01:30:28.413	0.56498	0.56502			6
2024.12.23	01:30:28.713		0.56501			4
2024.12.23	01:30:29.621	0.56496				2
2024.12.23	01:30:45.104	0.56497	0.56502			6
2024.12.23	01:30:52.717	0.56496	0.56501			6
2024.12.23	01:30:53.677	0.56494	0.56499			6
2024.12.23	01:30:56.452	0.56495	0.56500			6
2024.12.23	01:30:57.661		0.56496			4
2024.12.23	01:30:57.964	0.56489	0.56494			6
2024.12.23	01:31:00.082	0.56489				2
2024.12.23	01:31:00.383		0.56491			4
2024.12.23	01:31:00.685	0.56490	0.56494			6
2024.12.23	01:31:02.602	0.56491				2
2024.12.23	01:31:02.905	0.56492	0.56496			6
2024.12.23	01:31:04.419		0.56495			4
2024.12.23	01:31:07.192		0.56496			4
2024.12.23	01:31:09.009		0.56495			4
2024.12.23	01:31:10.217	0.56491	0.56494			6
2024.12.23	01:31:10.521	0.56490				2
2024.12.23	01:31:11.427		0.56495			4
2024.12.23	01:31:17.480	0.56491	0.56496			6
2024.12.23	01:31:18.601	0.56493	0.56497			6
2024.12.23	01:31:18.991	0.56492				2
2024.12.23	01:31:21.706	0.56493				2
2024.12.23	01:31:24.487	0.56496				2
2024.12.23	01:31:24.791	0.56497	0.56501			6
2024.12.23	01:31:25.095	0.56498	0.56503			6
2024.12.23	01:31:25.409	0.56497	0.56502			6
2024.12.23	01:31:29.380	0.56496	0.56501			6
2024.12.23	01:31:29.685	0.56497				2
2024.12.23	01:31:36.040	0.56498	0.56502			6
2024.12.23	01:31:38.760	0.56501	0.56505			6
2024.12.23	01:31:40.577	0.56500				2
2024.12.23	01:31:50.257	0.56499	0.56504			6
2024.12.23	01:31:52.678	0.56493	0.56498			6
2024.12.23	01:31:53.031		0.56497			4
2024.12.23	01:31:57.016		0.56498			4
2024.12.23	01:32:00.041	0.56493				2
2024.12.23	01:32:01.252		0.56497			4
2024.12.23	01:32:03.368		0.56498			4
2024.12.23	01:32:04.328		0.56497			4
2024.12.23	01:32:04.630		0.56496			4
2024.12.23	01:32:05.243	0.56490	0.56495			6
2024.12.23	01:32:06.495	0.56492	0.56496			6
2024.12.23	01:32:07.151		0.56494			4
2024.12.23	01:32:07.691	0.56491	0.56495			6
2024.12.23	01:32:08.380	0.56490				2
2024.12.23	01:32:09.946	0.56491				2
2024.12.23	01:32:10.266		0.56496			4
2024.12.23	01:32:10.938	0.56492				2
2024.12.23	01:32:11.766	0.56491				2
2024.12.23	01:32:13.303		0.56495			4
2024.12.23	01:32:14.515		0.56496			4
2024.12.23	01:32:16.906		0.56495			4
2024.12.23	01:32:27.949	0.56489	0.56494			6
2024.12.23	01:32:30.662	0.56490				2
2024.12.23	01:32:32.517	0.56489				2
2024.12.23	01:32:41.338	0.56490				2
2024.12.23	01:32:43.997	0.56489				2
2024.12.23	01:32:48.342		0.56493			4
2024.12.23	01:32:52.334		0.56494			4
2024.12.23	01:32:57.225	0.56490				2
2024.12.23	01:33:00.253	0.56490				2
2024.12.23	01:33:01.515	0.56489				2
2024.12.23	01:33:05.751	0.56490	0.56493			6
2024.12.23	01:33:06.050	0.56489				2
2024.12.23	01:33:06.362	0.56490				2
2024.12.23	01:33:06.662	0.56489				2
2024.12.23	01:33:08.242	0.56490				2
2024.12.23	01:33:12.722	0.56489				2
2024.12.23	01:33:14.810	0.56490				2
2024.12.23	01:33:22.852	0.56492	0.56495			6
2024.12.23	01:33:23.165	0.56491				2
2024.12.23	01:33:25.561		0.56494			4
2024.12.23	01:33:30.153	0.56488	0.56491			6
2024.12.23	01:33:30.534	0.56487				2
2024.12.23	01:33:39.134	0.56488	0.56492			6
2024.12.23	01:33:47.382	0.56492	0.56496			6
2024.12.23	01:33:49.247	0.56491				2
2024.12.23	01:33:50.798		0.56495			4
2024.12.23	01:33:51.101	0.56492				2
2024.12.23	01:33:52.043	0.56491				2
2024.12.23	01:33:52.376	0.56492				2
2024.12.23	01:33:52.702		0.56496			4
2024.12.23	01:33:57.007	0.56491	0.56495			6
2024.12.23	01:33:57.789	0.56492	0.56496			6
2024.12.23	01:33:59.422	0.56491	0.56495			6
2024.12.23	01:34:00.541	0.56492	0.56496			6
2024.12.23	01:34:07.808		0.56494			4
2024.12.23	01:34:11.157		0.56495			4
2024.12.23	01:34:28.542	0.56493	0.56494			6
2024.12.23	01:34:28.853		0.56495			4
2024.12.23	01:34:29.434	0.56494	0.56498			6
2024.12.23	01:34:30.387	0.56495				2
2024.12.23	01:34:30.805	0.56498	0.56499			6
2024.12.23	01:34:31.489	0.56494	0.56498			6
2024.12.23	01:34:34.663		0.56497			4
2024.12.23	01:34:34.964	0.56489	0.56492			6
2024.12.23	01:34:35.284	0.56490	0.56493			6
2024.12.23	01:34:36.223	0.56489				2
2024.12.23	01:34:36.542	0.56488				2
2024.12.23	01:34:38.868	0.56486	0.56490			6
2024.12.23	01:34:40.321	0.56487				2
2024.12.23	01:34:40.691		0.56491			4
2024.12.23	01:34:46.997	0.56488	0.56492			6
2024.12.23	01:34:48.168	0.56493	0.56496			6
2024.12.23	01:34:48.587	0.56492				2
2024.12.23	01:34:52.626	0.56496	0.56499			6
2024.12.23	01:34:57.264	0.56495				2
2024.12.23	01:34:57.941	0.56496				2
2024.12.23	01:34:58.248	0.56498	0.56500			6
2024.12.23	01:35:01.347	0.56492	0.56496			6
2024.12.23	01:35:01.937	0.56493				2
2024.12.23	01:35:03.449	0.56496	0.56498			6
2024.12.23	01:35:03.765		0.56499			4
2024.12.23	01:35:04.758	0.56495				2
2024.12.23	01:35:09.336	0.56493	0.56497			6
2024.12.23	01:35:12.340	0.56494				2
2024.12.23	01:35:15.705	0.56495	0.56498			6
2024.12.23	01:35:16.921		0.56499			4
2024.12.23	01:35:31.201	0.56496				2
2024.12.23	01:35:31.507	0.56495				2
2024.12.23	01:35:32.530	0.56496				2
2024.12.23	01:35:32.951	0.56497				2
2024.12.23	01:35:33.345	0.56496				2
2024.12.23	01:35:33.677	0.56497				2
2024.12.23	01:35:35.443	0.56496				2
2024.12.23	01:35:36.578	0.56495				2
2024.12.23	01:35:37.630	0.56497				2
2024.12.23	01:35:38.584		0.56500			4
2024.12.23	01:35:40.073	0.56495	0.56499			6
2024.12.23	01:35:44.120	0.56494				2
2024.12.23	01:35:44.793	0.56496				2
2024.12.23	01:35:48.442		0.56500			4
2024.12.23	01:35:52.327		0.56499			4
2024.12.23	01:35:53.536	0.56492	0.56496			6
2024.12.23	01:35:57.834	0.56493	0.56497			6
2024.12.23	01:36:00.208	0.56493				2
2024.12.23	01:36:02.345	0.56492	0.56496			6
2024.12.23	01:36:08.624	0.56491	0.56495			6
2024.12.23	01:36:12.448		0.56493			4
2024.12.23	01:36:12.753	0.56488	0.56492			6
2024.12.23	01:36:14.107	0.56489				2
2024.12.23	01:36:19.561	0.56488				2
2024.12.23	01:36:26.554	0.56489	0.56493			6
2024.12.23	01:36:40.295	0.56490				2
2024.12.23	01:36:42.124	0.56491	0.56495			6
2024.12.23	01:36:44.628		0.56494			4
2024.12.23	01:36:45.856		0.56495			4
2024.12.23	01:36:49.950		0.56494			4
2024.12.23	01:36:55.719		0.56495			4
2024.12.23	01:36:56.024	0.56492				2
2024.12.23	01:36:56.497	0.56491				2
2024.12.23	01:37:00.133	0.56491				2
2024.12.23	01:37:08.350	0.56492	0.56496			6
2024.12.23	01:37:13.583		0.56495			4
2024.12.23	01:37:13.900	0.56491				2
2024.12.23	01:37:23.373		0.56494			4
2024.12.23	01:37:27.339	0.56492	0.56495			6
2024.12.23	01:37:41.560	0.56496	0.56498			6
2024.12.23	01:37:41.875	0.56495				2
2024.12.23	01:37:52.548	0.56500	0.56502			6
2024.12.23	01:37:57.581	0.56502	0.56506			6
2024.12.23	01:38:00.588	0.56503	0.56507			6
2024.12.23	01:38:05.839	0.56504				2
2024.12.23	01:38:06.172	0.56505	0.56509			6
2024.12.23	01:38:16.461	0.56504	0.56508			6
2024.12.23	01:38:16.761	0.56506	0.56510			6
2024.12.23	01:38:19.486	0.56507				2
2024.12.23	01:38:21.605	0.56506	0.56509			6
2024.12.23	01:38:23.984		0.56510			4
2024.12.23	01:38:26.770	0.56507	0.56511			6
2024.12.23	01:38:29.827	0.56508				2
2024.12.23	01:38:30.925		0.56512			4
2024.12.23	01:38:42.315	0.56507	0.56510			6
2024.12.23	01:38:43.843	0.56505	0.56509			6
2024.12.23	01:38:44.145		0.56508			4
2024.12.23	01:38:44.751	0.56503	0.56506			6
2024.12.23	01:38:45.082	0.56504	0.56507			6
2024.12.23	01:38:46.312		0.56506			4
2024.12.23	01:38:55.139	0.56503				2
2024.12.23	01:39:00.282	0.56503				2
2024.12.23	01:39:03.007		0.56507			4
2024.12.23	01:39:05.426		0.56506			4
2024.12.23	01:39:09.107	0.56505	0.56508			6
2024.12.23	01:39:11.316	0.56507	0.56511			6
2024.12.23	01:39:21.431	0.56508				2
2024.12.23	01:39:27.894	0.56507	0.56510			6
2024.12.23	01:39:31.550	0.56506				2
2024.12.23	01:39:32.207		0.56509			4
2024.12.23	01:39:34.931	0.56503	0.56506			6
2024.12.23	01:39:44.420	0.56506	0.56509			6
2024.12.23	01:39:45.601	0.56505				2
2024.12.23	01:39:47.436	0.56504	0.56508			6
2024.12.23	01:39:47.738	0.56505				2
2024.12.23	01:39:52.277	0.56501	0.56504			6
2024.12.23	01:39:52.581	0.56500				2
2024.12.23	01:39:58.126	0.56501				2
2024.12.23	01:40:00.426	0.56501				2
2024.12.23	01:40:11.233	0.56502				2
2024.12.23	01:40:12.356	0.56505	0.56507			6
2024.12.23	01:40:13.089	0.56502	0.56506			6
2024.12.23	01:40:17.641	0.56503				2
2024.12.23	01:40:26.119	0.56504				2
2024.12.23	01:40:30.053	0.56503				2
2024.12.23	01:40:30.356	0.56504	0.56507			6
2024.12.23	01:40:30.664		0.56506			4
2024.12.23	01:40:33.734	0.56506	0.56507			6
2024.12.23	01:40:34.046	0.56508	0.56510			6
2024.12.23	01:40:38.586	0.56505	0.56508			6
2024.12.23	01:40:40.809		0.56509			4
2024.12.23	01:40:45.720	0.56502	0.56505			6
2024.12.23	01:40:52.393		0.56506			4
2024.12.23	01:40:58.636	0.56504				2
2024.12.23	01:41:00.275	0.56507	0.56509			6
2024.12.23	01:41:00.588	0.56505				2
2024.12.23	01:41:04.041	0.56506				2
2024.12.23	01:41:04.349	0.56503	0.56506			6
2024.12.23	01:41:10.498	0.56501	0.56504			6
2024.12.23	01:41:12.714	0.56502	0.56506			6
2024.12.23	01:41:17.191	0.56503				2
2024.12.23	01:41:18.999	0.56502				2
2024.12.23	01:41:22.440	0.56503				2
2024.12.23	01:41:22.870	0.56502	0.56505			6
2024.12.23	01:41:24.295	0.56501	0.56503			6
2024.12.23	01:41:26.385	0.56502	0.56505			6
2024.12.23	01:41:32.866	0.56500	0.56502			6
2024.12.23	01:41:33.168	0.56499	0.56501			6
2024.12.23	01:41:51.044	0.56503	0.56504			6
2024.12.23	01:41:51.348		0.56505			4
2024.12.23	01:41:52.557	0.56500	0.56503			6
2024.12.23	01:41:53.484	0.56501	0.56504			6
2024.12.23	01:41:55.330		0.56503			4
2024.12.23	01:41:59.066	0.56500				2
2024.12.23	01:42:00.316	0.56500				2
2024.12.23	01:42:13.738	0.56498	0.56502			6
2024.12.23	01:42:14.586	0.56497	0.56501			6
2024.12.23	01:42:17.016	0.56498				2
2024.12.23	01:42:30.028	0.56497	0.56499			6
2024.12.23	01:42:30.530	0.56498	0.56501			6
2024.12.23	01:42:33.003	0.56497	0.56499			6
2024.12.23	01:42:33.654		0.56500			4
2024.12.23	01:42:38.602		0.56501			4
2024.12.23	01:42:42.249		0.56500			4
2024.12.23	01:42:45.307	0.56496				2
2024.12.23	01:42:45.611	0.56495	0.56499			6
2024.12.23	01:42:54.235	0.56494	0.56498			6
2024.12.23	01:43:00.251	0.56494	0.56496			6
2024.12.23	01:43:00.566	0.56492				2
2024.12.23	01:43:02.954	0.56493	0.56497			6
2024.12.23	01:43:05.998	0.56494	0.56498			6
2024.12.23	01:43:06.933	0.56495				2
2024.12.23	01:43:07.251	0.56494	0.56497			6
2024.12.23	01:43:07.564	0.56493				2
2024.12.23	01:43:08.501	0.56494	0.56498			6
2024.12.23	01:43:09.547		0.56497			4
2024.12.23	01:43:10.775	0.56493				2
2024.12.23	01:43:11.099	0.56494				2
2024.12.23	01:43:18.088	0.56493				2
2024.12.23	01:43:23.887	0.56494				2
2024.12.23	01:43:26.451	0.56493				2
2024.12.23	01:43:29.910	0.56494				2
2024.12.23	01:43:30.697	0.56495	0.56499			6
2024.12.23	01:43:31.169	0.56497	0.56500			6
2024.12.23	01:43:32.041	0.56494	0.56497			6
2024.12.23	01:43:37.556		0.56496			4
2024.12.23	01:43:39.069		0.56497			4
2024.12.23	01:43:49.810	0.56495	0.56498			6
2024.12.23	01:43:50.116	0.56496	0.56499			6
2024.12.23	01:43:50.427	0.56494	0.56498			6
2024.12.23	01:43:51.344		0.56497			4
2024.12.23	01:44:00.198	0.56494				2
2024.12.23	01:44:13.513		0.56495			4
2024.12.23	01:44:13.815	0.56493				2
2024.12.23	01:44:15.983	0.56496	0.56498			6
2024.12.23	01:44:16.346		0.56499			4
2024.12.23	01:44:16.986	0.56495				2
2024.12.23	01:44:20.213	0.56494	0.56497			6
2024.12.23	01:44:22.112	0.56495	0.56499			6
2024.12.23	01:44:22.424		0.56497			4
2024.12.23	01:44:23.044	0.56494	0.56496			6
2024.12.23	01:44:25.465	0.56495	0.56497			6
2024.12.23	01:44:27.280		0.56496			4
2024.12.23	01:44:27.583	0.56494				2
2024.12.23	01:44:32.207	0.56493				2
2024.12.23	01:44:34.165	0.56496	0.56499			6
2024.12.23	01:44:34.876	0.56495	0.56497			6
2024.12.23	01:44:36.107	0.56494	0.56496			6
2024.12.23	01:44:36.410		0.56497			4
2024.12.23	01:44:36.718	0.56495				2
2024.12.23	01:44:42.509		0.56496			4
2024.12.23	01:44:42.814	0.56494				2
2024.12.23	01:44:43.845		0.56495			4
2024.12.23	01:44:44.168	0.56493				2
2024.12.23	01:44:50.983	0.56494				2
2024.12.23	01:44:53.705		0.56496			4
2024.12.23	01:44:54.798	0.56496	0.56499			6
2024.12.23	01:44:55.852	0.56495	0.56498			6
2024.12.23	01:44:58.179	0.56497	0.56500			6
2024.12.23	01:45:00.351	0.56494	0.56495			6
2024.12.23	01:45:00.667		0.56496			4
2024.12.23	01:45:01.572	0.56495				2
2024.12.23	01:45:01.884		0.56498			4
2024.12.23	01:45:02.187		0.56497			4
2024.12.23	01:45:02.509		0.56498			4
2024.12.23	01:45:04.506	0.56493	0.56495			6
2024.12.23	01:45:07.390		0.56496			4
2024.12.23	01:45:08.694	0.56494	0.56497			6
2024.12.23	01:45:09.642	0.56496	0.56499			6
2024.12.23	01:45:10.313	0.56495	0.56498			6
2024.12.23	01:45:12.062	0.56494	0.56496			6
2024.12.23	01:45:14.717	0.56493	0.56497			6
2024.12.23	01:45:15.027	0.56492	0.56494			6
2024.12.23	01:45:18.669	0.56493	0.56495			6
2024.12.23	01:45:21.392	0.56492				2
2024.12.23	01:45:23.974	0.56490	0.56492			6
2024.12.23	01:45:35.816	0.56487	0.56490			6
2024.12.23	01:45:39.251	0.56485	0.56487			6
2024.12.23	01:45:41.630		0.56488			4
2024.12.23	01:45:43.655	0.56487	0.56489			6
2024.12.23	01:45:43.955	0.56486				2
2024.12.23	01:45:46.794		0.56488			4
2024.12.23	01:45:47.104	0.56485				2
2024.12.23	01:45:49.086	0.56486	0.56489			6
2024.12.23	01:46:00.076	0.56486				2
2024.12.23	01:46:00.377	0.56484	0.56487			6
2024.12.23	01:46:00.678		0.56488			4
2024.12.23	01:46:01.283		0.56487			4
2024.12.23	01:46:01.887		0.56488			4
2024.12.23	01:46:06.732		0.56487			4
2024.12.23	01:46:07.041		0.56486			4
2024.12.23	01:46:11.017		0.56488			4
2024.12.23	01:46:11.623		0.56486			4
2024.12.23	01:46:11.925	0.56483				2
2024.12.23	01:46:12.395		0.56487			4
2024.12.23	01:46:12.734	0.56485	0.56488			6
2024.12.23	01:46:13.336		0.56489			4
2024.12.23	01:46:15.152	0.56486	0.56490			6
2024.12.23	01:46:15.471		0.56489			4
2024.12.23	01:46:19.707		0.56490			4
2024.12.23	01:46:20.601		0.56489			4
2024.12.23	01:46:24.370		0.56490			4
2024.12.23	01:46:24.678	0.56487				2
2024.12.23	01:46:24.981	0.56488	0.56491			6
2024.12.23	01:46:32.881	0.56489				2
2024.12.23	01:46:33.189	0.56491	0.56493			6
2024.12.23	01:46:36.558	0.56490				2
2024.12.23	01:46:39.519	0.56492	0.56494			6
2024.12.23	01:46:41.571	0.56491				2
2024.12.23	01:46:45.857	0.56492				2
2024.12.23	01:46:48.762	0.56487	0.56491			6
2024.12.23	01:46:49.603	0.56488				2
2024.12.23	01:46:50.861		0.56490			4
2024.12.23	01:46:52.074		0.56491			4
2024.12.23	01:46:56.660		0.56490			4
2024.12.23	01:46:57.567		0.56491			4
2024.12.23	01:47:00.291	0.56490	0.56492			6
2024.12.23	01:47:00.604	0.56489	0.56493			6
2024.12.23	01:47:01.422	0.56490				2
2024.12.23	01:47:03.268	0.56491	0.56494			6
2024.12.23	01:47:07.000		0.56495			4
2024.12.23	01:47:07.349	0.56492	0.56494			6
2024.12.23	01:47:08.261	0.56491				2
2024.12.23	01:47:10.429	0.56492	0.56495			6
2024.12.23	01:47:12.597		0.56496			4
2024.12.23	01:47:13.623	0.56500	0.56504			6
2024.12.23	01:47:16.081	0.56501				2
2024.12.23	01:47:16.384	0.56502				2
2024.12.23	01:47:19.024	0.56505	0.56508			6
2024.12.23	01:47:19.327	0.56503	0.56507			6
2024.12.23	01:47:21.862	0.56505	0.56509			6
2024.12.23	01:47:22.689	0.56506	0.56510			6
2024.12.23	01:47:23.341		0.56509			4
2024.12.23	01:47:24.141		0.56510			4
2024.12.23	01:47:25.456		0.56509			4
2024.12.23	01:47:25.898		0.56510			4
2024.12.23	01:47:29.313		0.56509			4
2024.12.23	01:47:30.002	0.56507	0.56510			6
2024.12.23	01:47:30.304	0.56506				2
2024.12.23	01:47:31.247	0.56508	0.56511			6
2024.12.23	01:47:38.219	0.56507				2
2024.12.23	01:47:40.088		0.56510			4
2024.12.23	01:47:40.437		0.56511			4
2024.12.23	01:47:48.467		0.56510			4
2024.12.23	01:47:49.970	0.56508	0.56511			6
2024.12.23	01:47:50.290	0.56507				2
2024.12.23	01:47:55.698	0.56508	0.56512			6
2024.12.23	01:47:56.322	0.56507				2
2024.12.23	01:47:56.628	0.56508				2
2024.12.23	01:47:56.927		0.56511			4
2024.12.23	01:47:57.230	0.56511	0.56514			6
2024.12.23	01:47:59.043	0.56510				2
2024.12.23	01:47:59.696		0.56513			4
2024.12.23	01:48:00.747	0.56510				2
2024.12.23	01:48:01.121	0.56511	0.56514			6
2024.12.23	01:48:03.878	0.56510				2
2024.12.23	01:48:04.481	0.56509	0.56513			6
2024.12.23	01:48:04.796	0.56508				2
2024.12.23	01:48:09.384	0.56509				2
2024.12.23	01:48:10.896	0.56510	0.56514			6
2024.12.23	01:48:13.316	0.56511				2
2024.12.23	01:48:16.645		0.56515			4
2024.12.23	01:48:18.159		0.56514			4
2024.12.23	01:48:20.881		0.56515			4
2024.12.23	01:48:22.156		0.56514			4
2024.12.23	01:48:27.935	0.56512	0.56515			6
2024.12.23	01:48:28.583	0.56511	0.56514			6
2024.12.23	01:48:29.810		0.56513			4
2024.12.23	01:48:31.018		0.56514			4
2024.12.23	01:48:34.499		0.56513			4
2024.12.23	01:48:36.314		0.56514			4
2024.12.23	01:48:51.640	0.56513	0.56516			6
2024.12.23	01:48:55.376	0.56512				2
2024.12.23	01:48:57.074	0.56511	0.56514			6
2024.12.23	01:48:57.599	0.56510	0.56513			6
2024.12.23	01:48:58.047	0.56511				2
2024.12.23	01:49:00.167	0.56511				2
2024.12.23	01:49:00.469		0.56514			4
2024.12.23	01:49:02.375	0.56513	0.56516			6
2024.12.23	01:49:02.952	0.56514				2
2024.12.23	01:49:04.128	0.56513	0.56515			6
2024.12.23	01:49:04.453		0.56516			4
2024.12.23	01:49:05.242		0.56515			4
2024.12.23	01:49:05.561		0.56516			4
2024.12.23	01:49:06.247		0.56515			4
2024.12.23	01:49:06.572		0.56516			4
2024.12.23	01:49:12.745	0.56512	0.56515			6
2024.12.23	01:49:14.998	0.56513	0.56516			6
2024.12.23	01:49:23.198	0.56514				2
2024.12.23	01:49:23.820	0.56516	0.56520			6
2024.12.23	01:49:24.123	0.56518	0.56521			6
2024.12.23	01:49:29.501	0.56517	0.56520			6
2024.12.23	01:49:29.803	0.56516	0.56519			6
2024.12.23	01:49:30.505	0.56514	0.56518			6
2024.12.23	01:49:31.433		0.56516			4
2024.12.23	01:49:37.285	0.56513				2
2024.12.23	01:49:43.176	0.56514				2
2024.12.23	01:49:43.483	0.56513				2
2024.12.23	01:49:43.785	0.56514				2
2024.12.23	01:49:45.976	0.56513				2
2024.12.23	01:49:55.711	0.56514				2
2024.12.23	01:49:58.226	0.56517	0.56520			6
2024.12.23	01:49:58.544	0.56516	0.56519			6
2024.12.23	01:50:00.091	0.56516				2
2024.12.23	01:50:04.328		0.56520			4
2024.12.23	01:50:04.956		0.56519			4
2024.12.23	01:50:05.696		0.56520			4
2024.12.23	01:50:06.004		0.56519			4
2024.12.23	01:50:06.326		0.56520			4
2024.12.23	01:50:07.594		0.56519			4
2024.12.23	01:50:07.897	0.56514	0.56517			6
2024.12.23	01:50:08.805	0.56511	0.56514			6
2024.12.23	01:50:10.009	0.56510	0.56513			6
2024.12.23	01:50:15.639	0.56511				2
2024.12.23	01:50:18.084	0.56510				2
2024.12.23	01:50:19.129	0.56508	0.56512			6
2024.12.23	01:50:24.540	0.56509				2
2024.12.23	01:50:24.845	0.56511	0.56514			6
2024.12.23	01:50:26.056	0.56509	0.56513			6
2024.12.23	01:50:26.380	0.56508				2
2024.12.23	01:50:30.440	0.56507	0.56511			6
2024.12.23	01:50:34.375	0.56508				2
2024.12.23	01:50:41.639	0.56506	0.56510			6
2024.12.23	01:50:42.596		0.56509			4
2024.12.23	01:50:43.502	0.56505	0.56508			6
2024.12.23	01:50:43.804	0.56504	0.56507			6
2024.12.23	01:50:44.109	0.56502	0.56506			6
2024.12.23	01:50:45.176		0.56505			4
2024.12.23	01:50:49.904	0.56503	0.56506			6
2024.12.23	01:50:50.302	0.56502				2
2024.12.23	01:50:50.624	0.56503				2
2024.12.23	01:50:52.688	0.56502	0.56505			6
2024.12.23	01:51:00.551	0.56502				2
2024.12.23	01:51:02.146	0.56503	0.56507			6
2024.12.23	01:51:02.681	0.56504				2
2024.12.23	01:51:09.628	0.56506	0.56509			6
2024.12.23	01:51:12.001	0.56503	0.56507			6
2024.12.23	01:51:12.349		0.56505			4
2024.12.23	01:51:24.152		0.56506			4
2024.12.23	01:51:30.845	0.56499	0.56502			6
2024.12.23	01:51:32.001	0.56501	0.56503			6
2024.12.23	01:51:32.306		0.56504			4
2024.12.23	01:51:33.225	0.56499	0.56502			6
2024.12.23	01:51:38.497	0.56503	0.56506			6
2024.12.23	01:51:48.471	0.56502	0.56505			6
2024.12.23	01:51:55.232	0.56503	0.56506			6
2024.12.23	01:52:00.842	0.56503				2
2024.12.23	01:52:29.255	0.56500	0.56503			6
2024.12.23	01:52:29.601		0.56502			4
2024.12.23	01:52:35.477		0.56501			4
2024.12.23	01:52:35.781	0.56499	0.56502			6
2024.12.23	01:52:49.389		0.56501			4
2024.12.23	01:52:49.703	0.56498				2
2024.12.23	01:52:54.002		0.56502			4
2024.12.23	01:53:00.094	0.56498				2
2024.12.23	01:53:00.395	0.56500	0.56503			6
2024.12.23	01:53:00.700	0.56501				2
2024.12.23	01:53:01.000		0.56504			4
2024.12.23	01:53:21.933	0.56503	0.56506			6
2024.12.23	01:53:29.948	0.56501	0.56504			6
2024.12.23	01:53:42.720	0.56503	0.56505			6
2024.12.23	01:53:43.021	0.56506	0.56509			6
2024.12.23	01:53:45.542	0.56505	0.56508			6
2024.12.23	01:53:46.668	0.56506	0.56509			6
2024.12.23	01:53:47.362	0.56504	0.56507			6
2024.12.23	01:54:02.213	0.56503	0.56506			6
2024.12.23	01:54:02.515	0.56504	0.56507			6
2024.12.23	01:54:09.416	0.56505				2
2024.12.23	01:54:18.367		0.56508			4
2024.12.23	01:54:25.552	0.56507	0.56509			6
2024.12.23	01:54:27.377	0.56506				2
2024.12.23	01:54:33.417	0.56511	0.56514			6
2024.12.23	01:54:39.826	0.56510				2
2024.12.23	01:54:41.640	0.56511				2
2024.12.23	01:54:42.547	0.56510				2
2024.12.23	01:54:49.510	0.56511				2
2024.12.23	01:54:50.417		0.56515			4
2024.12.23	01:54:58.286	0.56512				2
2024.12.23	01:54:58.596	0.56511				2
2024.12.23	01:55:00.154	0.56511				2
2024.12.23	01:55:03.182	0.56512				2
2024.12.23	01:55:06.539	0.56513	0.56516			6
2024.12.23	01:55:07.230	0.56512				2
2024.12.23	01:55:31.748	0.56513				2
2024.12.23	01:55:37.940	0.56512				2
2024.12.23	01:55:38.241		0.56514			4
2024.12.23	01:55:38.545	0.56511				2
2024.12.23	01:55:39.200	0.56512	0.56515			6
2024.12.23	01:55:39.504		0.56516			4
2024.12.23	01:55:51.708	0.56513				2
2024.12.23	01:55:56.855		0.56517			4
2024.12.23	01:56:03.326	0.56513				2
2024.12.23	01:56:08.065		0.56516			4
2024.12.23	01:56:08.378	0.56512	0.56515			6
2024.12.23	01:56:11.131		0.56514			4
2024.12.23	01:56:11.435		0.56515			4
2024.12.23	01:56:11.739		0.56514			4
2024.12.23	01:56:13.554	0.56510				2
2024.12.23	01:56:13.899	0.56511				2
2024.12.23	01:56:16.935		0.56515			4
2024.12.23	01:56:21.473		0.56514			4
2024.12.23	01:56:22.989	0.56510	0.56513			6
2024.12.23	01:56:30.280	0.56507	0.56511			6
2024.12.23	01:56:30.591	0.56506	0.56510			6
2024.12.23	01:56:31.278		0.56509			4
2024.12.23	01:56:31.615		0.56510			4
2024.12.23	01:56:31.921		0.56509			4
2024.12.23	01:56:32.572	0.56507	0.56510			6
2024.12.23	01:56:49.726	0.56506				2
2024.12.23	01:56:53.055		0.56509			4
2024.12.23	01:56:56.000		0.56510			4
2024.12.23	01:56:57.379		0.56509			4
2024.12.23	01:57:01.397	0.56506				2
2024.12.23	01:57:11.463	0.56511	0.56514			6
2024.12.23	01:57:16.563		0.56513			4
2024.12.23	01:57:16.867	0.56509				2
2024.12.23	01:57:39.669		0.56512			4
2024.12.23	01:57:51.775	0.56511	0.56514			6
2024.12.23	01:57:57.222		0.56513			4
2024.12.23	01:57:57.526	0.56508	0.56512			6
2024.12.23	01:57:59.947	0.56509				2
2024.12.23	01:58:00.248	0.56508				2
2024.12.23	01:58:03.326		0.56511			4
2024.12.23	01:58:06.051	0.56509	0.56512			6
2024.12.23	01:58:47.829	0.56507	0.56510			6
2024.12.23	01:58:48.785		0.56511			4
2024.12.23	01:59:00.085	0.56507				2
2024.12.23	01:59:00.460	0.56508				2
2024.12.23	01:59:05.775		0.56512			4
2024.12.23	01:59:14.025	0.56511	0.56515			6
2024.12.23	01:59:14.327		0.56514			4
2024.12.23	01:59:16.817		0.56515			4
2024.12.23	01:59:22.244		0.56513			4
2024.12.23	01:59:22.549	0.56510	0.56512			6
2024.12.23	01:59:26.872	0.56511	0.56513			6
2024.12.23	01:59:27.779		0.56512			4
2024.12.23	01:59:28.082	0.56510				2
2024.12.23	01:59:37.463		0.56513			4
2024.12.23	01:59:37.767	0.56512	0.56515			6
2024.12.23	01:59:43.110	0.56511	0.56514			6
2024.12.23	01:59:43.441	0.56512	0.56515			6
2024.12.23	01:59:43.743		0.56516			4
2024.12.23	01:59:46.191	0.56511	0.56515			6
2024.12.23	01:59:56.483	0.56512	0.56516			6
2024.12.23	01:59:58.299	0.56514	0.56517			6
2024.12.23	01:59:59.813	0.56516	0.56520			6
2024.12.23	02:00:00.115	0.56520	0.56524			6
2024.12.23	02:00:00.724	0.56521	0.56525			6
2024.12.23	02:00:01.380	0.56520				2
2024.12.23	02:00:02.446	0.56521	0.56526			6
2024.12.23	02:00:02.789	0.56520	0.56525			6
2024.12.23	02:00:03.092	0.56521	0.56526			6
2024.12.23	02:00:03.696	0.56520	0.56523			6
2024.12.23	02:00:03.997	0.56518	0.56522			6
2024.12.23	02:00:04.300		0.56523			4
2024.12.23	02:00:04.904	0.56517	0.56522			6
2024.12.23	02:00:07.350		0.56521			4
2024.12.23	02:00:07.725	0.56518	0.56523			6
2024.12.23	02:00:11.405	0.56517	0.56521			6
2024.12.23	02:00:12.562		0.56520			4
2024.12.23	02:00:12.865		0.56521			4
2024.12.23	02:00:13.218	0.56516	0.56520			6
2024.12.23	02:00:16.926	0.56510	0.56511			6
2024.12.23	02:00:17.245	0.56508	0.56510			6
2024.12.23	02:00:17.572	0.56507				2
2024.12.23	02:00:18.734	0.56508				2
2024.12.23	02:00:20.289	0.56510	0.56512			6
2024.12.23	02:00:20.602	0.56507	0.56510			6
2024.12.23	02:00:23.432	0.56509	0.56511			6
2024.12.23	02:00:23.744	0.56507	0.56510			6
2024.12.23	02:00:28.685		0.56509			4
2024.12.23	02:00:30.522	0.56509	0.56510			6
2024.12.23	02:00:30.825	0.56507	0.56509			6
2024.12.23	02:00:33.676	0.56506	0.56508			6
2024.12.23	02:00:33.985	0.56505				2
2024.12.23	02:00:34.433	0.56506	0.56509			6
2024.12.23	02:00:34.978	0.56508	0.56510			6
2024.12.23	02:00:35.282	0.56507				2
2024.12.23	02:00:41.420	0.56509				2
2024.12.23	02:00:41.730	0.56510	0.56513			6
2024.12.23	02:00:46.712	0.56512	0.56514			6
2024.12.23	02:00:47.412		0.56515			4
2024.12.23	02:00:47.724	0.56517	0.56519			6
2024.12.23	02:00:48.044	0.56516				2
2024.12.23	02:00:48.359	0.56517				2
2024.12.23	02:00:49.099		0.56520			4
2024.12.23	02:00:49.403	0.56516				2
2024.12.23	02:00:49.869	0.56517				2
2024.12.23	02:00:51.004	0.56516				2
2024.12.23	02:00:51.711	0.56517				2
2024.12.23	02:00:53.818	0.56516				2
2024.12.23	02:00:55.756	0.56517				2
2024.12.23	02:00:56.061	0.56521	0.56522			6
2024.12.23	02:01:00.105	0.56521				2
2024.12.23	02:01:00.734	0.56520	0.56521			6
2024.12.23	02:01:02.970	0.56519	0.56520			6
2024.12.23	02:01:05.499	0.56518				2
2024.12.23	02:01:05.945	0.56519				2
2024.12.23	02:01:06.270		0.56521			4
2024.12.23	02:01:06.725		0.56520			4
2024.12.23	02:01:07.552		0.56521			4
2024.12.23	02:01:07.863	0.56522	0.56524			6
2024.12.23	02:01:08.166	0.56523	0.56526			6
2024.12.23	02:01:10.162		0.56525			4
2024.12.23	02:01:10.885		0.56524			4
2024.12.23	02:01:11.185		0.56526			4
2024.12.23	02:01:13.349		0.56527			4
2024.12.23	02:01:14.426	0.56522	0.56524			6
2024.12.23	02:01:14.728	0.56520	0.56521			6
2024.12.23	02:01:15.513	0.56519				2
2024.12.23	02:01:15.988		0.56522			4
2024.12.23	02:01:17.147	0.56520	0.56523			6
2024.12.23	02:01:17.463	0.56521	0.56524			6
2024.12.23	02:01:18.102	0.56522	0.56525			6
2024.12.23	02:01:22.036		0.56524			4
2024.12.23	02:01:22.648	0.56521				2
2024.12.23	02:01:24.081	0.56522	0.56525			6
2024.12.23	02:01:25.451		0.56524			4
2024.12.23	02:01:26.459	0.56526	0.56529			6
2024.12.23	02:01:26.776	0.56525				2
2024.12.23	02:01:27.161	0.56526				2
2024.12.23	02:01:27.542	0.56524	0.56528			6
2024.12.23	02:01:27.847	0.56521	0.56523			6
2024.12.23	02:01:34.320		0.56524			4
2024.12.23	02:01:36.735		0.56523			4
2024.12.23	02:01:37.778	0.56520				2
2024.12.23	02:01:41.747	0.56516	0.56518			6
2024.12.23	02:01:42.148	0.56518	0.56519			6
2024.12.23	02:01:45.722	0.56517				2
2024.12.23	02:01:47.633		0.56521			4
2024.12.23	02:01:49.366	0.56518				2
2024.12.23	02:01:53.134	0.56517	0.56519			6
2024.12.23	02:01:54.340	0.56516				2
2024.12.23	02:01:54.651	0.56517				2
2024.12.23	02:01:55.926	0.56523	0.56525			6
2024.12.23	02:02:00.849	0.56523				2
2024.12.23	02:02:01.294	0.56522				2
2024.12.23	02:02:02.564	0.56523				2
2024.12.23	02:02:04.713	0.56521				2
2024.12.23	02:02:05.040	0.56519	0.56523			6
2024.12.23	02:02:05.346		0.56522			4
2024.12.23	02:02:07.614	0.56521	0.56523			6
2024.12.23	02:02:22.160	0.56518	0.56521			6
2024.12.23	02:02:22.767	0.56519				2
2024.12.23	02:02:23.179	0.56517	0.56519			6
2024.12.23	02:02:23.490	0.56516				2
2024.12.23	02:02:24.364	0.56513	0.56515			6
2024.12.23	02:02:34.262	0.56515	0.56517			6
2024.12.23	02:02:34.870	0.56513	0.56516			6
2024.12.23	02:02:37.038		0.56515			4
2024.12.23	02:02:38.635	0.56512				2
2024.12.23	02:02:41.835	0.56513				2
2024.12.23	02:02:48.861	0.56515	0.56516			6
2024.12.23	02:02:49.416	0.56513				2
2024.12.23	02:02:51.848		0.56515			4
2024.12.23	02:02:56.029	0.56511	0.56514			6
2024.12.23	02:02:56.445	0.56512				2
2024.12.23	02:03:00.265	0.56512				2
2024.12.23	02:03:01.043	0.56513	0.56515			6
2024.12.23	02:03:03.308	0.56514				2
2024.12.23	02:03:04.995	0.56511	0.56514			6
2024.12.23	02:03:05.521	0.56505	0.56509			6
2024.12.23	02:03:05.830	0.56504	0.56508			6
2024.12.23	02:03:07.252		0.56506			4
2024.12.23	02:03:07.571	0.56505	0.56507			6
2024.12.23	02:03:09.971	0.56504				2
2024.12.23	02:03:15.743	0.56505				2
2024.12.23	02:03:16.835	0.56504				2
2024.12.23	02:03:17.147	0.56505				2
2024.12.23	02:03:22.184	0.56499	0.56502			6
2024.12.23	02:03:24.410	0.56498				2
2024.12.23	02:03:26.802	0.56499				2
2024.12.23	02:03:28.525	0.56497	0.56500			6
2024.12.23	02:03:29.201	0.56498				2
2024.12.23	02:03:29.602	0.56497				2
2024.12.23	02:03:32.386	0.56498				2
2024.12.23	02:03:34.021	0.56497				2
2024.12.23	02:03:34.423	0.56495	0.56499			6
2024.12.23	02:03:38.271		0.56498			4
2024.12.23	02:03:42.597	0.56500	0.56502			6
2024.12.23	02:03:44.297	0.56499				2
2024.12.23	02:03:44.603	0.56500	0.56503			6
2024.12.23	02:03:47.206	0.56498	0.56502			6
2024.12.23	02:03:47.511		0.56500			4
2024.12.23	02:03:50.474	0.56501	0.56503			6
2024.12.23	02:03:54.062	0.56500				2
2024.12.23	02:03:55.786	0.56498	0.56500			6
2024.12.23	02:03:56.090	0.56497				2
2024.12.23	02:03:56.806	0.56501	0.56502			6
2024.12.23	02:03:59.881	0.56500				2
2024.12.23	02:04:00.297	0.56498				2
2024.12.23	02:04:01.338		0.56501			4
2024.12.23	02:04:03.101	0.56496	0.56500			6
2024.12.23	02:04:04.295	0.56495	0.56499			6
2024.12.23	02:04:05.150	0.56494	0.56498			6
2024.12.23	02:04:06.561	0.56492	0.56495			6
2024.12.23	02:04:06.863		0.56494			4
2024.12.23	02:04:07.995	0.56491				2
2024.12.23	02:04:08.299	0.56489	0.56492			6
2024.12.23	02:04:12.398	0.56490				2
2024.12.23	02:04:15.618	0.56491				2
2024.12.23	02:04:15.937	0.56496	0.56497			6
2024.12.23	02:04:16.273	0.56495				2
2024.12.23	02:04:23.764	0.56496				2
2024.12.23	02:04:24.231	0.56493	0.56499			6
2024.12.23	02:04:24.858	0.56492	0.56498			6
2024.12.23	02:04:26.070	0.56494	0.56497			6
2024.12.23	02:04:32.855	0.56492	0.56495			6
2024.12.23	02:04:34.517	0.56491				2
2024.12.23	02:04:34.935	0.56492				2
2024.12.23	02:04:35.538	0.56491				2
2024.12.23	02:04:36.740	0.56490				2
2024.12.23	02:04:40.624	0.56491				2
2024.12.23	02:04:41.552		0.56494			4
2024.12.23	02:04:49.498	0.56492				2
2024.12.23	02:04:50.406		0.56495			4
2024.12.23	02:04:52.010	0.56491	0.56494			6
2024.12.23	02:04:52.922	0.56490				2
2024.12.23	02:04:53.225	0.56489	0.56493			6
2024.12.23	02:04:57.202	0.56491	0.56494			6
2024.12.23	02:04:58.244	0.56492				2
2024.12.23	02:04:58.581	0.56491	0.56495			6
2024.12.23	02:05:00.132	0.56492				2
2024.12.23	02:05:00.448	0.56490				2
2024.12.23	02:05:07.060	0.56491				2
2024.12.23	02:05:07.888	0.56494	0.56497			6
2024.12.23	02:05:08.251	0.56495	0.56498			6
2024.12.23	02:05:10.147	0.56496				2
2024.12.23	02:05:11.715		0.56499			4
2024.12.23	02:05:14.683	0.56494	0.56498			6
2024.12.23	02:05:17.875	0.56489	0.56494			6
2024.12.23	02:05:24.213		0.56493			4
2024.12.23	02:05:30.524		0.56492			4
2024.12.23	02:05:32.717	0.56485	0.56488			6
2024.12.23	02:05:33.026	0.56484				2
2024.12.23	02:05:35.836		0.56487			4
2024.12.23	02:05:36.562		0.56488			4
2024.12.23	02:05:38.026		0.56487			4
2024.12.23	02:05:38.751		0.56488			4
2024.12.23	02:05:39.707		0.56487			4
2024.12.23	02:05:41.288		0.56488			4
2024.12.23	02:05:42.411	0.56480	0.56483			6
2024.12.23	02:05:42.724	0.56479				2
2024.12.23	02:05:43.024	0.56480				2
2024.12.23	02:05:50.975	0.56482	0.56485			6
2024.12.23	02:05:53.542	0.56481	0.56484			6
2024.12.23	02:05:58.515	0.56484	0.56487			6
2024.12.23	02:05:59.416	0.56483	0.56486			6
2024.12.23	02:06:00.226	0.56483				2
2024.12.23	02:06:00.527		0.56487			4
2024.12.23	02:06:02.497	0.56484				2
2024.12.23	02:06:04.611	0.56482	0.56485			6
2024.12.23	02:06:04.923	0.56481				2
2024.12.23	02:06:05.540	0.56480				2
2024.12.23	02:06:07.750	0.56479	0.56483			6
2024.12.23	02:06:09.735		0.56482			4
2024.12.23	02:06:10.261	0.56475	0.56478			6
2024.12.23	02:06:10.568	0.56477	0.56480			6
2024.12.23	02:06:11.951	0.56475	0.56479			6
2024.12.23	02:06:13.543		0.56478			4
2024.12.23	02:06:14.210	0.56474	0.56477			6
2024.12.23	02:06:16.078	0.56476				2
2024.12.23	02:06:21.341	0.56483	0.56486			6
2024.12.23	02:06:22.347		0.56487			4
2024.12.23	02:06:23.183	0.56482	0.56486			6
2024.12.23	02:06:23.947	0.56485	0.56488			6
2024.12.23	02:06:24.265	0.56487	0.56491			6
2024.12.23	02:06:24.564	0.56488	0.56492			6
2024.12.23	02:06:25.881	0.56487	0.56491			6
2024.12.23	02:06:26.964	0.56488	0.56492			6
2024.12.23	02:06:29.340	0.56486	0.56490			6
2024.12.23	02:06:29.645	0.56487				2
2024.12.23	02:06:30.134	0.56486				2
2024.12.23	02:06:38.555	0.56485	0.56489			6
2024.12.23	02:06:39.111	0.56486				2
2024.12.23	02:06:41.226	0.56484	0.56488			6
2024.12.23	02:06:41.887	0.56485				2
2024.12.23	02:06:42.378		0.56489			4
2024.12.23	02:06:46.386		0.56488			4
2024.12.23	02:06:47.072		0.56489			4
2024.12.23	02:06:47.835	0.56486	0.56490			6
2024.12.23	02:06:48.874	0.56488	0.56491			6
2024.12.23	02:06:53.488	0.56489	0.56492			6
2024.12.23	02:07:00.444	0.56489				2
2024.12.23	02:07:01.590	0.56492	0.56496			6
2024.12.23	02:07:01.922	0.56491	0.56494			6
2024.12.23	02:07:02.790	0.56489	0.56492			6
2024.12.23	02:07:10.063	0.56491	0.56493			6
2024.12.23	02:07:10.367	0.56493	0.56495			6
2024.12.23	02:07:10.805		0.56497			4
2024.12.23	02:07:12.349	0.56492	0.56495			6
2024.12.23	02:07:17.962		0.56494			4
2024.12.23	02:07:18.611		0.56495			4
2024.12.23	02:07:20.245	0.56491				2
2024.12.23	02:07:20.834		0.56494			4
2024.12.23	02:07:21.146	0.56488	0.56491			6
2024.12.23	02:07:21.469		0.56492			4
2024.12.23	02:07:25.045	0.56489				2
2024.12.23	02:07:25.957	0.56488				2
2024.12.23	02:07:26.301	0.56489				2
2024.12.23	02:07:26.639	0.56488				2
2024.12.23	02:07:27.328		0.56490			4
2024.12.23	02:07:30.791		0.56491			4
2024.12.23	02:07:38.572	0.56489	0.56492			6
2024.12.23	02:07:40.131	0.56488				2
2024.12.23	02:07:40.434		0.56491			4
2024.12.23	02:07:42.427	0.56487				2
2024.12.23	02:07:44.160	0.56488				2
2024.12.23	02:07:45.154	0.56493	0.56496			6
2024.12.23	02:07:50.545	0.56492				2
2024.12.23	02:07:51.674	0.56493				2
2024.12.23	02:07:56.898	0.56500	0.56503			6
2024.12.23	02:07:57.676	0.56499				2
2024.12.23	02:08:00.426	0.56499				2
2024.12.23	02:08:02.105	0.56502	0.56505			6
2024.12.23	02:08:02.862	0.56501				2
2024.12.23	02:08:03.196		0.56504			4
2024.12.23	02:08:03.942	0.56499	0.56502			6
2024.12.23	02:08:06.022	0.56498				2
2024.12.23	02:08:06.335	0.56499				2
2024.12.23	02:08:10.115	0.56498				2
2024.12.23	02:08:10.889		0.56501			4
2024.12.23	02:08:13.279	0.56495	0.56499			6
2024.12.23	02:08:13.583	0.56496				2
2024.12.23	02:08:15.950	0.56495	0.56498			6
2024.12.23	02:08:16.264	0.56493	0.56496			6
2024.12.23	02:08:16.752		0.56497			4
2024.12.23	02:08:17.118	0.56497	0.56499			6
2024.12.23	02:08:17.571	0.56498	0.56500			6
2024.12.23	02:08:17.907	0.56499				2
2024.12.23	02:08:25.602		0.56501			4
2024.12.23	02:08:30.580		0.56500			4
2024.12.23	02:08:32.447		0.56501			4
2024.12.23	02:08:34.344	0.56501	0.56502			6
2024.12.23	02:08:34.667		0.56503			4
2024.12.23	02:08:35.621	0.56497	0.56500			6
2024.12.23	02:08:35.927	0.56496				2
2024.12.23	02:08:38.605		0.56499			4
2024.12.23	02:08:39.121	0.56498	0.56500			6
2024.12.23	02:08:43.900		0.56501			4
2024.12.23	02:08:46.434	0.56497				2
2024.12.23	02:08:49.215	0.56500	0.56503			6
2024.12.23	02:08:49.615	0.56502	0.56504			6
2024.12.23	02:08:50.643	0.56503	0.56505			6
2024.12.23	02:08:55.566	0.56502				2
2024.12.23	02:08:58.466	0.56503				2
2024.12.23	02:08:59.228	0.56501	0.56504			6
2024.12.23	02:08:59.549	0.56502				2
2024.12.23	02:09:00.679	0.56502	0.56505			6
2024.12.23	02:09:01.302	0.56501	0.56504			6
2024.12.23	02:09:02.360	0.56502	0.56505			6
2024.12.23	02:09:02.666	0.56503	0.56504			6
2024.12.23	02:09:04.957	0.56504	0.56506			6
2024.12.23	02:09:06.786	0.56503	0.56505			6
2024.12.23	02:09:09.253	0.56505	0.56506			6
2024.12.23	02:09:09.567	0.56506	0.56508			6
2024.12.23	02:09:09.888	0.56503	0.56506			6
2024.12.23	02:09:15.256	0.56502	0.56505			6
2024.12.23	02:09:15.641	0.56501				2
2024.12.23	02:09:23.029	0.56502	0.56506			6
2024.12.23	02:09:26.425	0.56501				2
2024.12.23	02:09:30.891	0.56497	0.56501			6
2024.12.23	02:09:31.197	0.56498				2
2024.12.23	02:09:32.398	0.56497				2
2024.12.23	02:09:32.721	0.56498	0.56502			6
2024.12.23	02:09:33.427	0.56497	0.56501			6
2024.12.23	02:09:41.036	0.56500	0.56504			6
2024.12.23	02:09:41.953	0.56499				2
2024.12.23	02:09:43.974	0.56501	0.56505			6
2024.12.23	02:09:44.333	0.56502				2
2024.12.23	02:09:44.780	0.56503				2
2024.12.23	02:09:47.067	0.56502				2
2024.12.23	02:09:51.614	0.56497	0.56501			6
2024.12.23	02:09:58.411	0.56499	0.56503			6
2024.12.23	02:09:59.984	0.56497	0.56502			6
2024.12.23	02:10:00.353	0.56499				2
2024.12.23	02:10:00.670	0.56494	0.56498			6
2024.12.23	02:10:01.458	0.56495	0.56499			6
2024.12.23	02:10:03.376	0.56496				2
2024.12.23	02:10:05.099	0.56495	0.56498			6
2024.12.23	02:10:06.456	0.56494				2
2024.12.23	02:10:09.688	0.56495	0.56499			6
2024.12.23	02:10:12.555	0.56497	0.56500			6
2024.12.23	02:10:12.866		0.56501			4
2024.12.23	02:10:20.881	0.56498				2
2024.12.23	02:10:22.373	0.56497				2
2024.12.23	02:10:22.959	0.56498	0.56502			6
2024.12.23	02:10:23.606		0.56501			4
2024.12.23	02:10:26.598	0.56499	0.56503			6
2024.12.23	02:10:26.902	0.56501	0.56504			6
2024.12.23	02:10:27.928	0.56500				2
2024.12.23	02:10:32.401	0.56496	0.56500			6
2024.12.23	02:10:32.702	0.56495	0.56499			6
2024.12.23	02:10:34.863	0.56496				2
2024.12.23	02:10:35.728	0.56495				2
2024.12.23	02:10:39.777	0.56497	0.56500			6
2024.12.23	02:10:40.083	0.56498	0.56501			6
2024.12.23	02:10:42.490	0.56496	0.56499			6
2024.12.23	02:10:43.489		0.56500			4
2024.12.23	02:10:44.266		0.56499			4
2024.12.23	02:10:46.089		0.56500			4
2024.12.23	02:10:46.702	0.56497	0.56502			6
2024.12.23	02:10:55.897	0.56498	0.56504			6
2024.12.23	02:10:57.005		0.56502			4
2024.12.23	02:10:57.326	0.56497				2
2024.12.23	02:11:01.452	0.56498	0.56503			6
2024.12.23	02:11:02.303	0.56499				2
2024.12.23	02:11:04.376	0.56500	0.56504			6
2024.12.23	02:11:05.278	0.56503	0.56508			6
2024.12.23	02:11:05.586	0.56502				2
2024.12.23	02:11:09.511		0.56507			4
2024.12.23	02:11:15.729	0.56501				2
2024.12.23	02:11:19.471		0.56506			4
2024.12.23	02:11:20.403	0.56502	0.56507			6
2024.12.23	02:11:32.340	0.56501	0.56504			6
2024.12.23	02:11:32.644	0.56499				2
2024.12.23	02:11:38.537	0.56500	0.56505			6
2024.12.23	02:11:40.232		0.56504			4
2024.12.23	02:11:42.034	0.56499				2
2024.12.23	02:11:44.385	0.56500				2
2024.12.23	02:11:44.793	0.56499				2
2024.12.23	02:11:45.452	0.56500				2
2024.12.23	02:11:45.768	0.56499				2
2024.12.23	02:11:56.651	0.56496	0.56500			6
2024.12.23	02:11:56.984	0.56500	0.56504			6
2024.12.23	02:11:57.285	0.56502	0.56505			6
2024.12.23	02:11:58.855		0.56506			4
2024.12.23	02:12:00.418	0.56502				2
2024.12.23	02:12:08.741	0.56501				2
2024.12.23	02:12:10.221	0.56502				2
2024.12.23	02:12:12.388		0.56505			4
2024.12.23	02:12:12.690	0.56500	0.56504			6
2024.12.23	02:12:46.392	0.56501				2
2024.12.23	02:12:46.695	0.56500				2
2024.12.23	02:12:47.300	0.56501	0.56505			6
2024.12.23	02:12:51.769	0.56500	0.56504			6
2024.12.23	02:13:00.480	0.56499	0.56503			6
2024.12.23	02:13:27.408	0.56495	0.56499			6
2024.12.23	02:13:33.038	0.56496	0.56500			6
2024.12.23	02:13:39.308	0.56499	0.56502			6
2024.12.23	02:13:40.239		0.56503			4
2024.12.23	02:13:42.151	0.56497	0.56501			6
2024.12.23	02:13:42.541	0.56499				2
2024.12.23	02:13:42.997	0.56498				2
2024.12.23	02:13:43.307	0.56497				2
2024.12.23	02:13:44.344		0.56500			4
2024.12.23	02:13:46.889	0.56499	0.56501			6
2024.12.23	02:13:47.537	0.56498				2
2024.12.23	02:13:47.846	0.56497				2
2024.12.23	02:13:49.131	0.56499				2
2024.12.23	02:13:52.801	0.56500	0.56504			6
2024.12.23	02:13:53.411	0.56499	0.56502			6
2024.12.23	02:14:00.143	0.56499				2
2024.12.23	02:14:09.826	0.56498	0.56501			6
2024.12.23	02:14:10.197	0.56499				2
2024.12.23	02:14:10.539		0.56502			4
2024.12.23	02:14:20.332	0.56498	0.56501			6
2024.12.23	02:14:20.648	0.56497				2
2024.12.23	02:14:25.357		0.56499			4
2024.12.23	02:14:26.591	0.56496				2
2024.12.23	02:14:32.234	0.56495	0.56498			6
2024.12.23	02:14:33.758		0.56499			4
2024.12.23	02:14:34.863		0.56498			4
2024.12.23	02:14:38.881	0.56493	0.56494			6
2024.12.23	02:14:40.348	0.56494	0.56496			6
2024.12.23	02:14:42.547	0.56493	0.56494			6
2024.12.23	02:14:44.160	0.56492				2
2024.12.23	02:14:47.070	0.56490	0.56493			6
2024.12.23	02:14:47.789	0.56489	0.56492			6
2024.12.23	02:14:48.995	0.56490				2
2024.12.23	02:14:49.484	0.56489				2
2024.12.23	02:14:49.990	0.56490				2
2024.12.23	02:14:52.006	0.56492	0.56494			6
2024.12.23	02:14:58.225		0.56495			4
2024.12.23	02:15:00.482	0.56492				2
2024.12.23	02:15:01.874	0.56493				2
2024.12.23	02:15:04.586	0.56495	0.56496			6
2024.12.23	02:15:05.080	0.56493				2
2024.12.23	02:15:07.105		0.56495			4
2024.12.23	02:15:07.729	0.56492				2
2024.12.23	02:15:10.574	0.56493				2
2024.12.23	02:15:10.921	0.56495	0.56497			6
2024.12.23	02:15:15.209	0.56496	0.56498			6
2024.12.23	02:15:17.314	0.56493	0.56496			6
2024.12.23	02:15:19.931	0.56494	0.56495			6
2024.12.23	02:15:20.245	0.56496	0.56498			6
2024.12.23	02:15:25.395	0.56495				2
2024.12.23	02:15:29.626	0.56494	0.56497			6
2024.12.23	02:15:48.170	0.56495				2
2024.12.23	02:15:48.486		0.56498			4
2024.12.23	02:15:51.539	0.56497	0.56499			6
2024.12.23	02:15:51.921	0.56496				2
2024.12.23	02:15:53.310	0.56495	0.56498			6
2024.12.23	02:15:57.008	0.56496				2
2024.12.23	02:15:58.398	0.56495				2
2024.12.23	02:16:00.321	0.56495				2
2024.12.23	02:16:12.177	0.56492	0.56495			6
2024.12.23	02:16:16.736	0.56493				2
2024.12.23	02:16:17.305	0.56491	0.56494			6
2024.12.23	02:16:18.247		0.56495			4
2024.12.23	02:16:19.849	0.56492				2
2024.12.23	02:16:22.698	0.56491				2
2024.12.23	02:16:23.458	0.56492				2
2024.12.23	02:16:27.099	0.56493				2
2024.12.23	02:16:28.766	0.56492				2
2024.12.23	02:16:29.754	0.56493				2
2024.12.23	02:16:39.786	0.56492				2
2024.12.23	02:16:40.092	0.56494	0.56496			6
2024.12.23	02:16:41.149	0.56495	0.56497			6
2024.12.23	02:16:45.898	0.56494				2
2024.12.23	02:16:47.851	0.56495	0.56498			6
2024.12.23	02:16:49.946	0.56496				2
2024.12.23	02:16:56.784	0.56497				2
2024.12.23	02:17:00.217	0.56497				2
2024.12.23	02:17:12.556		0.56500			4
2024.12.23	02:17:14.187	0.56498				2
2024.12.23	02:17:15.601	0.56501	0.56503			6
2024.12.23	02:17:17.789		0.56504			4
2024.12.23	02:17:18.423	0.56503	0.56505			6
2024.12.23	02:17:18.730	0.56502				2
2024.12.23	02:17:19.040	0.56504	0.56506			6
2024.12.23	02:17:20.869	0.56507	0.56509			6
2024.12.23	02:17:21.184	0.56506				2
2024.12.23	02:17:21.488	0.56507				2
2024.12.23	02:17:23.001		0.56510			4
2024.12.23	02:17:24.238	0.56505	0.56508			6
2024.12.23	02:17:24.841	0.56506	0.56509			6
2024.12.23	02:17:29.095	0.56507	0.56510			6
2024.12.23	02:17:29.699	0.56506	0.56509			6
2024.12.23	02:17:36.397	0.56504	0.56507			6
2024.12.23	02:17:37.101	0.56505	0.56508			6
2024.12.23	02:17:43.333		0.56507			4
2024.12.23	02:17:44.336	0.56504				2
2024.12.23	02:17:46.890	0.56503	0.56506			6
2024.12.23	02:17:49.995	0.56506	0.56509			6
2024.12.23	02:18:00.057	0.56506				2
2024.12.23	02:18:00.662	0.56505	0.56508			6
2024.12.23	02:18:00.978	0.56506	0.56509			6
2024.12.23	02:18:01.314	0.56505	0.56508			6
2024.12.23	02:18:01.613	0.56506	0.56509			6
2024.12.23	02:18:02.456	0.56505	0.56508			6
2024.12.23	02:18:04.486	0.56504	0.56507			6
2024.12.23	02:18:06.201	0.56506	0.56509			6
2024.12.23	02:18:07.389	0.56505	0.56508			6
2024.12.23	02:18:07.712	0.56506	0.56509			6
2024.12.23	02:18:10.232	0.56505	0.56508			6
2024.12.23	02:18:11.135	0.56504	0.56507			6
2024.12.23	02:18:13.557	0.56506	0.56509			6
2024.12.23	02:18:30.185	0.56507	0.56510			6
2024.12.23	02:18:30.497	0.56506	0.56509			6
2024.12.23	02:18:42.561	0.56507	0.56510			6
2024.12.23	02:18:46.021	0.56510	0.56512			6
2024.12.23	02:18:46.326	0.56511	0.56514			6
2024.12.23	02:18:46.649	0.56510	0.56513			6
2024.12.23	02:18:50.581	0.56509	0.56512			6
2024.12.23	02:18:51.186	0.56503	0.56506			6
2024.12.23	02:18:54.560	0.56501	0.56505			6
2024.12.23	02:18:57.400	0.56502				2
2024.12.23	02:18:57.735	0.56501				2
2024.12.23	02:18:59.044	0.56502				2
2024.12.23	02:19:00.253	0.56502				2
2024.12.23	02:19:04.398	0.56500	0.56504			6
2024.12.23	02:19:04.705	0.56501				2
2024.12.23	02:19:05.975	0.56502				2
2024.12.23	02:19:13.423		0.56505			4
2024.12.23	02:19:28.991	0.56501				2
2024.12.23	02:19:32.894	0.56498	0.56502			6
2024.12.23	02:19:33.202	0.56494	0.56497			6
2024.12.23	02:19:33.504	0.56491	0.56495			6
2024.12.23	02:19:35.716	0.56489	0.56493			6
2024.12.23	02:19:39.561	0.56490				2
2024.12.23	02:19:40.664		0.56494			4
2024.12.23	02:19:41.579	0.56491	0.56495			6
2024.12.23	02:19:43.764	0.56492				2
2024.12.23	02:19:45.494	0.56491				2
2024.12.23	02:19:47.520	0.56494	0.56496			6
2024.12.23	02:19:50.826		0.56498			4
2024.12.23	02:19:57.649	0.56495				2
2024.12.23	02:19:57.964	0.56496	0.56499			6
2024.12.23	02:19:58.347		0.56500			4
2024.12.23	02:20:00.212	0.56495	0.56499			6
2024.12.23	02:20:00.558	0.56496	0.56500			6
2024.12.23	02:20:01.324	0.56495	0.56499			6
2024.12.23	02:20:02.572	0.56500	0.56501			6
2024.12.23	02:20:02.875	0.56503	0.56506			6
2024.12.23	02:20:07.559		0.56505			4
2024.12.23	02:20:07.861		0.56506			4
2024.12.23	02:20:08.381		0.56505			4
2024.12.23	02:20:08.719		0.56506			4
2024.12.23	02:20:11.544	0.56502	0.56505			6
2024.12.23	02:20:11.878	0.56499	0.56503			6
2024.12.23	02:20:13.103	0.56500	0.56504			6
2024.12.23	02:20:13.436	0.56501	0.56505			6
2024.12.23	02:20:16.895		0.56504			4
2024.12.23	02:20:17.267	0.56500				2
2024.12.23	02:20:21.064		0.56503			4
2024.12.23	02:20:24.536	0.56507	0.56511			6
2024.12.23	02:20:24.845		0.56510			4
2024.12.23	02:20:25.493	0.56501	0.56505			6
2024.12.23	02:20:29.715		0.56506			4
2024.12.23	02:20:30.720	0.56504	0.56507			6
2024.12.23	02:20:31.025	0.56505				2
2024.12.23	02:20:32.007		0.56508			4
2024.12.23	02:20:32.875	0.56504				2
2024.12.23	02:20:34.278	0.56506	0.56510			6
2024.12.23	02:20:42.216	0.56505				2
2024.12.23	02:20:42.621	0.56506				2
2024.12.23	02:20:45.039	0.56505				2
2024.12.23	02:20:52.526	0.56507	0.56511			6
2024.12.23	02:20:59.450	0.56504	0.56507			6
2024.12.23	02:21:00.574	0.56504				2
2024.12.23	02:21:05.366	0.56498	0.56502			6
2024.12.23	02:21:09.182	0.56499				2
2024.12.23	02:21:09.745	0.56498				2
2024.12.23	02:21:10.133	0.56499				2
2024.12.23	02:21:20.348	0.56500				2
2024.12.23	02:21:30.652	0.56503	0.56506			6
2024.12.23	02:21:31.801	0.56502				2
2024.12.23	02:21:37.932	0.56503				2
2024.12.23	02:21:41.061	0.56502				2
2024.12.23	02:21:41.902		0.56505			4
2024.12.23	02:21:43.018		0.56506			4
2024.12.23	02:21:54.180		0.56505			4
2024.12.23	02:21:54.998	0.56501	0.56504			6
2024.12.23	02:21:58.141	0.56502				2
2024.12.23	02:21:58.533	0.56501				2
2024.12.23	02:21:58.912	0.56502				2
2024.12.23	02:21:59.658	0.56501				2
2024.12.23	02:22:00.033	0.56501				2
2024.12.23	02:22:00.781	0.56502	0.56505			6
2024.12.23	02:22:01.083	0.56501				2
2024.12.23	02:22:06.605	0.56502				2
2024.12.23	02:22:17.349	0.56505	0.56507			6
2024.12.23	02:22:18.577	0.56506	0.56508			6
2024.12.23	02:22:19.546	0.56509	0.56510			6
2024.12.23	02:22:19.865	0.56513	0.56515			6
2024.12.23	02:22:22.241		0.56516			4
2024.12.23	02:22:24.816	0.56515				2
2024.12.23	02:22:25.122	0.56517	0.56520			6
2024.12.23	02:22:28.501	0.56516	0.56519			6
2024.12.23	02:22:28.806		0.56520			4
2024.12.23	02:22:29.187		0.56519			4
2024.12.23	02:22:30.370		0.56520			4
2024.12.23	02:22:33.227	0.56517	0.56521			6
2024.12.23	02:22:34.809	0.56518				2
2024.12.23	02:22:35.865		0.56522			4
