<DATE>	<TIME>	<BID>	<ASK>	<LAST>	<VOLUME>	<FLAGS>
2024.10.18	00:00:00.472	0.60512	0.60661			6
2024.10.18	00:00:01.572		0.60676			4
2024.10.18	00:00:30.086	0.60542	0.60632			6
2024.10.18	00:00:30.835	0.60544				2
2024.10.18	00:01:00.103	0.60544				2
2024.10.18	00:01:00.723	0.60549				2
2024.10.18	00:01:30.606		0.60632			4
2024.10.18	00:02:00.423	0.60552				2
2024.10.18	00:02:41.375		0.60632			4
2024.10.18	00:02:45.692	0.60549	0.60620			6
2024.10.18	00:02:46.750	0.60557				2
2024.10.18	00:02:47.799	0.60560				2
2024.10.18	00:03:47.974	0.60561	0.60620			6
2024.10.18	00:04:04.278	0.60561	0.60621			6
2024.10.18	00:05:29.294	0.60566	0.60621			6
2024.10.18	00:05:30.428	0.60561				2
2024.10.18	00:05:30.737	0.60566				2
2024.10.18	00:05:31.595	0.60567				2
2024.10.18	00:06:02.287	0.60567				2
2024.10.18	00:06:12.432	0.60568				2
2024.10.18	00:06:16.254	0.60571				2
2024.10.18	00:06:31.218		0.60621			4
2024.10.18	00:06:36.444	0.60568				2
2024.10.18	00:06:56.460	0.60567				2
2024.10.18	00:07:01.516	0.60567				2
2024.10.18	00:07:11.741	0.60566				2
2024.10.18	00:07:31.710		0.60621			4
2024.10.18	00:07:41.782	0.60561				2
2024.10.18	00:07:42.116	0.60565				2
2024.10.18	00:07:57.146	0.60566				2
2024.10.18	00:08:04.379	0.60566				2
2024.10.18	00:08:17.323	0.60562				2
2024.10.18	00:08:47.787	0.60566	0.60621			6
2024.10.18	00:09:02.756	0.60566				2
2024.10.18	00:09:30.936		0.60622			4
2024.10.18	00:09:37.915	0.60565				2
2024.10.18	00:09:43.841		0.60615			4
2024.10.18	00:10:00.445	0.60565				2
2024.10.18	00:10:15.804	0.60564				2
2024.10.18	00:10:43.881		0.60615			4
2024.10.18	00:11:07.406	0.60563				2
2024.10.18	00:11:17.592	0.60564				2
2024.10.18	00:11:37.904	0.60566				2
2024.10.18	00:11:39.883	0.60565				2
2024.10.18	00:11:48.076	0.60564	0.60615			6
2024.10.18	00:12:04.323	0.60565				2
2024.10.18	00:12:09.787	0.60564				2
2024.10.18	00:12:46.974	0.60565				2
2024.10.18	00:12:47.765	0.60563				2
2024.10.18	00:12:48.885		0.60615			4
2024.10.18	00:13:04.753	0.60563				2
2024.10.18	00:13:14.887	0.60564				2
2024.10.18	00:13:52.372		0.60615			4
2024.10.18	00:14:00.181	0.60564				2
2024.10.18	00:14:14.965		0.60616			4
2024.10.18	00:14:47.683	0.60563				2
2024.10.18	00:14:49.221		0.60615			4
2024.10.18	00:14:52.236	0.60557				2
2024.10.18	00:14:53.714	0.60558				2
2024.10.18	00:15:02.561	0.60559				2
2024.10.18	00:15:03.613	0.60561				2
2024.10.18	00:15:33.365	0.60562				2
2024.10.18	00:15:35.749	0.60561				2
2024.10.18	00:15:54.245	0.60562	0.60615			6
2024.10.18	00:16:06.946	0.60562				2
2024.10.18	00:16:07.420	0.60565				2
2024.10.18	00:16:08.418	0.60567				2
2024.10.18	00:16:11.655	0.60570				2
2024.10.18	00:16:22.275	0.60572				2
2024.10.18	00:16:28.360	0.60568				2
2024.10.18	00:16:44.882	0.60564				2
2024.10.18	00:16:48.835	0.60563				2
2024.10.18	00:16:49.337	0.60568				2
2024.10.18	00:16:52.876	0.60561				2
2024.10.18	00:17:11.167	0.60561	0.60615			6
2024.10.18	00:17:11.670	0.60562	0.60621			6
2024.10.18	00:17:12.120	0.60561				2
2024.10.18	00:17:12.763	0.60562				2
2024.10.18	00:17:15.329	0.60561				2
2024.10.18	00:17:17.767	0.60562				2
2024.10.18	00:17:25.199	0.60564				2
2024.10.18	00:17:45.213	0.60567				2
2024.10.18	00:17:55.257	0.60568				2
2024.10.18	00:18:00.375	0.60568				2
2024.10.18	00:18:05.240	0.60569				2
2024.10.18	00:18:12.499		0.60621			4
2024.10.18	00:18:15.884	0.60566				2
2024.10.18	00:18:24.538	0.60563				2
2024.10.18	00:18:24.958	0.60562				2
2024.10.18	00:18:26.366	0.60563				2
2024.10.18	00:18:54.697	0.60564				2
2024.10.18	00:18:56.827	0.60563				2
2024.10.18	00:19:17.232	0.60564	0.60621			6
2024.10.18	00:19:29.250	0.60563				2
2024.10.18	00:19:37.688	0.60564				2
2024.10.18	00:19:44.327	0.60563				2
2024.10.18	00:19:45.163	0.60564	0.60615			6
2024.10.18	00:19:49.194	0.60567				2
2024.10.18	00:19:53.426	0.60566				2
2024.10.18	00:19:57.061	0.60565				2
2024.10.18	00:20:08.415	0.60566				2
2024.10.18	00:20:17.975	0.60565				2
2024.10.18	00:21:16.263	0.60565	0.60615			6
2024.10.18	00:21:28.564	0.60564				2
2024.10.18	00:21:29.902	0.60563				2
2024.10.18	00:21:42.730	0.60562				2
2024.10.18	00:21:47.980	0.60563				2
2024.10.18	00:22:02.914	0.60563				2
2024.10.18	00:22:07.270	0.60562				2
2024.10.18	00:22:44.961		0.60615			4
2024.10.18	00:23:06.969	0.60562				2
2024.10.18	00:23:32.989	0.60561				2
2024.10.18	00:24:31.262	0.60561	0.60615			6
2024.10.18	00:25:05.619	0.60561				2
2024.10.18	00:25:22.001	0.60560				2
2024.10.18	00:25:32.928	0.60561	0.60615			6
2024.10.18	00:25:48.662	0.60560				2
2024.10.18	00:26:10.319	0.60560				2
2024.10.18	00:26:49.316		0.60615			4
2024.10.18	00:28:21.876	0.60561	0.60615			6
2024.10.18	00:28:22.364	0.60562				2
2024.10.18	00:28:25.265	0.60561				2
2024.10.18	00:28:41.199	0.60562				2
2024.10.18	00:28:47.187	0.60561				2
2024.10.18	00:28:51.968	0.60562				2
2024.10.18	00:30:00.449	0.60560	0.60615			6
2024.10.18	00:30:02.623	0.60561				2
2024.10.18	00:30:05.434	0.60560				2
2024.10.18	00:30:12.158	0.60561				2
2024.10.18	00:30:15.806	0.60562				2
2024.10.18	00:30:22.060	0.60561				2
2024.10.18	00:30:22.391	0.60559				2
2024.10.18	00:30:37.967	0.60558				2
2024.10.18	00:30:38.284	0.60559				2
2024.10.18	00:30:45.412	0.60561				2
2024.10.18	00:30:50.163	0.60562				2
2024.10.18	00:31:01.944	0.60559	0.60615			6
2024.10.18	00:31:02.366	0.60558				2
2024.10.18	00:31:06.255	0.60562				2
2024.10.18	00:31:21.405	0.60560				2
2024.10.18	00:31:35.886	0.60558				2
2024.10.18	00:31:36.360	0.60559				2
2024.10.18	00:31:41.035	0.60562				2
2024.10.18	00:31:59.239	0.60558				2
2024.10.18	00:32:13.670	0.60558	0.60615			6
2024.10.18	00:32:17.901	0.60560				2
2024.10.18	00:32:19.874	0.60563				2
2024.10.18	00:32:24.954	0.60562				2
2024.10.18	00:32:33.963	0.60561				2
2024.10.18	00:32:54.310	0.60560				2
2024.10.18	00:33:04.111	0.60560				2
2024.10.18	00:33:07.589	0.60559				2
2024.10.18	00:33:08.589	0.60558				2
2024.10.18	00:33:10.120	0.60557				2
2024.10.18	00:33:16.910	0.60558	0.60615			6
2024.10.18	00:33:17.310	0.60557				2
2024.10.18	00:33:27.154	0.60558				2
2024.10.18	00:33:40.376	0.60559				2
2024.10.18	00:33:47.993		0.60613			4
2024.10.18	00:33:48.313	0.60557				2
2024.10.18	00:33:52.962	0.60558				2
2024.10.18	00:34:13.275	0.60559	0.60615			6
2024.10.18	00:34:13.874		0.60614			4
2024.10.18	00:34:21.026	0.60558	0.60615			6
2024.10.18	00:34:22.214		0.60614			4
2024.10.18	00:34:36.112		0.60615			4
2024.10.18	00:34:55.109		0.60614			4
2024.10.18	00:34:56.760		0.60612			4
2024.10.18	00:35:03.037	0.60557	0.60609			6
2024.10.18	00:35:09.632		0.60610			4
2024.10.18	00:35:10.034		0.60608			4
2024.10.18	00:35:24.749		0.60613			4
2024.10.18	00:35:25.094	0.60558	0.60612			6
2024.10.18	00:35:25.406		0.60609			4
2024.10.18	00:35:35.963	0.60557				2
2024.10.18	00:35:38.138	0.60556				2
2024.10.18	00:35:42.644	0.60557				2
2024.10.18	00:35:43.030	0.60556				2
2024.10.18	00:35:46.224	0.60557				2
2024.10.18	00:35:58.257	0.60556				2
2024.10.18	00:36:01.546	0.60557				2
2024.10.18	00:36:05.926		0.60608			4
2024.10.18	00:36:08.617		0.60610			4
2024.10.18	00:36:13.582	0.60558	0.60608			6
2024.10.18	00:36:14.027	0.60556				2
2024.10.18	00:36:16.803	0.60557				2
2024.10.18	00:36:18.964	0.60558				2
2024.10.18	00:36:20.911	0.60557				2
2024.10.18	00:36:21.371		0.60610			4
2024.10.18	00:36:26.163		0.60609			4
2024.10.18	00:36:26.989	0.60558	0.60608			6
2024.10.18	00:36:27.373	0.60556				2
2024.10.18	00:36:33.287	0.60557				2
2024.10.18	00:36:35.190	0.60559				2
2024.10.18	00:36:35.531	0.60560				2
2024.10.18	00:36:36.070	0.60559				2
2024.10.18	00:36:37.238	0.60557				2
2024.10.18	00:36:43.582	0.60558				2
2024.10.18	00:36:47.407	0.60557				2
2024.10.18	00:36:58.352	0.60558				2
2024.10.18	00:36:58.744	0.60557				2
2024.10.18	00:36:59.100	0.60558				2
2024.10.18	00:37:00.296	0.60557	0.60607			6
2024.10.18	00:37:01.774	0.60558	0.60608			6
2024.10.18	00:37:02.566	0.60557				2
2024.10.18	00:37:04.139	0.60558				2
2024.10.18	00:37:04.929	0.60559				2
2024.10.18	00:37:07.832		0.60609			4
2024.10.18	00:37:08.499	0.60558	0.60608			6
2024.10.18	00:37:08.924	0.60559				2
2024.10.18	00:37:09.319	0.60558	0.60607			6
2024.10.18	00:37:10.971	0.60557				2
2024.10.18	00:37:14.126	0.60558	0.60608			6
2024.10.18	00:37:17.981		0.60607			4
2024.10.18	00:37:28.187	0.60559	0.60608			6
2024.10.18	00:37:29.255	0.60560				2
2024.10.18	00:37:29.722		0.60609			4
2024.10.18	00:37:30.300	0.60558	0.60607			6
2024.10.18	00:37:30.650	0.60559	0.60608			6
2024.10.18	00:37:31.467	0.60558	0.60607			6
2024.10.18	00:37:35.166	0.60559	0.60608			6
2024.10.18	00:37:42.631		0.60607			4
2024.10.18	00:37:44.396		0.60608			4
2024.10.18	00:37:47.857	0.60558	0.60607			6
2024.10.18	00:37:48.283	0.60557	0.60606			6
2024.10.18	00:37:49.734	0.60559	0.60607			6
2024.10.18	00:37:54.673	0.60558	0.60606			6
2024.10.18	00:37:59.226	0.60559	0.60607			6
2024.10.18	00:38:00.085	0.60559				2
2024.10.18	00:38:01.945		0.60606			4
2024.10.18	00:38:02.269	0.60558				2
2024.10.18	00:38:05.336	0.60559	0.60607			6
2024.10.18	00:38:10.542		0.60606			4
2024.10.18	00:38:14.163	0.60558				2
2024.10.18	00:38:16.862	0.60557	0.60605			6
2024.10.18	00:38:19.194	0.60559	0.60607			6
2024.10.18	00:38:19.864		0.60606			4
2024.10.18	00:38:42.210	0.60560	0.60607			6
2024.10.18	00:38:49.817	0.60559	0.60606			6
2024.10.18	00:38:53.160	0.60558	0.60605			6
2024.10.18	00:39:00.012	0.60559				2
2024.10.18	00:39:03.128	0.60560	0.60607			6
2024.10.18	00:39:03.975		0.60606			4
2024.10.18	00:39:07.745		0.60607			4
2024.10.18	00:39:08.136	0.60559	0.60606			6
2024.10.18	00:39:10.675	0.60558	0.60605			6
2024.10.18	00:39:15.361	0.60559				2
2024.10.18	00:39:16.133	0.60560	0.60606			6
2024.10.18	00:39:16.617	0.60561	0.60607			6
2024.10.18	00:39:17.128	0.60559	0.60605			6
2024.10.18	00:39:20.935	0.60558	0.60604			6
2024.10.18	00:39:21.681		0.60605			4
2024.10.18	00:39:23.164	0.60559				2
2024.10.18	00:39:30.889	0.60560	0.60606			6
2024.10.18	00:39:40.300	0.60559	0.60604			6
2024.10.18	00:39:40.614	0.60558				2
2024.10.18	00:39:46.431		0.60605			4
2024.10.18	00:39:50.720	0.60559				2
2024.10.18	00:39:57.311		0.60604			4
2024.10.18	00:39:57.702	0.60558				2
2024.10.18	00:39:58.160	0.60560	0.60605			6
2024.10.18	00:39:58.473	0.60558	0.60603			6
2024.10.18	00:40:00.881	0.60559	0.60605			6
2024.10.18	00:40:03.207	0.60560	0.60606			6
2024.10.18	00:40:03.607		0.60605			4
2024.10.18	00:40:03.940	0.60559				2
2024.10.18	00:40:05.220		0.60604			4
2024.10.18	00:40:10.951	0.60560	0.60605			6
2024.10.18	00:40:11.305	0.60558	0.60604			6
2024.10.18	00:40:11.615	0.60560				2
2024.10.18	00:40:11.920		0.60606			4
2024.10.18	00:40:17.166		0.60605			4
2024.10.18	00:40:18.421	0.60561	0.60606			6
2024.10.18	00:40:18.834	0.60560				2
2024.10.18	00:40:21.160	0.60561				2
2024.10.18	00:40:22.211	0.60560				2
2024.10.18	00:40:29.704	0.60561				2
2024.10.18	00:40:32.854		0.60607			4
2024.10.18	00:40:33.320	0.60560	0.60606			6
2024.10.18	00:40:34.124	0.60561	0.60607			6
2024.10.18	00:40:34.516	0.60560	0.60605			6
2024.10.18	00:40:37.929	0.60559				2
2024.10.18	00:40:40.902	0.60561	0.60607			6
2024.10.18	00:40:41.313	0.60562	0.60608			6
2024.10.18	00:40:42.546	0.60560	0.60606			6
2024.10.18	00:40:52.564		0.60605			4
2024.10.18	00:40:54.257	0.60559				2
2024.10.18	00:41:00.603	0.60559				2
2024.10.18	00:41:02.171	0.60561	0.60607			6
2024.10.18	00:41:02.609	0.60559	0.60605			6
2024.10.18	00:41:03.107	0.60560	0.60606			6
2024.10.18	00:41:07.322	0.60559	0.60604			6
2024.10.18	00:41:22.392	0.60560	0.60606			6
2024.10.18	00:41:22.841		0.60605			4
2024.10.18	00:41:23.905	0.60561	0.60606			6
2024.10.18	00:41:32.395	0.60560	0.60605			6
2024.10.18	00:41:42.975	0.60561	0.60607			6
2024.10.18	00:41:43.360	0.60560	0.60606			6
2024.10.18	00:41:49.431	0.60561				2
2024.10.18	00:41:51.327	0.60562	0.60607			6
2024.10.18	00:41:52.274	0.60560	0.60606			6
2024.10.18	00:41:52.983	0.60561				2
2024.10.18	00:41:56.139	0.60560				2
2024.10.18	00:42:00.229	0.60560				2
2024.10.18	00:42:02.318	0.60561	0.60607			6
2024.10.18	00:42:05.751	0.60559	0.60604			6
2024.10.18	00:42:07.061		0.60605			4
2024.10.18	00:42:09.417	0.60560	0.60606			6
2024.10.18	00:42:12.203		0.60603			4
2024.10.18	00:42:12.761		0.60604			4
2024.10.18	00:42:24.806		0.60605			4
2024.10.18	00:42:25.429	0.60559				2
2024.10.18	00:42:28.935	0.60560	0.60606			6
2024.10.18	00:42:40.737	0.60559				2
2024.10.18	00:42:48.996	0.60560				2
2024.10.18	00:42:49.502	0.60558	0.60605			6
2024.10.18	00:43:01.375	0.60558				2
2024.10.18	00:43:02.036	0.60559				2
2024.10.18	00:43:02.712	0.60558	0.60604			6
2024.10.18	00:43:04.409		0.60605			4
2024.10.18	00:43:07.119	0.60557	0.60604			6
2024.10.18	00:43:10.599	0.60558				2
2024.10.18	00:43:11.239	0.60559	0.60605			6
2024.10.18	00:43:13.775		0.60606			4
2024.10.18	00:43:27.408	0.60560	0.60607			6
2024.10.18	00:43:44.206	0.60559				2
2024.10.18	00:43:54.529	0.60560				2
2024.10.18	00:43:55.743	0.60559	0.60606			6
2024.10.18	00:43:57.201	0.60560				2
2024.10.18	00:43:57.944	0.60559	0.60607			6
2024.10.18	00:43:58.329		0.60605			4
2024.10.18	00:43:59.288	0.60558				2
2024.10.18	00:44:04.412	0.60558				2
2024.10.18	00:44:18.312	0.60559				2
2024.10.18	00:44:20.579	0.60560	0.60606			6
2024.10.18	00:44:21.017	0.60559				2
2024.10.18	00:44:25.447	0.60560				2
2024.10.18	00:44:25.747	0.60559				2
2024.10.18	00:44:30.784	0.60558	0.60605			6
2024.10.18	00:44:31.307	0.60559	0.60606			6
2024.10.18	00:44:35.640	0.60558	0.60605			6
2024.10.18	00:44:36.244	0.60557	0.60604			6
2024.10.18	00:44:39.758	0.60558				2
2024.10.18	00:44:49.775	0.60557				2
2024.10.18	00:44:52.219	0.60556	0.60603			6
2024.10.18	00:44:52.575	0.60555	0.60602			6
2024.10.18	00:44:52.975	0.60557	0.60603			6
2024.10.18	00:44:56.901		0.60604			4
2024.10.18	00:44:57.283	0.60556	0.60603			6
2024.10.18	00:45:02.089	0.60556				2
2024.10.18	00:45:04.046	0.60557				2
2024.10.18	00:45:04.343		0.60604			4
2024.10.18	00:45:07.531	0.60572	0.60590			6
2024.10.18	00:45:09.179	0.60571	0.60589			6
2024.10.18	00:45:12.527	0.60570	0.60588			6
2024.10.18	00:45:18.332	0.60571	0.60589			6
2024.10.18	00:45:19.231	0.60572	0.60590			6
2024.10.18	00:45:38.906	0.60570	0.60588			6
2024.10.18	00:45:40.744	0.60571				2
2024.10.18	00:45:55.830	0.60572	0.60590			6
2024.10.18	00:46:14.071	0.60572				2
2024.10.18	00:46:14.463	0.60569	0.60587			6
2024.10.18	00:46:33.263	0.60570	0.60588			6
2024.10.18	00:46:35.685	0.60569	0.60587			6
2024.10.18	00:46:50.489		0.60588			4
2024.10.18	00:46:52.231		0.60587			4
2024.10.18	00:46:59.501		0.60588			4
2024.10.18	00:46:59.836		0.60587			4
2024.10.18	00:47:00.455	0.60569				2
2024.10.18	00:47:00.864		0.60588			4
2024.10.18	00:47:02.065	0.60568	0.60589			6
2024.10.18	00:47:03.991	0.60569	0.60588			6
2024.10.18	00:47:13.432	0.60570				2
2024.10.18	00:47:16.734		0.60589			4
2024.10.18	00:47:20.949	0.60569	0.60588			6
2024.10.18	00:47:35.393		0.60587			4
2024.10.18	00:47:35.705		0.60588			4
2024.10.18	00:47:54.632	0.60568				2
2024.10.18	00:47:59.399	0.60569				2
2024.10.18	00:48:00.932	0.60569				2
2024.10.18	00:48:04.497	0.60568				2
2024.10.18	00:48:24.668	0.60569				2
2024.10.18	00:48:27.536	0.60568				2
2024.10.18	00:48:30.135	0.60569				2
2024.10.18	00:48:34.409	0.60568				2
2024.10.18	00:48:35.134	0.60567	0.60587			6
2024.10.18	00:48:36.356	0.60568	0.60588			6
2024.10.18	00:48:40.339	0.60569	0.60589			6
2024.10.18	00:48:44.167	0.60568	0.60588			6
2024.10.18	00:49:01.383	0.60568				2
2024.10.18	00:49:11.552	0.60567	0.60587			6
2024.10.18	00:49:13.651	0.60568	0.60589			6
2024.10.18	00:49:23.334		0.60588			4
2024.10.18	00:49:34.360	0.60567	0.60587			6
2024.10.18	00:49:35.278	0.60568	0.60588			6
2024.10.18	00:50:00.218	0.60568				2
2024.10.18	00:50:32.372	0.60567				2
2024.10.18	00:50:36.870		0.60588			4
2024.10.18	00:50:52.400	0.60568	0.60589			6
2024.10.18	00:51:00.430	0.60569	0.60590			6
2024.10.18	00:51:01.613		0.60591			4
2024.10.18	00:51:03.132		0.60590			4
2024.10.18	00:51:07.521	0.60567	0.60588			6
2024.10.18	00:51:08.655	0.60569	0.60591			6
2024.10.18	00:51:15.265		0.60590			4
2024.10.18	00:51:19.284	0.60570	0.60592			6
2024.10.18	00:51:33.812	0.60566	0.60588			6
2024.10.18	00:51:41.496	0.60570	0.60591			6
2024.10.18	00:51:43.134	0.60566	0.60589			6
2024.10.18	00:51:43.939	0.60570	0.60592			6
2024.10.18	00:51:55.697	0.60571	0.60593			6
2024.10.18	00:52:00.109	0.60570	0.60592			6
2024.10.18	00:52:00.953	0.60571	0.60593			6
2024.10.18	00:52:08.395	0.60572				2
2024.10.18	00:52:09.024	0.60571				2
2024.10.18	00:52:10.312	0.60573	0.60594			6
2024.10.18	00:52:11.308	0.60571	0.60591			6
2024.10.18	00:52:31.721		0.60592			4
2024.10.18	00:52:42.173		0.60593			4
2024.10.18	00:52:45.504		0.60592			4
2024.10.18	00:52:56.473	0.60570				2
2024.10.18	00:53:01.374	0.60570				2
2024.10.18	00:53:02.130	0.60569	0.60591			6
2024.10.18	00:53:03.748	0.60570	0.60592			6
2024.10.18	00:53:32.942	0.60571				2
2024.10.18	00:53:45.169		0.60593			4
2024.10.18	00:54:01.306	0.60571				2
2024.10.18	00:54:44.702	0.60572	0.60594			6
2024.10.18	00:54:47.934	0.60570	0.60593			6
2024.10.18	00:54:59.699	0.60572	0.60594			6
2024.10.18	00:55:01.241	0.60572				2
2024.10.18	00:55:10.548	0.60571	0.60593			6
2024.10.18	00:55:43.197		0.60594			4
2024.10.18	00:56:00.426	0.60571				2
2024.10.18	00:56:02.607	0.60573	0.60595			6
2024.10.18	00:56:05.554	0.60571	0.60594			6
2024.10.18	00:56:05.914	0.60570	0.60593			6
2024.10.18	00:56:07.002	0.60571				2
2024.10.18	00:56:07.417	0.60572	0.60594			6
2024.10.18	00:56:08.139	0.60571				2
2024.10.18	00:56:08.744	0.60570	0.60592			6
2024.10.18	00:56:09.829	0.60572	0.60594			6
2024.10.18	00:56:11.128	0.60573	0.60595			6
2024.10.18	00:56:17.523	0.60572	0.60594			6
2024.10.18	00:56:18.255	0.60570	0.60593			6
2024.10.18	00:56:19.067	0.60574	0.60596			6
2024.10.18	00:56:19.376	0.60575	0.60598			6
2024.10.18	00:56:19.754		0.60597			4
2024.10.18	00:56:24.657		0.60598			4
2024.10.18	00:56:29.125		0.60599			4
2024.10.18	00:56:30.103		0.60598			4
2024.10.18	00:56:32.260	0.60574				2
2024.10.18	00:56:34.472		0.60597			4
2024.10.18	00:56:34.941	0.60576	0.60600			6
2024.10.18	00:56:35.348		0.60599			4
2024.10.18	00:56:36.342		0.60600			4
2024.10.18	00:56:40.174		0.60598			4
2024.10.18	00:56:40.482	0.60577	0.60601			6
2024.10.18	00:56:42.027	0.60576	0.60600			6
2024.10.18	00:56:43.612	0.60577				2
2024.10.18	00:56:50.229		0.60599			4
2024.10.18	00:56:51.130		0.60601			4
2024.10.18	00:56:53.248	0.60576	0.60598			6
2024.10.18	00:56:54.580	0.60575				2
2024.10.18	00:56:54.912		0.60599			4
2024.10.18	00:56:55.222	0.60578	0.60600			6
2024.10.18	00:56:55.546	0.60576	0.60601			6
2024.10.18	00:56:56.002		0.60600			4
2024.10.18	00:57:05.930	0.60576				2
2024.10.18	00:57:10.273		0.60601			4
2024.10.18	00:57:11.090	0.60578				2
2024.10.18	00:57:17.003	0.60579				2
2024.10.18	00:57:19.598	0.60576				2
2024.10.18	00:57:19.984		0.60600			4
2024.10.18	00:57:20.438		0.60601			4
2024.10.18	00:57:25.438	0.60575	0.60600			6
2024.10.18	00:57:25.980	0.60574	0.60599			6
2024.10.18	00:57:26.370	0.60577	0.60601			6
2024.10.18	00:57:28.491	0.60576				2
2024.10.18	00:57:34.474	0.60578				2
2024.10.18	00:57:34.949	0.60575	0.60599			6
2024.10.18	00:57:42.177	0.60578	0.60601			6
2024.10.18	00:57:44.027	0.60575	0.60599			6
2024.10.18	00:57:50.289	0.60576	0.60601			6
2024.10.18	00:57:51.064	0.60579				2
2024.10.18	00:57:55.245	0.60578				2
2024.10.18	00:58:00.340	0.60578				2
2024.10.18	00:58:04.069	0.60575	0.60600			6
2024.10.18	00:58:04.521		0.60598			4
2024.10.18	00:58:04.909	0.60574	0.60599			6
2024.10.18	00:58:05.240	0.60575	0.60600			6
2024.10.18	00:58:05.635	0.60578	0.60599			6
2024.10.18	00:58:05.937	0.60576	0.60601			6
2024.10.18	00:58:10.234	0.60575				2
2024.10.18	00:58:34.524	0.60576				2
2024.10.18	00:58:35.526	0.60575				2
2024.10.18	00:59:00.370	0.60575				2
2024.10.18	00:59:05.025	0.60576				2
2024.10.18	00:59:08.874	0.60575	0.60601			6
2024.10.18	00:59:18.910	0.60576				2
2024.10.18	00:59:30.832	0.60575				2
2024.10.18	00:59:35.162	0.60574				2
2024.10.18	00:59:36.010		0.60600			4
2024.10.18	00:59:39.007	0.60573				2
2024.10.18	00:59:39.360	0.60574	0.60601			6
2024.10.18	00:59:42.157		0.60600			4
2024.10.18	00:59:42.559		0.60601			4
2024.10.18	00:59:52.078	0.60575				2
2024.10.18	01:00:00.313	0.60573	0.60595			6
2024.10.18	01:00:00.937	0.60572				2
2024.10.18	01:00:01.878		0.60594			4
2024.10.18	01:00:02.194	0.60569	0.60595			6
2024.10.18	01:00:02.566	0.60567	0.60594			6
2024.10.18	01:00:02.971	0.60569	0.60595			6
2024.10.18	01:00:03.377	0.60568	0.60594			6
2024.10.18	01:00:03.732	0.60571	0.60595			6
2024.10.18	01:00:04.345	0.60581				2
2024.10.18	01:00:04.666	0.60575	0.60587			6
2024.10.18	01:00:31.241	0.60576				2
2024.10.18	01:00:31.572		0.60588			4
2024.10.18	01:00:33.211		0.60589			4
2024.10.18	01:00:40.396		0.60587			4
2024.10.18	01:00:43.696		0.60585			4
2024.10.18	01:00:45.760		0.60582			4
2024.10.18	01:00:46.758		0.60580			4
2024.10.18	01:01:00.321	0.60576				2
2024.10.18	01:01:00.629		0.60582			4
2024.10.18	01:01:01.761		0.60585			4
2024.10.18	01:01:07.701	0.60582	0.60590			6
2024.10.18	01:01:18.353	0.60581				2
2024.10.18	01:01:21.831	0.60582				2
2024.10.18	01:01:37.425	0.60583				2
2024.10.18	01:01:43.136	0.60582				2
2024.10.18	01:02:00.403	0.60582				2
2024.10.18	01:02:07.774		0.60590			4
2024.10.18	01:02:46.742	0.60585	0.60592			6
2024.10.18	01:02:51.575		0.60590			4
2024.10.18	01:02:56.834	0.60584				2
2024.10.18	01:03:01.238	0.60584				2
2024.10.18	01:03:19.571		0.60593			4
2024.10.18	01:04:01.374	0.60584				2
2024.10.18	01:04:21.373		0.60593			4
2024.10.18	01:04:22.689	0.60585				2
2024.10.18	01:04:26.590	0.60584				2
2024.10.18	01:04:28.377	0.60585	0.60594			6
2024.10.18	01:05:00.353	0.60588	0.60592			6
2024.10.18	01:05:26.127	0.60590	0.60596			6
2024.10.18	01:05:27.994		0.60595			4
2024.10.18	01:06:00.609	0.60590				2
2024.10.18	01:06:08.164	0.60594	0.60598			6
2024.10.18	01:06:15.706	0.60595				2
2024.10.18	01:06:20.062	0.60597	0.60601			6
2024.10.18	01:06:23.247	0.60598				2
2024.10.18	01:06:28.779	0.60597				2
2024.10.18	01:07:00.230	0.60597				2
2024.10.18	01:07:20.116		0.60601			4
2024.10.18	01:07:25.769	0.60601	0.60605			6
2024.10.18	01:07:26.085	0.60602				2
2024.10.18	01:07:26.894	0.60601				2
2024.10.18	01:07:28.727	0.60602				2
2024.10.18	01:07:32.567	0.60601				2
2024.10.18	01:07:35.171	0.60602				2
2024.10.18	01:07:40.683	0.60601	0.60606			6
2024.10.18	01:07:58.087	0.60605	0.60610			6
2024.10.18	01:08:00.306	0.60605				2
2024.10.18	01:08:33.056	0.60604	0.60608			6
2024.10.18	01:08:33.371	0.60603				2
2024.10.18	01:08:37.429	0.60602	0.60606			6
2024.10.18	01:08:37.774	0.60601				2
2024.10.18	01:08:45.261	0.60600	0.60605			6
2024.10.18	01:08:53.230	0.60599	0.60604			6
2024.10.18	01:08:57.903		0.60602			4
2024.10.18	01:09:00.314	0.60599				2
2024.10.18	01:09:01.434	0.60595	0.60600			6
2024.10.18	01:09:01.738	0.60596				2
2024.10.18	01:09:05.753	0.60595				2
2024.10.18	01:09:08.176	0.60594				2
2024.10.18	01:09:17.462	0.60595				2
2024.10.18	01:09:37.434	0.60594				2
2024.10.18	01:09:57.024	0.60595				2
2024.10.18	01:10:00.477	0.60595				2
2024.10.18	01:10:01.714		0.60600			4
2024.10.18	01:11:00.478	0.60595				2
2024.10.18	01:11:02.235		0.60600			4
2024.10.18	01:11:11.562	0.60597				2
2024.10.18	01:11:21.736	0.60598				2
2024.10.18	01:11:24.292	0.60597				2
2024.10.18	01:11:37.181	0.60601	0.60607			6
2024.10.18	01:11:37.656	0.60603	0.60610			6
2024.10.18	01:11:40.112	0.60604				2
2024.10.18	01:11:58.114	0.60605				2
2024.10.18	01:12:00.825	0.60604				2
2024.10.18	01:12:01.735	0.60605				2
2024.10.18	01:12:05.884	0.60604				2
2024.10.18	01:12:09.150	0.60607				2
2024.10.18	01:12:09.467	0.60608	0.60615			6
2024.10.18	01:12:11.294		0.60614			4
2024.10.18	01:12:11.596		0.60615			4
2024.10.18	01:12:23.636	0.60607	0.60616			6
2024.10.18	01:12:24.554	0.60605	0.60613			6
2024.10.18	01:12:37.131	0.60604				2
2024.10.18	01:12:41.971	0.60605				2
2024.10.18	01:12:44.020		0.60612			4
2024.10.18	01:12:45.845	0.60604				2
2024.10.18	01:12:46.893	0.60605				2
2024.10.18	01:12:47.741	0.60604				2
2024.10.18	01:12:55.377	0.60605				2
2024.10.18	01:12:57.233		0.60611			4
2024.10.18	01:12:59.634		0.60612			4
2024.10.18	01:13:01.005	0.60605	0.60611			6
2024.10.18	01:13:01.621		0.60612			4
2024.10.18	01:13:02.590	0.60606				2
2024.10.18	01:13:10.646	0.60607				2
2024.10.18	01:13:12.094	0.60605				2
2024.10.18	01:13:12.398	0.60607				2
2024.10.18	01:13:15.430	0.60609	0.60613			6
2024.10.18	01:13:15.768	0.60608				2
2024.10.18	01:13:31.357	0.60607	0.60612			6
2024.10.18	01:13:33.174	0.60608				2
2024.10.18	01:13:44.267	0.60606	0.60611			6
2024.10.18	01:13:46.241	0.60607				2
2024.10.18	01:13:46.584	0.60606				2
2024.10.18	01:13:47.136		0.60612			4
2024.10.18	01:13:47.448	0.60607				2
2024.10.18	01:13:52.545		0.60613			4
2024.10.18	01:13:52.896	0.60608				2
2024.10.18	01:13:56.086	0.60609	0.60614			6
2024.10.18	01:14:01.276	0.60609				2
2024.10.18	01:14:10.022	0.60617	0.60620			6
2024.10.18	01:14:10.327	0.60614	0.60619			6
2024.10.18	01:14:10.681	0.60608	0.60611			6
2024.10.18	01:14:16.290	0.60609	0.60612			6
2024.10.18	01:14:16.592	0.60608				2
2024.10.18	01:14:53.205		0.60613			4
2024.10.18	01:15:00.364	0.60607				2
2024.10.18	01:15:02.046		0.60612			4
2024.10.18	01:15:04.347	0.60606	0.60611			6
2024.10.18	01:15:10.322	0.60607				2
2024.10.18	01:15:10.652	0.60608				2
2024.10.18	01:15:10.964	0.60607				2
2024.10.18	01:15:28.642	0.60608				2
2024.10.18	01:15:42.463	0.60605	0.60609			6
2024.10.18	01:16:00.446	0.60605				2
2024.10.18	01:16:13.690	0.60602	0.60608			6
2024.10.18	01:16:18.220	0.60603				2
2024.10.18	01:16:19.604	0.60604				2
2024.10.18	01:16:20.819	0.60603				2
2024.10.18	01:16:21.123	0.60604				2
2024.10.18	01:16:42.952	0.60603				2
2024.10.18	01:17:00.931	0.60603				2
2024.10.18	01:17:01.376	0.60609	0.60613			6
2024.10.18	01:17:04.385	0.60608				2
2024.10.18	01:17:13.585		0.60612			4
2024.10.18	01:17:22.589		0.60613			4
2024.10.18	01:17:28.301	0.60610	0.60614			6
2024.10.18	01:17:32.853	0.60609				2
2024.10.18	01:17:47.029	0.60608	0.60612			6
2024.10.18	01:17:57.592	0.60613	0.60617			6
2024.10.18	01:18:00.005	0.60613				2
2024.10.18	01:18:00.355		0.60618			4
2024.10.18	01:18:01.377	0.60612	0.60617			6
2024.10.18	01:18:14.315		0.60616			4
2024.10.18	01:18:23.454	0.60611				2
2024.10.18	01:18:32.444	0.60612	0.60617			6
2024.10.18	01:18:34.637	0.60613				2
2024.10.18	01:18:35.216	0.60612				2
2024.10.18	01:18:35.579	0.60611				2
2024.10.18	01:18:35.885	0.60610	0.60616			6
2024.10.18	01:18:37.659		0.60615			4
2024.10.18	01:18:53.820	0.60611				2
2024.10.18	01:18:54.329	0.60612	0.60616			6
2024.10.18	01:18:56.123	0.60608	0.60613			6
2024.10.18	01:18:56.443	0.60609				2
2024.10.18	01:18:56.956		0.60611			4
2024.10.18	01:18:58.188	0.60610	0.60613			6
2024.10.18	01:19:02.099	0.60609	0.60612			6
2024.10.18	01:19:03.941	0.60608				2
2024.10.18	01:19:04.413		0.60613			4
2024.10.18	01:19:04.739	0.60609				2
2024.10.18	01:19:12.106	0.60606	0.60611			6
2024.10.18	01:19:12.415	0.60605				2
2024.10.18	01:19:13.159		0.60610			4
2024.10.18	01:19:13.463	0.60606				2
2024.10.18	01:19:22.072		0.60611			4
2024.10.18	01:19:22.383	0.60607				2
2024.10.18	01:19:26.518	0.60608				2
2024.10.18	01:19:30.069	0.60609	0.60612			6
2024.10.18	01:19:33.819	0.60610				2
2024.10.18	01:19:39.815		0.60613			4
2024.10.18	01:19:43.383	0.60608	0.60612			6
2024.10.18	01:19:45.589	0.60610	0.60613			6
2024.10.18	01:19:57.406	0.60609				2
2024.10.18	01:20:00.498	0.60609				2
2024.10.18	01:20:07.521	0.60610	0.60614			6
2024.10.18	01:20:13.358	0.60609				2
2024.10.18	01:20:14.385	0.60610				2
2024.10.18	01:20:20.725	0.60609				2
2024.10.18	01:20:23.718	0.60610				2
2024.10.18	01:20:27.600	0.60609				2
2024.10.18	01:20:28.693		0.60613			4
2024.10.18	01:21:02.665	0.60609				2
2024.10.18	01:21:12.832		0.60612			4
2024.10.18	01:21:19.728	0.60608				2
2024.10.18	01:21:20.033	0.60609				2
2024.10.18	01:21:32.316		0.60613			4
2024.10.18	01:21:32.951	0.60610				2
2024.10.18	01:21:33.345	0.60609				2
2024.10.18	01:21:38.738	0.60608	0.60611			6
2024.10.18	01:21:39.051	0.60607				2
2024.10.18	01:21:39.622	0.60608	0.60612			6
2024.10.18	01:21:46.060		0.60613			4
2024.10.18	01:21:46.381		0.60612			4
2024.10.18	01:21:52.308	0.60609				2
2024.10.18	01:21:58.589	0.60608				2
2024.10.18	01:22:00.340	0.60608				2
2024.10.18	01:22:12.453	0.60610	0.60613			6
2024.10.18	01:22:13.473	0.60608				2
2024.10.18	01:22:18.673	0.60607				2
2024.10.18	01:22:20.318	0.60609	0.60614			6
2024.10.18	01:22:25.356	0.60617	0.60621			6
2024.10.18	01:22:31.137	0.60619	0.60620			6
2024.10.18	01:22:31.447	0.60613	0.60617			6
2024.10.18	01:22:31.748	0.60609	0.60611			6
2024.10.18	01:22:32.051		0.60614			4
2024.10.18	01:22:32.364	0.60611	0.60615			6
2024.10.18	01:22:37.433	0.60610				2
2024.10.18	01:22:40.108		0.60614			4
2024.10.18	01:22:40.837	0.60608	0.60613			6
2024.10.18	01:22:42.223	0.60609				2
2024.10.18	01:22:46.434	0.60608				2
2024.10.18	01:22:49.510	0.60613	0.60616			6
2024.10.18	01:22:49.813	0.60611				2
2024.10.18	01:23:00.364	0.60611				2
2024.10.18	01:23:12.290	0.60612				2
2024.10.18	01:23:13.886	0.60611				2
2024.10.18	01:23:22.445		0.60615			4
2024.10.18	01:23:32.873	0.60612				2
2024.10.18	01:23:34.667	0.60611				2
2024.10.18	01:23:48.654	0.60612				2
2024.10.18	01:23:50.920		0.60616			4
2024.10.18	01:23:53.700	0.60610	0.60615			6
2024.10.18	01:23:55.355	0.60613	0.60617			6
2024.10.18	01:24:02.441	0.60612	0.60616			6
2024.10.18	01:24:02.742		0.60617			4
2024.10.18	01:24:06.972	0.60613	0.60618			6
2024.10.18	01:24:11.580	0.60612	0.60617			6
2024.10.18	01:24:16.102	0.60615				2
2024.10.18	01:24:16.405	0.60612				2
2024.10.18	01:24:20.105	0.60614				2
2024.10.18	01:24:20.441	0.60613				2
2024.10.18	01:24:21.796	0.60612				2
2024.10.18	01:24:23.386	0.60611	0.60616			6
2024.10.18	01:24:23.692	0.60610				2
2024.10.18	01:24:24.135	0.60611				2
2024.10.18	01:24:24.449	0.60610	0.60614			6
2024.10.18	01:24:24.790	0.60611	0.60615			6
2024.10.18	01:24:31.610	0.60612	0.60616			6
2024.10.18	01:24:40.468		0.60617			4
2024.10.18	01:24:41.082		0.60616			4
2024.10.18	01:24:41.391		0.60617			4
2024.10.18	01:24:42.112		0.60616			4
2024.10.18	01:24:53.131		0.60617			4
2024.10.18	01:25:01.236	0.60612				2
2024.10.18	01:25:28.389		0.60616			4
2024.10.18	01:25:30.448		0.60617			4
2024.10.18	01:25:53.917		0.60616			4
2024.10.18	01:25:57.611		0.60617			4
2024.10.18	01:25:58.783		0.60616			4
2024.10.18	01:26:01.522	0.60612				2
2024.10.18	01:26:08.740		0.60617			4
2024.10.18	01:26:13.535		0.60616			4
2024.10.18	01:26:14.542		0.60617			4
2024.10.18	01:26:22.927	0.60610	0.60616			6
2024.10.18	01:26:25.630	0.60611				2
2024.10.18	01:26:27.602	0.60609	0.60615			6
2024.10.18	01:26:27.917		0.60614			4
2024.10.18	01:26:31.541	0.60610	0.60616			6
2024.10.18	01:26:32.643	0.60609	0.60615			6
2024.10.18	01:26:34.879	0.60610				2
2024.10.18	01:26:41.462		0.60613			4
2024.10.18	01:26:42.961	0.60608	0.60611			6
2024.10.18	01:26:43.299	0.60611	0.60613			6
2024.10.18	01:26:44.369	0.60610				2
2024.10.18	01:26:51.609	0.60608	0.60612			6
2024.10.18	01:26:52.098		0.60611			4
2024.10.18	01:26:54.158		0.60612			4
2024.10.18	01:26:54.584	0.60609				2
2024.10.18	01:27:00.006	0.60609				2
2024.10.18	01:27:01.818	0.60608				2
2024.10.18	01:27:53.432	0.60609				2
2024.10.18	01:27:54.359		0.60612			4
2024.10.18	01:28:00.484	0.60609				2
2024.10.18	01:28:19.588		0.60613			4
2024.10.18	01:28:23.461		0.60612			4
2024.10.18	01:28:46.429		0.60613			4
2024.10.18	01:28:52.697		0.60612			4
2024.10.18	01:28:57.802		0.60611			4
2024.10.18	01:28:59.364		0.60612			4
2024.10.18	01:29:07.176	0.60605	0.60608			6
2024.10.18	01:29:07.495	0.60606				2
2024.10.18	01:29:08.354		0.60609			4
2024.10.18	01:29:11.902		0.60608			4
2024.10.18	01:29:13.042		0.60609			4
2024.10.18	01:29:14.159		0.60608			4
2024.10.18	01:29:17.539	0.60607	0.60610			6
2024.10.18	01:29:19.796		0.60609			4
2024.10.18	01:29:20.927		0.60610			4
2024.10.18	01:29:22.962		0.60609			4
2024.10.18	01:29:25.430	0.60603	0.60606			6
2024.10.18	01:29:26.617		0.60605			4
2024.10.18	01:29:31.432		0.60606			4
2024.10.18	01:29:49.064		0.60605			4
2024.10.18	01:29:53.007	0.60602				2
2024.10.18	01:29:57.147		0.60604			4
2024.10.18	01:30:00.389	0.60602				2
2024.10.18	01:30:01.580		0.60605			4
2024.10.18	01:30:12.994	0.60600				2
2024.10.18	01:30:13.486	0.60603				2
2024.10.18	01:30:14.659	0.60604	0.60606			6
2024.10.18	01:30:17.538		0.60605			4
2024.10.18	01:30:22.753	0.60603	0.60604			6
2024.10.18	01:30:25.124	0.60604	0.60605			6
2024.10.18	01:30:25.481	0.60603				2
2024.10.18	01:30:33.639	0.60602				2
2024.10.18	01:30:34.743	0.60603				2
2024.10.18	01:30:35.099	0.60602				2
2024.10.18	01:30:36.213	0.60603				2
2024.10.18	01:30:36.908	0.60602				2
2024.10.18	01:30:38.015	0.60603				2
2024.10.18	01:30:38.339	0.60602				2
2024.10.18	01:30:38.763	0.60601	0.60603			6
2024.10.18	01:30:44.029	0.60604	0.60605			6
2024.10.18	01:30:56.614	0.60603				2
2024.10.18	01:30:58.097	0.60606	0.60607			6
2024.10.18	01:31:00.368	0.60605				2
2024.10.18	01:31:01.432	0.60603	0.60606			6
2024.10.18	01:31:03.037	0.60600	0.60603			6
2024.10.18	01:31:03.367	0.60601	0.60604			6
2024.10.18	01:31:05.414	0.60600	0.60603			6
2024.10.18	01:31:05.717	0.60602	0.60605			6
2024.10.18	01:31:11.045		0.60606			4
2024.10.18	01:31:15.384	0.60600	0.60604			6
2024.10.18	01:31:43.979	0.60599	0.60603			6
2024.10.18	01:31:44.908	0.60602				2
2024.10.18	01:31:45.212	0.60599	0.60602			6
2024.10.18	01:32:00.414	0.60600	0.60604			6
2024.10.18	01:32:20.375	0.60601	0.60605			6
2024.10.18	01:32:52.117	0.60600				2
2024.10.18	01:32:52.421	0.60601				2
2024.10.18	01:32:54.267	0.60600				2
2024.10.18	01:32:54.578		0.60604			4
2024.10.18	01:33:00.459	0.60600	0.60605			6
2024.10.18	01:33:04.431		0.60604			4
2024.10.18	01:33:07.834	0.60601				2
2024.10.18	01:33:08.207	0.60599	0.60603			6
2024.10.18	01:33:11.853	0.60600				2
2024.10.18	01:33:12.875	0.60599				2
2024.10.18	01:33:14.006	0.60600				2
2024.10.18	01:33:15.009	0.60599				2
2024.10.18	01:33:17.273		0.60602			4
2024.10.18	01:33:25.861	0.60600	0.60604			6
2024.10.18	01:33:27.522	0.60599				2
2024.10.18	01:33:31.507		0.60603			4
2024.10.18	01:33:47.810		0.60602			4
2024.10.18	01:34:00.207	0.60599				2
2024.10.18	01:34:03.434		0.60601			4
2024.10.18	01:34:03.830		0.60602			4
2024.10.18	01:34:04.498		0.60601			4
2024.10.18	01:34:16.432		0.60600			4
2024.10.18	01:34:20.719		0.60601			4
2024.10.18	01:34:22.372	0.60597	0.60600			6
2024.10.18	01:34:28.430		0.60601			4
2024.10.18	01:34:38.409	0.60595	0.60596			6
2024.10.18	01:34:38.711	0.60593				2
2024.10.18	01:34:41.026	0.60592				2
2024.10.18	01:35:00.440	0.60592				2
2024.10.18	01:35:05.792	0.60591	0.60594			6
2024.10.18	01:35:06.457	0.60590				2
2024.10.18	01:35:53.860		0.60593			4
2024.10.18	01:36:01.848	0.60590				2
2024.10.18	01:36:02.981	0.60589				2
2024.10.18	01:36:06.093		0.60594			4
2024.10.18	01:36:23.061	0.60590				2
2024.10.18	01:36:35.446	0.60589				2
2024.10.18	01:36:51.550	0.60590				2
2024.10.18	01:37:02.824	0.60590				2
2024.10.18	01:37:06.497		0.60594			4
2024.10.18	01:37:10.480	0.60592				2
2024.10.18	01:37:10.782	0.60590				2
2024.10.18	01:37:54.559	0.60589				2
2024.10.18	01:38:00.200	0.60589				2
2024.10.18	01:38:06.668		0.60594			4
2024.10.18	01:38:28.727	0.60587	0.60590			6
2024.10.18	01:38:32.350		0.60589			4
2024.10.18	01:38:39.200		0.60590			4
2024.10.18	01:38:39.503		0.60591			4
2024.10.18	01:38:39.814	0.60588	0.60592			6
2024.10.18	01:38:47.647	0.60587				2
2024.10.18	01:38:49.901	0.60588				2
2024.10.18	01:39:00.104	0.60587				2
2024.10.18	01:39:03.552	0.60588				2
2024.10.18	01:39:09.072	0.60587				2
2024.10.18	01:39:13.559	0.60588				2
2024.10.18	01:39:16.948	0.60587				2
2024.10.18	01:39:19.694	0.60588				2
2024.10.18	01:39:23.768	0.60587				2
2024.10.18	01:39:37.962	0.60588				2
2024.10.18	01:39:39.820		0.60592			4
2024.10.18	01:39:47.430	0.60587				2
2024.10.18	01:39:58.962	0.60588				2
2024.10.18	01:40:00.916	0.60588				2
2024.10.18	01:40:15.613	0.60587				2
2024.10.18	01:40:24.119	0.60588				2
2024.10.18	01:40:29.275	0.60587				2
2024.10.18	01:40:34.827	0.60588				2
2024.10.18	01:40:38.171	0.60587				2
2024.10.18	01:40:40.351		0.60592			4
2024.10.18	01:40:44.440	0.60588				2
2024.10.18	01:40:48.405	0.60587				2
2024.10.18	01:40:58.960	0.60588				2
2024.10.18	01:40:59.512	0.60587				2
2024.10.18	01:41:00.433	0.60587				2
2024.10.18	01:41:06.318	0.60588				2
2024.10.18	01:41:07.402	0.60587				2
2024.10.18	01:41:41.217		0.60592			4
2024.10.18	01:41:58.881		0.60591			4
2024.10.18	01:41:59.182	0.60586	0.60592			6
2024.10.18	01:42:00.290	0.60586	0.60591			6
2024.10.18	01:42:01.262		0.60592			4
2024.10.18	01:42:06.551		0.60591			4
2024.10.18	01:42:07.402		0.60592			4
2024.10.18	01:42:07.832		0.60591			4
2024.10.18	01:42:09.675		0.60592			4
2024.10.18	01:42:19.485		0.60591			4
2024.10.18	01:42:40.290	0.60585	0.60590			6
2024.10.18	01:42:59.122	0.60587	0.60589			6
2024.10.18	01:42:59.425		0.60591			4
2024.10.18	01:43:00.200	0.60587				2
2024.10.18	01:43:01.383	0.60585	0.60590			6
2024.10.18	01:43:04.437	0.60584				2
2024.10.18	01:43:05.636		0.60591			4
2024.10.18	01:43:06.680	0.60585				2
2024.10.18	01:43:18.951	0.60584	0.60590			6
2024.10.18	01:43:39.400	0.60586	0.60591			6
2024.10.18	01:44:00.671	0.60586				2
2024.10.18	01:44:07.524	0.60584	0.60590			6
2024.10.18	01:44:09.016	0.60585				2
2024.10.18	01:44:26.192	0.60586				2
2024.10.18	01:44:46.945	0.60585				2
2024.10.18	01:45:00.291	0.60585				2
2024.10.18	01:45:02.195		0.60591			4
2024.10.18	01:45:36.855	0.60588	0.60593			6
2024.10.18	01:45:37.908	0.60587				2
2024.10.18	01:46:00.421	0.60587				2
2024.10.18	01:46:20.788	0.60588				2
2024.10.18	01:46:25.693	0.60587	0.60592			6
2024.10.18	01:46:26.000	0.60588	0.60593			6
2024.10.18	01:46:29.882	0.60589				2
2024.10.18	01:46:56.876	0.60588				2
2024.10.18	01:46:57.182	0.60587				2
2024.10.18	01:47:00.023	0.60587				2
2024.10.18	01:47:05.781		0.60592			4
2024.10.18	01:47:32.978	0.60588				2
2024.10.18	01:48:00.422	0.60588				2
2024.10.18	01:48:08.903		0.60592			4
2024.10.18	01:48:09.231	0.60589				2
2024.10.18	01:48:40.376	0.60590	0.60595			6
2024.10.18	01:48:43.792	0.60589				2
2024.10.18	01:48:44.785	0.60592	0.60597			6
2024.10.18	01:48:57.962	0.60593				2
2024.10.18	01:49:00.651	0.60593				2
2024.10.18	01:49:05.182	0.60594	0.60598			6
2024.10.18	01:49:08.947	0.60593				2
2024.10.18	01:49:11.051	0.60594				2
2024.10.18	01:49:35.782		0.60599			4
2024.10.18	01:50:00.413	0.60594				2
2024.10.18	01:50:00.795	0.60593				2
2024.10.18	01:50:02.995	0.60594				2
2024.10.18	01:50:03.625	0.60595				2
2024.10.18	01:50:04.018	0.60594				2
2024.10.18	01:50:26.109	0.60595	0.60600			6
2024.10.18	01:50:30.408	0.60594	0.60599			6
2024.10.18	01:50:35.026		0.60600			4
2024.10.18	01:50:35.755		0.60599			4
2024.10.18	01:51:00.385	0.60594				2
2024.10.18	01:51:23.234		0.60598			4
2024.10.18	01:51:59.851	0.60591	0.60595			6
2024.10.18	01:52:00.183	0.60590	0.60593			6
2024.10.18	01:52:00.485	0.60589				2
2024.10.18	01:52:01.437	0.60588				2
2024.10.18	01:52:04.430		0.60592			4
2024.10.18	01:52:34.419	0.60583	0.60587			6
2024.10.18	01:52:50.450	0.60582	0.60586			6
2024.10.18	01:52:52.621		0.60584			4
2024.10.18	01:52:58.430		0.60583			4
2024.10.18	01:53:00.321	0.60582				2
2024.10.18	01:53:01.326	0.60574	0.60578			6
2024.10.18	01:53:01.646	0.60575				2
2024.10.18	01:53:02.359	0.60574	0.60577			6
2024.10.18	01:53:03.608	0.60575				2
2024.10.18	01:53:07.437		0.60578			4
2024.10.18	01:53:08.413	0.60574				2
2024.10.18	01:53:29.919		0.60577			4
2024.10.18	01:53:33.146	0.60572	0.60576			6
2024.10.18	01:53:41.169		0.60575			4
2024.10.18	01:53:48.582		0.60576			4
2024.10.18	01:54:01.374	0.60572				2
2024.10.18	01:54:08.823	0.60573	0.60577			6
2024.10.18	01:54:15.593	0.60577	0.60581			6
2024.10.18	01:54:24.469		0.60582			4
2024.10.18	01:54:40.414	0.60578				2
2024.10.18	01:54:43.268	0.60576	0.60581			6
2024.10.18	01:55:00.466	0.60575				2
2024.10.18	01:55:01.486	0.60576				2
2024.10.18	01:55:01.977	0.60575				2
2024.10.18	01:55:10.278		0.60580			4
2024.10.18	01:55:15.401	0.60572	0.60578			6
2024.10.18	01:55:15.710	0.60577	0.60581			6
2024.10.18	01:55:16.712		0.60583			4
2024.10.18	01:55:27.647	0.60579	0.60584			6
2024.10.18	01:55:28.007	0.60580				2
2024.10.18	01:55:28.329	0.60579				2
2024.10.18	01:55:28.785	0.60580	0.60585			6
2024.10.18	01:55:32.549	0.60579				2
2024.10.18	01:55:35.605		0.60584			4
2024.10.18	01:55:39.439		0.60583			4
2024.10.18	01:55:40.002		0.60584			4
2024.10.18	01:55:41.665		0.60583			4
2024.10.18	01:55:42.161	0.60578				2
2024.10.18	01:55:42.679	0.60577	0.60582			6
2024.10.18	01:55:44.730		0.60583			4
2024.10.18	01:55:45.699		0.60581			4
2024.10.18	01:55:59.330	0.60574	0.60579			6
2024.10.18	01:56:00.249	0.60575	0.60580			6
2024.10.18	01:56:00.550	0.60574	0.60579			6
2024.10.18	01:56:03.364	0.60575				2
2024.10.18	01:56:04.379	0.60574				2
2024.10.18	01:56:04.901	0.60575				2
2024.10.18	01:56:05.838		0.60580			4
2024.10.18	01:56:06.152	0.60576				2
2024.10.18	01:56:06.629	0.60575				2
2024.10.18	01:56:07.881	0.60576				2
2024.10.18	01:56:09.275	0.60575				2
2024.10.18	01:56:09.740	0.60576				2
2024.10.18	01:56:11.445	0.60575				2
2024.10.18	01:56:16.730		0.60579			4
2024.10.18	01:56:20.930		0.60580			4
2024.10.18	01:56:23.958	0.60574	0.60576			6
2024.10.18	01:56:24.381	0.60573				2
2024.10.18	01:56:31.430		0.60577			4
2024.10.18	01:56:34.077		0.60578			4
2024.10.18	01:56:34.379	0.60577	0.60581			6
2024.10.18	01:56:35.121	0.60575	0.60579			6
2024.10.18	01:56:38.227	0.60574	0.60578			6
2024.10.18	01:56:43.429		0.60577			4
2024.10.18	01:56:44.481	0.60575	0.60579			6
2024.10.18	01:56:44.829		0.60580			4
2024.10.18	01:56:50.744		0.60579			4
2024.10.18	01:57:00.283	0.60575				2
2024.10.18	01:57:01.925	0.60574				2
2024.10.18	01:57:02.532	0.60575				2
2024.10.18	01:57:03.366	0.60574				2
2024.10.18	01:57:07.101		0.60578			4
2024.10.18	01:57:09.630		0.60577			4
2024.10.18	01:57:13.674	0.60579	0.60583			6
2024.10.18	01:57:15.887		0.60582			4
2024.10.18	01:57:20.001	0.60578				2
2024.10.18	01:57:25.436		0.60581			4
2024.10.18	01:57:30.502	0.60575	0.60579			6
2024.10.18	01:57:32.754	0.60576				2
2024.10.18	01:57:33.114	0.60575				2
2024.10.18	01:57:34.980	0.60576				2
2024.10.18	01:57:35.303	0.60575				2
2024.10.18	01:57:35.666	0.60574				2
2024.10.18	01:57:35.975		0.60578			4
2024.10.18	01:57:36.285	0.60573				2
2024.10.18	01:57:38.333	0.60572	0.60577			6
2024.10.18	01:57:40.398	0.60574				2
2024.10.18	01:57:41.374	0.60573				2
2024.10.18	01:57:43.186	0.60574	0.60578			6
2024.10.18	01:57:47.202		0.60577			4
2024.10.18	01:57:51.440		0.60578			4
2024.10.18	01:57:53.462		0.60577			4
2024.10.18	01:57:55.309		0.60578			4
2024.10.18	01:57:59.729		0.60577			4
2024.10.18	01:58:00.467	0.60574	0.60578			6
2024.10.18	01:58:05.988		0.60577			4
2024.10.18	01:58:06.307		0.60578			4
2024.10.18	01:58:12.058		0.60577			4
2024.10.18	01:58:13.363		0.60578			4
2024.10.18	01:58:15.401		0.60577			4
2024.10.18	01:58:18.552		0.60576			4
2024.10.18	01:58:19.892		0.60577			4
2024.10.18	01:58:25.466		0.60576			4
2024.10.18	01:58:30.444		0.60577			4
2024.10.18	01:58:35.976		0.60576			4
2024.10.18	01:58:47.989		0.60575			4
2024.10.18	01:58:48.598		0.60576			4
2024.10.18	01:58:51.375	0.60573				2
2024.10.18	01:58:53.720		0.60575			4
2024.10.18	01:58:55.702		0.60576			4
2024.10.18	01:59:00.429	0.60573				2
2024.10.18	01:59:02.215		0.60575			4
2024.10.18	01:59:04.037	0.60569	0.60573			6
2024.10.18	01:59:04.355		0.60572			4
2024.10.18	01:59:05.499		0.60571			4
2024.10.18	01:59:05.933		0.60572			4
2024.10.18	01:59:06.287		0.60571			4
2024.10.18	01:59:09.422		0.60570			4
2024.10.18	01:59:14.330	0.60570	0.60571			6
2024.10.18	01:59:14.644	0.60560	0.60561			6
2024.10.18	01:59:14.946	0.60555	0.60560			6
2024.10.18	01:59:15.275	0.60557				2
2024.10.18	01:59:15.578	0.60556	0.60559			6
2024.10.18	01:59:15.911		0.60560			4
2024.10.18	01:59:19.079		0.60559			4
2024.10.18	01:59:20.534	0.60557				2
2024.10.18	01:59:21.195	0.60555				2
2024.10.18	01:59:21.551	0.60556				2
2024.10.18	01:59:21.928	0.60558	0.60562			6
2024.10.18	01:59:22.545	0.60562	0.60565			6
2024.10.18	01:59:26.192	0.60560	0.60563			6
2024.10.18	01:59:34.462	0.60559	0.60562			6
2024.10.18	01:59:35.315		0.60561			4
2024.10.18	01:59:36.159	0.60555	0.60560			6
2024.10.18	01:59:44.562		0.60559			4
2024.10.18	01:59:45.091	0.60556	0.60560			6
2024.10.18	01:59:58.813	0.60559	0.60563			6
2024.10.18	01:59:59.709	0.60558	0.60562			6
2024.10.18	02:00:00.021	0.60558				2
2024.10.18	02:00:00.362		0.60563			4
2024.10.18	02:00:00.683	0.60559	0.60562			6
2024.10.18	02:00:00.993		0.60563			4
2024.10.18	02:00:02.377		0.60564			4
2024.10.18	02:00:02.766	0.60558				2
2024.10.18	02:00:03.556		0.60563			4
2024.10.18	02:00:07.597	0.60555	0.60559			6
2024.10.18	02:00:07.910		0.60558			4
2024.10.18	02:00:17.554	0.60554	0.60557			6
2024.10.18	02:00:19.542		0.60558			4
2024.10.18	02:00:27.379	0.60552	0.60554			6
2024.10.18	02:00:30.988		0.60555			4
2024.10.18	02:00:33.252	0.60553	0.60556			6
2024.10.18	02:00:39.626	0.60550	0.60554			6
2024.10.18	02:00:41.374		0.60553			4
2024.10.18	02:00:45.141		0.60554			4
2024.10.18	02:00:47.601	0.60548	0.60551			6
2024.10.18	02:00:47.980	0.60549	0.60552			6
2024.10.18	02:00:51.668	0.60548	0.60553			6
2024.10.18	02:00:54.150		0.60552			4
2024.10.18	02:00:54.465		0.60553			4
2024.10.18	02:00:56.279	0.60549				2
2024.10.18	02:00:58.222	0.60548				2
2024.10.18	02:01:00.121	0.60548				2
2024.10.18	02:01:00.476	0.60544	0.60548			6
2024.10.18	02:01:02.402	0.60545				2
2024.10.18	02:01:11.514	0.60543	0.60545			6
2024.10.18	02:01:11.840	0.60547	0.60551			6
2024.10.18	02:01:13.020	0.60548	0.60552			6
2024.10.18	02:01:13.708		0.60553			4
2024.10.18	02:01:14.018	0.60549	0.60554			6
2024.10.18	02:01:18.795		0.60553			4
2024.10.18	02:01:19.103	0.60548	0.60551			6
2024.10.18	02:01:19.422		0.60550			4
2024.10.18	02:01:20.945	0.60547				2
2024.10.18	02:01:22.548	0.60546	0.60549			6
2024.10.18	02:01:39.450	0.60549	0.60553			6
2024.10.18	02:01:40.380	0.60548	0.60551			6
2024.10.18	02:01:42.379	0.60547				2
2024.10.18	02:01:42.725		0.60550			4
2024.10.18	02:01:47.982	0.60546	0.60549			6
2024.10.18	02:01:51.119	0.60547	0.60551			6
2024.10.18	02:01:52.301		0.60550			4
2024.10.18	02:01:54.058		0.60551			4
2024.10.18	02:01:54.555		0.60550			4
2024.10.18	02:01:56.571		0.60551			4
2024.10.18	02:01:57.779		0.60550			4
2024.10.18	02:02:00.080	0.60547				2
2024.10.18	02:02:03.461	0.60548	0.60551			6
2024.10.18	02:02:03.800	0.60550	0.60554			6
2024.10.18	02:02:04.834	0.60549	0.60551			6
2024.10.18	02:02:09.239		0.60552			4
2024.10.18	02:02:11.593	0.60548	0.60550			6
2024.10.18	02:02:15.673	0.60549	0.60552			6
2024.10.18	02:02:17.139		0.60553			4
2024.10.18	02:02:18.579		0.60552			4
2024.10.18	02:02:20.691		0.60551			4
2024.10.18	02:02:22.643	0.60551	0.60555			6
2024.10.18	02:02:24.147		0.60554			4
2024.10.18	02:02:28.374	0.60550				2
2024.10.18	02:02:30.885	0.60551				2
2024.10.18	02:02:31.936	0.60550				2
2024.10.18	02:02:49.913	0.60552	0.60557			6
2024.10.18	02:02:50.254		0.60556			4
2024.10.18	02:02:50.941		0.60555			4
2024.10.18	02:03:00.144	0.60552				2
2024.10.18	02:03:00.517		0.60554			4
2024.10.18	02:03:01.969		0.60553			4
2024.10.18	02:03:04.133	0.60551	0.60554			6
2024.10.18	02:03:05.686	0.60549	0.60552			6
2024.10.18	02:03:09.289	0.60548				2
2024.10.18	02:03:13.976		0.60551			4
2024.10.18	02:03:14.447	0.60547	0.60550			6
2024.10.18	02:03:15.584		0.60551			4
2024.10.18	02:03:16.118		0.60552			4
2024.10.18	02:03:20.169		0.60551			4
2024.10.18	02:03:20.471		0.60550			4
2024.10.18	02:03:20.797		0.60551			4
2024.10.18	02:03:23.130	0.60546	0.60549			6
2024.10.18	02:03:24.810		0.60547			4
2024.10.18	02:03:25.129		0.60549			4
2024.10.18	02:03:25.621	0.60545	0.60546			6
2024.10.18	02:03:26.671	0.60543				2
2024.10.18	02:03:26.989	0.60542				2
2024.10.18	02:03:28.460		0.60545			4
2024.10.18	02:03:40.304	0.60543	0.60546			6
2024.10.18	02:04:00.759	0.60543				2
2024.10.18	02:04:03.271	0.60542	0.60544			6
2024.10.18	02:04:04.496		0.60545			4
2024.10.18	02:04:05.037		0.60546			4
2024.10.18	02:04:05.621		0.60545			4
2024.10.18	02:04:09.714		0.60544			4
2024.10.18	02:04:10.443	0.60540	0.60542			6
2024.10.18	02:04:11.370		0.60544			4
2024.10.18	02:04:12.362		0.60542			4
2024.10.18	02:04:21.958	0.60539	0.60543			6
2024.10.18	02:04:23.971	0.60540	0.60542			6
2024.10.18	02:04:30.301	0.60538	0.60543			6
2024.10.18	02:04:31.756		0.60542			4
2024.10.18	02:04:32.107		0.60541			4
2024.10.18	02:04:32.423		0.60542			4
2024.10.18	02:04:38.377	0.60539	0.60543			6
2024.10.18	02:05:00.095	0.60539				2
2024.10.18	02:05:00.430	0.60540				2
2024.10.18	02:05:01.044	0.60539				2
2024.10.18	02:05:01.797	0.60540				2
2024.10.18	02:05:05.434	0.60539				2
2024.10.18	02:05:10.884		0.60542			4
2024.10.18	02:05:15.323		0.60541			4
2024.10.18	02:05:21.840	0.60538				2
2024.10.18	02:05:25.447	0.60535	0.60536			6
2024.10.18	02:05:26.349	0.60533	0.60535			6
2024.10.18	02:05:26.707		0.60536			4
2024.10.18	02:05:27.101	0.60535				2
2024.10.18	02:05:29.167		0.60538			4
2024.10.18	02:05:29.879	0.60537	0.60542			6
2024.10.18	02:05:30.181	0.60538				2
2024.10.18	02:05:31.179		0.60539			4
2024.10.18	02:05:31.481	0.60537				2
2024.10.18	02:05:32.539		0.60540			4
2024.10.18	02:05:33.341	0.60536	0.60538			6
2024.10.18	02:05:34.352	0.60535				2
2024.10.18	02:05:45.526	0.60537	0.60540			6
2024.10.18	02:05:45.846	0.60538				2
2024.10.18	02:05:48.397	0.60536	0.60538			6
2024.10.18	02:05:51.583	0.60538	0.60543			6
2024.10.18	02:05:51.997	0.60540				2
2024.10.18	02:05:52.959		0.60544			4
2024.10.18	02:05:53.765		0.60542			4
2024.10.18	02:05:54.721		0.60541			4
2024.10.18	02:05:55.920		0.60542			4
2024.10.18	02:05:57.001		0.60541			4
2024.10.18	02:06:00.436	0.60540	0.60542			6
2024.10.18	02:06:01.678	0.60543	0.60544			6
2024.10.18	02:06:04.874	0.60542	0.60543			6
2024.10.18	02:06:05.206		0.60544			4
2024.10.18	02:06:08.068	0.60541	0.60542			6
2024.10.18	02:06:08.385	0.60540	0.60541			6
2024.10.18	02:06:10.973	0.60543	0.60544			6
2024.10.18	02:06:14.340		0.60545			4
2024.10.18	02:06:14.645	0.60545	0.60546			6
2024.10.18	02:06:15.039	0.60544				2
2024.10.18	02:06:17.536	0.60545	0.60547			6
2024.10.18	02:06:20.477		0.60548			4
2024.10.18	02:06:22.421	0.60546	0.60549			6
2024.10.18	02:06:22.791	0.60545				2
2024.10.18	02:06:23.637	0.60546				2
2024.10.18	02:06:24.061	0.60545				2
2024.10.18	02:06:26.023		0.60547			4
2024.10.18	02:06:40.976	0.60544	0.60546			6
2024.10.18	02:06:44.618	0.60542	0.60544			6
2024.10.18	02:06:45.271	0.60543				2
2024.10.18	02:06:47.549	0.60544	0.60546			6
2024.10.18	02:06:48.302	0.60545	0.60547			6
2024.10.18	02:06:48.638	0.60544				2
2024.10.18	02:06:49.041	0.60545				2
2024.10.18	02:06:49.343	0.60544				2
2024.10.18	02:06:50.180	0.60545	0.60548			6
2024.10.18	02:07:00.592	0.60545				2
2024.10.18	02:07:08.096		0.60547			4
2024.10.18	02:07:11.692		0.60548			4
2024.10.18	02:07:22.603	0.60546	0.60549			6
2024.10.18	02:07:23.771	0.60547	0.60550			6
2024.10.18	02:07:24.898	0.60546	0.60549			6
2024.10.18	02:07:27.145		0.60548			4
2024.10.18	02:07:30.526		0.60549			4
2024.10.18	02:07:32.245	0.60545	0.60548			6
2024.10.18	02:07:36.639	0.60546				2
2024.10.18	02:07:43.989	0.60547	0.60550			6
2024.10.18	02:07:45.036		0.60549			4
2024.10.18	02:07:45.452		0.60550			4
2024.10.18	02:07:46.197	0.60546	0.60549			6
2024.10.18	02:07:55.213	0.60547				2
2024.10.18	02:07:55.687	0.60549	0.60554			6
2024.10.18	02:08:00.218	0.60549				2
2024.10.18	02:08:00.902		0.60553			4
2024.10.18	02:08:19.848		0.60552			4
2024.10.18	02:08:20.543		0.60553			4
2024.10.18	02:08:20.979	0.60545	0.60548			6
2024.10.18	02:08:48.246		0.60549			4
2024.10.18	02:08:56.288		0.60548			4
2024.10.18	02:09:00.322	0.60545				2
2024.10.18	02:09:16.198	0.60544	0.60547			6
2024.10.18	02:09:16.602		0.60548			4
2024.10.18	02:09:26.310	0.60542	0.60546			6
2024.10.18	02:09:26.830		0.60545			4
2024.10.18	02:09:31.353	0.60541	0.60543			6
2024.10.18	02:09:52.612		0.60544			4
2024.10.18	02:09:54.454	0.60545	0.60547			6
2024.10.18	02:09:55.927		0.60548			4
2024.10.18	02:09:56.743	0.60544				2
2024.10.18	02:10:00.573	0.60544				2
2024.10.18	02:10:09.377		0.60549			4
2024.10.18	02:10:16.415	0.60545				2
2024.10.18	02:10:16.834	0.60546	0.60550			6
2024.10.18	02:10:29.238		0.60549			4
2024.10.18	02:10:29.792	0.60550	0.60552			6
2024.10.18	02:10:34.313		0.60553			4
2024.10.18	02:10:49.738		0.60554			4
2024.10.18	02:11:00.208	0.60550				2
2024.10.18	02:11:01.603		0.60553			4
2024.10.18	02:11:01.908		0.60552			4
2024.10.18	02:11:13.016	0.60545	0.60548			6
2024.10.18	02:11:14.828	0.60546				2
2024.10.18	02:11:15.991	0.60545				2
2024.10.18	02:11:21.063	0.60548	0.60550			6
2024.10.18	02:11:21.432		0.60551			4
2024.10.18	02:11:24.804	0.60549				2
2024.10.18	02:11:25.121	0.60547	0.60549			6
2024.10.18	02:11:25.426	0.60546	0.60548			6
2024.10.18	02:12:01.573	0.60546				2
2024.10.18	02:12:21.121	0.60547				2
2024.10.18	02:12:26.541		0.60548			4
2024.10.18	02:12:35.939	0.60546				2
2024.10.18	02:12:36.844	0.60545				2
2024.10.18	02:12:41.184	0.60548	0.60552			6
2024.10.18	02:12:42.170		0.60551			4
2024.10.18	02:12:42.553		0.60552			4
2024.10.18	02:12:43.224		0.60551			4
2024.10.18	02:12:44.380		0.60552			4
2024.10.18	02:12:44.996		0.60551			4
2024.10.18	02:12:54.796	0.60547	0.60549			6
2024.10.18	02:12:56.637	0.60546	0.60548			6
2024.10.18	02:13:01.219	0.60546				2
2024.10.18	02:13:01.881	0.60545				2
2024.10.18	02:13:20.666	0.60546	0.60549			6
2024.10.18	02:13:21.685	0.60548	0.60551			6
2024.10.18	02:13:22.020		0.60552			4
2024.10.18	02:13:22.663		0.60551			4
2024.10.18	02:13:28.065	0.60550				2
2024.10.18	02:13:30.353		0.60553			4
2024.10.18	02:13:39.984		0.60552			4
2024.10.18	02:13:44.989	0.60549	0.60551			6
2024.10.18	02:13:45.355	0.60548				2
2024.10.18	02:13:45.659	0.60549				2
2024.10.18	02:13:46.369	0.60548				2
2024.10.18	02:13:47.309	0.60549				2
2024.10.18	02:13:49.409	0.60548				2
2024.10.18	02:13:49.920	0.60549	0.60552			6
2024.10.18	02:13:50.366		0.60551			4
2024.10.18	02:13:50.680	0.60548				2
2024.10.18	02:13:52.759	0.60549				2
2024.10.18	02:13:54.226		0.60552			4
2024.10.18	02:13:54.995		0.60553			4
2024.10.18	02:13:55.303	0.60550				2
2024.10.18	02:13:56.261	0.60549				2
2024.10.18	02:13:56.611	0.60550				2
2024.10.18	02:14:01.133	0.60550				2
2024.10.18	02:14:01.452		0.60554			4
2024.10.18	02:14:02.430		0.60553			4
2024.10.18	02:14:06.600	0.60549	0.60552			6
2024.10.18	02:14:10.432	0.60550				2
2024.10.18	02:14:29.354		0.60553			4
2024.10.18	02:14:33.987	0.60551	0.60554			6
2024.10.18	02:14:40.154	0.60553	0.60555			6
2024.10.18	02:14:42.427		0.60554			4
2024.10.18	02:14:46.377		0.60555			4
2024.10.18	02:14:46.746	0.60554				2
2024.10.18	02:14:49.174	0.60553				2
2024.10.18	02:14:49.583	0.60554				2
2024.10.18	02:14:50.608	0.60555	0.60558			6
2024.10.18	02:14:51.557	0.60556	0.60559			6
2024.10.18	02:14:52.347	0.60555				2
2024.10.18	02:14:53.358		0.60558			4
2024.10.18	02:15:00.519	0.60555				2
2024.10.18	02:15:01.721	0.60558	0.60559			6
2024.10.18	02:15:02.023	0.60555	0.60558			6
2024.10.18	02:15:05.971		0.60557			4
2024.10.18	02:15:06.395		0.60558			4
2024.10.18	02:15:06.697		0.60557			4
2024.10.18	02:15:42.972		0.60558			4
2024.10.18	02:15:52.479	0.60554	0.60557			6
2024.10.18	02:15:52.881	0.60555				2
2024.10.18	02:16:07.029	0.60555				2
2024.10.18	02:16:08.814	0.60554				2
2024.10.18	02:16:09.162	0.60555				2
2024.10.18	02:16:09.499	0.60554				2
2024.10.18	02:16:09.876	0.60555				2
2024.10.18	02:16:12.610	0.60556	0.60559			6
2024.10.18	02:16:14.560	0.60560	0.60564			6
2024.10.18	02:16:21.295		0.60563			4
2024.10.18	02:16:21.617	0.60559				2
2024.10.18	02:16:21.923	0.60560	0.60564			6
2024.10.18	02:16:23.044	0.60561				2
2024.10.18	02:16:26.920	0.60563	0.60566			6
2024.10.18	02:16:28.267	0.60564	0.60568			6
2024.10.18	02:16:30.023		0.60567			4
2024.10.18	02:16:36.047		0.60568			4
2024.10.18	02:16:41.599	0.60567				2
2024.10.18	02:16:41.982	0.60564				2
2024.10.18	02:17:00.140	0.60564				2
2024.10.18	02:17:00.452	0.60565				2
2024.10.18	02:17:05.692	0.60570	0.60572			6
2024.10.18	02:17:06.614		0.60573			4
2024.10.18	02:17:08.359		0.60572			4
2024.10.18	02:17:18.963	0.60571	0.60574			6
2024.10.18	02:17:28.951		0.60573			4
2024.10.18	02:17:38.040	0.60570	0.60571			6
2024.10.18	02:17:39.118	0.60566	0.60568			6
2024.10.18	02:17:41.861		0.60567			4
2024.10.18	02:18:07.720	0.60565	0.60566			6
2024.10.18	02:18:17.692	0.60564	0.60565			6
2024.10.18	02:18:23.890	0.60562	0.60563			6
2024.10.18	02:18:44.032	0.60561	0.60562			6
2024.10.18	02:18:46.597		0.60563			4
2024.10.18	02:18:53.731	0.60562				2
2024.10.18	02:18:54.075	0.60561				2
2024.10.18	02:18:57.749	0.60559	0.60561			6
2024.10.18	02:19:00.362	0.60559				2
2024.10.18	02:19:08.666		0.60562			4
2024.10.18	02:19:22.215	0.60561	0.60563			6
2024.10.18	02:19:54.743	0.60562	0.60564			6
2024.10.18	02:20:00.240	0.60562				2
2024.10.18	02:20:10.160	0.60563	0.60566			6
2024.10.18	02:20:11.177		0.60565			4
2024.10.18	02:20:32.475	0.60561	0.60563			6
2024.10.18	02:21:00.273	0.60561				2
2024.10.18	02:21:01.509	0.60560	0.60562			6
2024.10.18	02:21:15.417	0.60559	0.60560			6
2024.10.18	02:21:16.001		0.60561			4
2024.10.18	02:21:16.371	0.60558	0.60559			6
2024.10.18	02:21:40.017	0.60557				2
2024.10.18	02:21:40.995	0.60556				2
2024.10.18	02:21:43.204		0.60558			4
2024.10.18	02:21:51.960	0.60553	0.60554			6
2024.10.18	02:21:52.273	0.60552	0.60553			6
2024.10.18	02:21:52.620	0.60551				2
2024.10.18	02:22:00.356	0.60551				2
2024.10.18	02:22:01.416	0.60550				2
2024.10.18	02:22:03.230	0.60551	0.60554			6
2024.10.18	02:22:05.254		0.60553			4
2024.10.18	02:22:29.112	0.60552	0.60555			6
2024.10.18	02:23:00.365	0.60552				2
2024.10.18	02:23:06.629	0.60554				2
2024.10.18	02:23:07.792	0.60553				2
2024.10.18	02:23:18.657	0.60552				2
2024.10.18	02:23:20.931		0.60554			4
2024.10.18	02:23:21.337		0.60555			4
2024.10.18	02:23:22.355		0.60554			4
2024.10.18	02:23:36.750		0.60555			4
2024.10.18	02:23:38.999		0.60554			4
2024.10.18	02:23:58.351	0.60553				2
2024.10.18	02:23:58.654		0.60556			4
2024.10.18	02:24:00.728	0.60553				2
2024.10.18	02:24:05.936		0.60555			4
2024.10.18	02:24:15.221	0.60552				2
2024.10.18	02:24:29.873		0.60556			4
2024.10.18	02:24:31.001		0.60555			4
2024.10.18	02:24:43.379		0.60554			4
2024.10.18	02:24:44.501		0.60555			4
2024.10.18	02:24:45.633		0.60554			4
2024.10.18	02:25:00.281	0.60552				2
2024.10.18	02:25:22.701		0.60555			4
2024.10.18	02:25:23.952		0.60554			4
2024.10.18	02:25:26.223		0.60555			4
2024.10.18	02:25:27.281		0.60554			4
2024.10.18	02:25:38.463	0.60554	0.60557			6
2024.10.18	02:25:41.710		0.60556			4
2024.10.18	02:25:53.489		0.60555			4
2024.10.18	02:25:58.539	0.60551	0.60554			6
2024.10.18	02:26:00.368	0.60551				2
2024.10.18	02:26:58.141	0.60549	0.60552			6
2024.10.18	02:27:00.632	0.60549				2
2024.10.18	02:27:01.438		0.60551			4
2024.10.18	02:27:04.375	0.60550	0.60554			6
2024.10.18	02:27:05.923	0.60551				2
2024.10.18	02:27:07.925	0.60552				2
2024.10.18	02:27:19.184		0.60555			4
2024.10.18	02:27:25.992	0.60551	0.60554			6
2024.10.18	02:27:32.267	0.60550	0.60553			6
2024.10.18	02:28:00.240	0.60550				2
2024.10.18	02:28:32.887		0.60553			4
2024.10.18	02:29:00.472	0.60550				2
2024.10.18	02:29:26.487	0.60551				2
2024.10.18	02:29:31.144		0.60552			4
2024.10.18	02:29:47.252	0.60550	0.60551			6
2024.10.18	02:30:00.593	0.60550				2
2024.10.18	02:30:07.450	0.60549				2
2024.10.18	02:30:19.922		0.60550			4
2024.10.18	02:30:28.337	0.60548				2
2024.10.18	02:30:31.036	0.60545	0.60548			6
2024.10.18	02:30:31.452		0.60547			4
2024.10.18	02:30:44.092		0.60548			4
2024.10.18	02:31:00.081	0.60545				2
2024.10.18	02:31:00.852	0.60547	0.60549			6
2024.10.18	02:31:01.981		0.60550			4
2024.10.18	02:31:03.461	0.60548				2
2024.10.18	02:31:04.233	0.60547				2
2024.10.18	02:31:06.799	0.60548				2
2024.10.18	02:31:07.673	0.60547				2
2024.10.18	02:31:12.124	0.60546				2
2024.10.18	02:31:15.965	0.60545	0.60549			6
2024.10.18	02:31:16.651		0.60548			4
2024.10.18	02:31:20.024		0.60549			4
2024.10.18	02:31:23.247		0.60548			4
2024.10.18	02:31:24.423		0.60547			4
2024.10.18	02:31:30.509		0.60546			4
2024.10.18	02:31:30.873		0.60548			4
2024.10.18	02:31:31.963		0.60547			4
2024.10.18	02:31:35.770		0.60548			4
2024.10.18	02:31:43.227		0.60547			4
2024.10.18	02:31:45.487	0.60550	0.60553			6
2024.10.18	02:31:50.780	0.60551				2
2024.10.18	02:31:55.176	0.60552	0.60554			6
2024.10.18	02:31:56.215	0.60553				2
2024.10.18	02:31:59.344	0.60551	0.60553			6
2024.10.18	02:32:00.598	0.60551				2
2024.10.18	02:32:01.340		0.60552			4
2024.10.18	02:32:11.565	0.60550	0.60551			6
2024.10.18	02:32:15.628		0.60552			4
2024.10.18	02:32:21.162		0.60551			4
2024.10.18	02:32:51.762	0.60549	0.60550			6
2024.10.18	02:33:01.976	0.60549				2
2024.10.18	02:33:02.762	0.60546	0.60548			6
2024.10.18	02:33:08.051		0.60547			4
2024.10.18	02:33:09.037	0.60541	0.60543			6
2024.10.18	02:33:09.375	0.60540	0.60542			6
2024.10.18	02:33:10.092		0.60541			4
2024.10.18	02:33:14.103		0.60542			4
2024.10.18	02:33:15.674		0.60541			4
2024.10.18	02:33:17.760		0.60542			4
2024.10.18	02:33:18.076		0.60541			4
2024.10.18	02:33:29.243		0.60542			4
2024.10.18	02:33:41.566	0.60542	0.60544			6
2024.10.18	02:33:51.585		0.60543			4
2024.10.18	02:33:52.470	0.60541	0.60542			6
2024.10.18	02:34:00.155	0.60541				2
2024.10.18	02:34:08.571		0.60543			4
2024.10.18	02:34:15.080		0.60542			4
2024.10.18	02:34:37.613	0.60542	0.60544			6
2024.10.18	02:34:48.611	0.60540	0.60543			6
2024.10.18	02:34:49.076		0.60542			4
2024.10.18	02:34:53.730	0.60541				2
2024.10.18	02:34:59.015	0.60542	0.60543			6
2024.10.18	02:34:59.355	0.60541				2
2024.10.18	02:35:00.189	0.60541	0.60544			6
2024.10.18	02:35:27.789		0.60543			4
2024.10.18	02:35:30.051	0.60546	0.60549			6
2024.10.18	02:35:30.680	0.60551	0.60554			6
2024.10.18	02:35:30.986		0.60552			4
2024.10.18	02:35:48.298		0.60553			4
2024.10.18	02:35:51.361		0.60552			4
2024.10.18	02:36:01.730	0.60551				2
2024.10.18	02:36:05.260		0.60553			4
2024.10.18	02:36:05.563	0.60555	0.60557			6
2024.10.18	02:36:19.335	0.60556				2
2024.10.18	02:37:00.997	0.60556				2
2024.10.18	02:37:05.906		0.60557			4
2024.10.18	02:37:57.022	0.60559	0.60560			6
2024.10.18	02:37:57.970		0.60561			4
2024.10.18	02:37:59.391	0.60560	0.60562			6
2024.10.18	02:38:00.510	0.60560	0.60561			6
2024.10.18	02:38:05.512	0.60559	0.60560			6
2024.10.18	02:38:10.413		0.60561			4
2024.10.18	02:38:11.148		0.60560			4
2024.10.18	02:38:24.773	0.60558				2
2024.10.18	02:38:29.545	0.60559				2
2024.10.18	02:38:36.214		0.60562			4
2024.10.18	02:38:36.727		0.60560			4
2024.10.18	02:38:39.701		0.60561			4
2024.10.18	02:38:46.081		0.60560			4
2024.10.18	02:38:55.050	0.60560	0.60562			6
2024.10.18	02:38:55.369		0.60563			4
2024.10.18	02:39:00.341	0.60560				2
2024.10.18	02:39:13.607	0.60559	0.60561			6
2024.10.18	02:39:17.986		0.60560			4
2024.10.18	02:39:36.639		0.60561			4
2024.10.18	02:39:40.649	0.60558				2
2024.10.18	02:40:01.735	0.60558				2
2024.10.18	02:40:02.630		0.60562			4
2024.10.18	02:40:05.804	0.60559				2
2024.10.18	02:40:06.849		0.60561			4
2024.10.18	02:40:15.733		0.60562			4
2024.10.18	02:40:16.473	0.60560				2
2024.10.18	02:40:23.759		0.60563			4
2024.10.18	02:40:44.271	0.60559	0.60562			6
2024.10.18	02:40:49.136		0.60561			4
2024.10.18	02:40:54.289		0.60560			4
2024.10.18	02:40:57.199		0.60561			4
2024.10.18	02:41:01.070	0.60559	0.60560			6
2024.10.18	02:41:09.909		0.60561			4
2024.10.18	02:41:10.960		0.60562			4
2024.10.18	02:41:11.399		0.60561			4
2024.10.18	02:41:21.228		0.60560			4
2024.10.18	02:41:49.194		0.60561			4
2024.10.18	02:42:00.481	0.60559	0.60560			6
2024.10.18	02:42:01.241		0.60562			4
2024.10.18	02:42:04.738	0.60561	0.60564			6
2024.10.18	02:42:14.589		0.60563			4
2024.10.18	02:42:24.805	0.60560	0.60562			6
2024.10.18	02:42:33.833	0.60559	0.60561			6
2024.10.18	02:42:34.467	0.60560				2
2024.10.18	02:42:45.681	0.60561	0.60562			6
2024.10.18	02:42:45.992	0.60560	0.60561			6
2024.10.18	02:42:48.074	0.60563	0.60564			6
2024.10.18	02:42:49.215		0.60565			4
2024.10.18	02:43:00.480	0.60563				2
2024.10.18	02:43:15.132		0.60566			4
2024.10.18	02:43:16.254		0.60565			4
2024.10.18	02:43:23.785	0.60561	0.60562			6
2024.10.18	02:43:42.360	0.60562	0.60564			6
2024.10.18	02:43:42.673	0.60563	0.60565			6
2024.10.18	02:43:54.791	0.60564				2
2024.10.18	02:43:55.876	0.60565	0.60566			6
2024.10.18	02:43:56.981	0.60566	0.60568			6
2024.10.18	02:43:57.572		0.60567			4
2024.10.18	02:43:58.118		0.60568			4
2024.10.18	02:44:00.215	0.60566				2
2024.10.18	02:44:03.909	0.60565	0.60567			6
2024.10.18	02:44:05.955		0.60566			4
2024.10.18	02:44:37.134	0.60564	0.60565			6
2024.10.18	02:44:50.655		0.60566			4
2024.10.18	02:45:00.239	0.60564				2
2024.10.18	02:45:01.691		0.60565			4
2024.10.18	02:45:04.999		0.60566			4
2024.10.18	02:45:06.546	0.60565				2
2024.10.18	02:45:08.581	0.60564				2
2024.10.18	02:45:08.882	0.60565				2
2024.10.18	02:45:10.631	0.60564	0.60565			6
2024.10.18	02:45:11.376		0.60566			4
2024.10.18	02:45:19.641	0.60561	0.60562			6
2024.10.18	02:45:20.349	0.60563	0.60565			6
2024.10.18	02:45:21.074	0.60566	0.60567			6
2024.10.18	02:45:22.316	0.60565				2
2024.10.18	02:45:29.403	0.60566	0.60568			6
2024.10.18	02:45:30.982		0.60569			4
2024.10.18	02:45:32.557		0.60568			4
2024.10.18	02:45:39.421	0.60568	0.60569			6
2024.10.18	02:45:42.415	0.60571	0.60572			6
2024.10.18	02:45:42.719	0.60573	0.60574			6
2024.10.18	02:45:43.430	0.60575	0.60576			6
2024.10.18	02:45:44.084	0.60576	0.60577			6
2024.10.18	02:45:44.397	0.60575	0.60578			6
2024.10.18	02:45:44.726	0.60576				2
2024.10.18	02:45:45.774	0.60575	0.60577			6
2024.10.18	02:45:50.055		0.60576			4
2024.10.18	02:45:56.469		0.60577			4
2024.10.18	02:45:58.096		0.60576			4
2024.10.18	02:46:00.444	0.60575				2
2024.10.18	02:46:00.839		0.60577			4
2024.10.18	02:46:02.780		0.60578			4
2024.10.18	02:46:12.405		0.60577			4
2024.10.18	02:46:19.778	0.60579	0.60580			6
2024.10.18	02:46:22.231		0.60581			4
2024.10.18	02:46:23.240		0.60580			4
2024.10.18	02:46:27.196		0.60581			4
2024.10.18	02:46:32.699		0.60580			4
2024.10.18	02:46:40.497		0.60581			4
2024.10.18	02:46:51.161	0.60580	0.60582			6
2024.10.18	02:46:55.825	0.60581				2
2024.10.18	02:46:59.534	0.60580	0.60581			6
2024.10.18	02:47:00.204	0.60580				2
2024.10.18	02:47:10.730	0.60581	0.60582			6
2024.10.18	02:47:12.856	0.60580				2
2024.10.18	02:47:26.212	0.60579	0.60580			6
2024.10.18	02:47:45.819	0.60576	0.60578			6
2024.10.18	02:47:48.459	0.60578	0.60580			6
2024.10.18	02:47:51.584		0.60579			4
2024.10.18	02:47:54.992	0.60576				2
2024.10.18	02:47:56.030	0.60575	0.60577			6
2024.10.18	02:48:00.437	0.60575				2
2024.10.18	02:48:09.561	0.60578	0.60580			6
2024.10.18	02:48:10.311	0.60579				2
2024.10.18	02:48:14.168	0.60580	0.60582			6
2024.10.18	02:48:16.385	0.60582	0.60583			6
2024.10.18	02:48:17.929		0.60584			4
2024.10.18	02:48:24.562	0.60583	0.60586			6
2024.10.18	02:48:24.868		0.60585			4
2024.10.18	02:48:25.636	0.60581	0.60582			6
2024.10.18	02:48:29.704	0.60582	0.60584			6
2024.10.18	02:48:44.050	0.60581	0.60583			6
2024.10.18	02:48:45.159	0.60583	0.60584			6
2024.10.18	02:48:45.463		0.60585			4
2024.10.18	02:48:46.425		0.60584			4
2024.10.18	02:48:46.746		0.60585			4
2024.10.18	02:48:48.311	0.60585	0.60586			6
2024.10.18	02:48:51.371		0.60587			4
2024.10.18	02:49:00.596	0.60585				2
2024.10.18	02:49:17.838	0.60586				2
2024.10.18	02:49:25.775		0.60588			4
2024.10.18	02:49:26.084	0.60587				2
2024.10.18	02:50:00.751	0.60587				2
2024.10.18	02:50:15.701	0.60586				2
2024.10.18	02:50:19.405	0.60590	0.60592			6
2024.10.18	02:50:20.527		0.60591			4
2024.10.18	02:50:21.653		0.60592			4
2024.10.18	02:50:30.550	0.60591				2
2024.10.18	02:50:30.965		0.60593			4
2024.10.18	02:50:31.308		0.60592			4
2024.10.18	02:50:32.834		0.60593			4
2024.10.18	02:50:33.188		0.60592			4
2024.10.18	02:50:36.588		0.60593			4
2024.10.18	02:50:37.495		0.60592			4
2024.10.18	02:50:42.121	0.60592	0.60593			6
2024.10.18	02:50:56.757	0.60594	0.60595			6
2024.10.18	02:50:57.063		0.60596			4
2024.10.18	02:51:00.267	0.60594				2
2024.10.18	02:51:07.681	0.60595	0.60597			6
2024.10.18	02:51:09.573	0.60594	0.60596			6
2024.10.18	02:51:15.432	0.60593	0.60594			6
2024.10.18	02:51:24.056	0.60591	0.60593			6
2024.10.18	02:51:37.467	0.60593	0.60595			6
2024.10.18	02:51:37.789	0.60592				2
2024.10.18	02:51:40.883	0.60594	0.60596			6
2024.10.18	02:51:49.949		0.60597			4
2024.10.18	02:51:59.343		0.60596			4
2024.10.18	02:52:00.160	0.60594				2
2024.10.18	02:52:06.778		0.60597			4
2024.10.18	02:52:12.273		0.60596			4
2024.10.18	02:52:18.577		0.60597			4
2024.10.18	02:52:31.373		0.60596			4
2024.10.18	02:52:37.079	0.60593	0.60595			6
2024.10.18	02:52:37.617		0.60596			4
2024.10.18	02:52:38.248	0.60594				2
2024.10.18	02:52:52.299	0.60593	0.60595			6
2024.10.18	02:52:54.447	0.60592	0.60594			6
2024.10.18	02:52:55.590	0.60590	0.60592			6
2024.10.18	02:53:00.286	0.60590				2
2024.10.18	02:53:02.171		0.60593			4
2024.10.18	02:53:36.809	0.60593	0.60595			6
2024.10.18	02:53:40.362	0.60595	0.60597			6
2024.10.18	02:53:41.369		0.60598			4
2024.10.18	02:53:45.657	0.60597	0.60599			6
2024.10.18	02:53:45.982		0.60600			4
2024.10.18	02:53:46.976	0.60598				2
2024.10.18	02:53:48.047	0.60599	0.60601			6
2024.10.18	02:53:48.466	0.60600	0.60604			6
2024.10.18	02:53:49.221	0.60601				2
2024.10.18	02:53:55.472	0.60604	0.60608			6
2024.10.18	02:53:55.801	0.60605	0.60607			6
2024.10.18	02:53:57.220	0.60604				2
2024.10.18	02:53:59.726		0.60606			4
2024.10.18	02:54:00.201	0.60603	0.60605			6
2024.10.18	02:54:17.844		0.60607			4
2024.10.18	02:54:19.795	0.60602	0.60605			6
2024.10.18	02:54:20.102	0.60603				2
2024.10.18	02:54:21.583		0.60606			4
2024.10.18	02:54:21.888		0.60605			4
2024.10.18	02:54:22.427		0.60606			4
2024.10.18	02:54:29.601		0.60605			4
2024.10.18	02:54:38.595	0.60601	0.60604			6
2024.10.18	02:54:41.060		0.60603			4
2024.10.18	02:54:42.683		0.60604			4
2024.10.18	02:54:50.538		0.60605			4
2024.10.18	02:54:51.381	0.60603				2
2024.10.18	02:54:51.896		0.60606			4
2024.10.18	02:54:52.455		0.60605			4
2024.10.18	02:54:56.302	0.60602				2
2024.10.18	02:55:00.453	0.60600	0.60604			6
2024.10.18	02:55:07.681	0.60598	0.60601			6
2024.10.18	02:55:12.023	0.60597	0.60600			6
2024.10.18	02:55:12.402		0.60601			4
2024.10.18	02:55:13.844	0.60598				2
2024.10.18	02:55:16.514	0.60597				2
2024.10.18	02:55:19.377		0.60600			4
2024.10.18	02:55:19.795	0.60598	0.60601			6
2024.10.18	02:55:21.992		0.60600			4
2024.10.18	02:55:22.722		0.60601			4
2024.10.18	02:55:23.682		0.60600			4
2024.10.18	02:55:30.793		0.60601			4
2024.10.18	02:55:31.116		0.60602			4
2024.10.18	02:55:36.825	0.60599				2
2024.10.18	02:55:39.658	0.60600	0.60603			6
2024.10.18	02:55:44.000	0.60603	0.60605			6
2024.10.18	02:55:46.198		0.60606			4
2024.10.18	02:55:52.425		0.60605			4
2024.10.18	02:55:56.761		0.60606			4
2024.10.18	02:55:57.487		0.60605			4
2024.10.18	02:56:00.699	0.60603				2
2024.10.18	02:56:02.081		0.60604			4
2024.10.18	02:56:02.383	0.60599	0.60603			6
2024.10.18	02:56:03.796	0.60598	0.60602			6
2024.10.18	02:56:04.098	0.60599				2
2024.10.18	02:56:07.056		0.60603			4
2024.10.18	02:56:19.456	0.60600				2
2024.10.18	02:56:36.583		0.60604			4
2024.10.18	02:56:38.073	0.60601				2
2024.10.18	02:56:39.141	0.60600				2
2024.10.18	02:56:44.513	0.60601				2
2024.10.18	02:56:45.934	0.60600				2
2024.10.18	02:56:47.025	0.60598	0.60601			6
2024.10.18	02:56:59.743		0.60600			4
2024.10.18	02:57:00.058	0.60596	0.60599			6
2024.10.18	02:57:03.267	0.60594	0.60598			6
2024.10.18	02:57:18.661		0.60599			4
2024.10.18	02:57:19.312	0.60595				2
2024.10.18	02:57:24.847	0.60596	0.60600			6
2024.10.18	02:57:25.601	0.60595	0.60598			6
2024.10.18	02:57:30.826	0.60593				2
2024.10.18	02:57:31.150	0.60594	0.60597			6
2024.10.18	02:57:31.469		0.60599			4
2024.10.18	02:57:35.680		0.60598			4
2024.10.18	02:57:38.028		0.60599			4
2024.10.18	02:57:50.821	0.60595	0.60600			6
2024.10.18	02:57:52.909	0.60598	0.60603			6
2024.10.18	02:57:53.222	0.60600	0.60604			6
2024.10.18	02:58:00.322	0.60600				2
2024.10.18	02:58:01.689		0.60602			4
2024.10.18	02:58:01.996		0.60604			4
2024.10.18	02:58:12.967		0.60603			4
2024.10.18	02:58:13.308	0.60596	0.60600			6
2024.10.18	02:58:14.527		0.60599			4
2024.10.18	02:58:15.820	0.60598	0.60601			6
2024.10.18	02:58:16.872		0.60602			4
2024.10.18	02:58:18.532		0.60601			4
2024.10.18	02:58:18.866		0.60602			4
2024.10.18	02:58:35.152	0.60599				2
2024.10.18	02:58:35.467		0.60601			4
2024.10.18	02:58:35.785	0.60595	0.60597			6
2024.10.18	02:58:36.247		0.60598			4
2024.10.18	02:58:41.781		0.60599			4
2024.10.18	02:58:47.665	0.60596	0.60600			6
2024.10.18	02:58:48.295		0.60599			4
2024.10.18	02:58:48.695		0.60600			4
2024.10.18	02:59:00.314	0.60596				2
2024.10.18	02:59:03.932	0.60597				2
2024.10.18	02:59:05.025	0.60598	0.60601			6
2024.10.18	02:59:05.362		0.60600			4
2024.10.18	02:59:13.422	0.60596	0.60597			6
2024.10.18	02:59:13.746	0.60594	0.60598			6
2024.10.18	02:59:14.113		0.60597			4
2024.10.18	02:59:18.449		0.60598			4
2024.10.18	02:59:24.783		0.60597			4
2024.10.18	02:59:27.117	0.60593				2
2024.10.18	02:59:27.423	0.60594				2
2024.10.18	02:59:29.725		0.60598			4
2024.10.18	02:59:30.031	0.60595				2
2024.10.18	02:59:31.702	0.60597	0.60600			6
2024.10.18	02:59:36.836	0.60596				2
2024.10.18	02:59:38.648		0.60599			4
2024.10.18	02:59:39.406		0.60600			4
2024.10.18	02:59:42.232		0.60599			4
2024.10.18	02:59:45.691	0.60597	0.60600			6
2024.10.18	02:59:46.775	0.60596				2
2024.10.18	02:59:51.685	0.60597				2
2024.10.18	02:59:52.337		0.60601			4
2024.10.18	02:59:52.826		0.60600			4
2024.10.18	02:59:53.299	0.60599	0.60602			6
2024.10.18	02:59:56.469	0.60600	0.60603			6
2024.10.18	02:59:56.797	0.60599				2
2024.10.18	02:59:58.519		0.60604			4
2024.10.18	03:00:00.237	0.60599				2
2024.10.18	03:00:00.547		0.60602			4
2024.10.18	03:00:01.547		0.60603			4
2024.10.18	03:00:02.002	0.60597	0.60601			6
2024.10.18	03:00:02.305	0.60599	0.60602			6
2024.10.18	03:00:02.617		0.60603			4
2024.10.18	03:00:02.925	0.60600	0.60604			6
2024.10.18	03:00:05.044		0.60602			4
2024.10.18	03:00:07.078		0.60601			4
2024.10.18	03:00:08.337	0.60597	0.60600			6
2024.10.18	03:00:08.643		0.60601			4
2024.10.18	03:00:09.401	0.60599				2
2024.10.18	03:00:09.720		0.60602			4
2024.10.18	03:00:11.474	0.60600	0.60604			6
2024.10.18	03:00:11.785		0.60605			4
2024.10.18	03:00:12.089	0.60598	0.60601			6
2024.10.18	03:00:12.397		0.60602			4
2024.10.18	03:00:14.511	0.60599	0.60603			6
2024.10.18	03:00:14.826		0.60601			4
2024.10.18	03:00:15.222	0.60598				2
2024.10.18	03:00:16.872		0.60602			4
2024.10.18	03:00:17.523		0.60601			4
2024.10.18	03:00:18.012		0.60602			4
2024.10.18	03:00:19.064		0.60601			4
2024.10.18	03:00:19.383	0.60597				2
2024.10.18	03:00:20.814	0.60599				2
2024.10.18	03:00:21.787		0.60600			4
2024.10.18	03:00:22.091	0.60597	0.60598			6
2024.10.18	03:00:25.351	0.60594	0.60596			6
2024.10.18	03:00:25.699	0.60595				2
2024.10.18	03:00:26.005	0.60599	0.60601			6
2024.10.18	03:00:26.325	0.60598				2
2024.10.18	03:00:27.878	0.60599				2
2024.10.18	03:00:28.184	0.60598				2
2024.10.18	03:00:30.156		0.60602			4
2024.10.18	03:00:30.465	0.60599				2
2024.10.18	03:00:33.632		0.60601			4
2024.10.18	03:00:35.912	0.60598				2
2024.10.18	03:00:36.219	0.60599				2
2024.10.18	03:00:37.224	0.60600				2
2024.10.18	03:00:38.375	0.60601	0.60603			6
2024.10.18	03:00:40.494	0.60600				2
2024.10.18	03:00:40.900	0.60601				2
2024.10.18	03:00:41.863	0.60599				2
2024.10.18	03:00:42.208	0.60598	0.60601			6
2024.10.18	03:00:44.773	0.60600	0.60603			6
2024.10.18	03:00:45.102	0.60601	0.60604			6
2024.10.18	03:00:45.465	0.60602	0.60605			6
2024.10.18	03:00:46.444	0.60601				2
2024.10.18	03:00:46.794	0.60602				2
2024.10.18	03:00:47.181	0.60601				2
2024.10.18	03:00:47.820	0.60602				2
2024.10.18	03:00:48.877	0.60603				2
2024.10.18	03:00:49.184	0.60602				2
2024.10.18	03:00:50.557	0.60601				2
2024.10.18	03:00:51.691	0.60598	0.60601			6
2024.10.18	03:00:53.831		0.60602			4
2024.10.18	03:00:54.154		0.60601			4
2024.10.18	03:00:54.458		0.60602			4
2024.10.18	03:00:54.926		0.60601			4
2024.10.18	03:00:55.585	0.60597				2
2024.10.18	03:00:57.098		0.60600			4
2024.10.18	03:00:57.404	0.60599	0.60602			6
2024.10.18	03:00:57.716	0.60598	0.60601			6
2024.10.18	03:00:58.769	0.60597				2
2024.10.18	03:00:59.460	0.60599	0.60602			6
2024.10.18	03:01:00.146	0.60597	0.60601			6
2024.10.18	03:01:00.450	0.60598	0.60602			6
2024.10.18	03:01:00.755	0.60600	0.60603			6
2024.10.18	03:01:01.494	0.60602	0.60605			6
2024.10.18	03:01:06.614	0.60598	0.60600			6
2024.10.18	03:01:06.925		0.60601			4
2024.10.18	03:01:07.230	0.60597				2
2024.10.18	03:01:11.076	0.60598				2
2024.10.18	03:01:11.513	0.60597				2
2024.10.18	03:01:14.401		0.60600			4
2024.10.18	03:01:15.083	0.60596	0.60599			6
2024.10.18	03:01:16.656		0.60598			4
2024.10.18	03:01:18.283	0.60594	0.60596			6
2024.10.18	03:01:19.433	0.60593				2
2024.10.18	03:01:19.744	0.60594	0.60597			6
2024.10.18	03:01:22.166	0.60593				2
2024.10.18	03:01:22.491	0.60594				2
2024.10.18	03:01:23.536	0.60596	0.60599			6
2024.10.18	03:01:24.447	0.60597	0.60600			6
2024.10.18	03:01:24.756		0.60601			4
2024.10.18	03:01:25.311		0.60600			4
2024.10.18	03:01:25.728	0.60595	0.60598			6
2024.10.18	03:01:27.370		0.60599			4
2024.10.18	03:01:28.369	0.60596				2
2024.10.18	03:01:28.682	0.60594	0.60598			6
2024.10.18	03:01:29.906	0.60591	0.60595			6
2024.10.18	03:01:30.249	0.60592	0.60596			6
2024.10.18	03:01:30.957	0.60593				2
2024.10.18	03:01:31.762	0.60592				2
2024.10.18	03:01:32.119	0.60593				2
2024.10.18	03:01:34.813	0.60594	0.60597			6
2024.10.18	03:01:35.190		0.60596			4
2024.10.18	03:01:35.720	0.60593	0.60595			6
2024.10.18	03:01:36.188		0.60596			4
2024.10.18	03:01:39.315		0.60595			4
2024.10.18	03:01:39.636		0.60596			4
2024.10.18	03:01:39.961		0.60597			4
2024.10.18	03:01:40.605	0.60594	0.60598			6
2024.10.18	03:01:41.224		0.60597			4
2024.10.18	03:01:44.323	0.60595	0.60598			6
2024.10.18	03:01:44.942		0.60599			4
2024.10.18	03:01:45.290	0.60594	0.60597			6
2024.10.18	03:01:47.061	0.60595	0.60598			6
2024.10.18	03:01:49.300		0.60599			4
2024.10.18	03:01:55.651		0.60598			4
2024.10.18	03:01:55.952	0.60591	0.60593			6
2024.10.18	03:01:56.292	0.60592	0.60595			6
2024.10.18	03:01:57.667	0.60593	0.60596			6
2024.10.18	03:01:59.166	0.60594	0.60597			6
2024.10.18	03:01:59.472	0.60595	0.60599			6
2024.10.18	03:01:59.794	0.60596				2
2024.10.18	03:02:00.374	0.60597				2
2024.10.18	03:02:00.675	0.60594	0.60597			6
2024.10.18	03:02:02.203	0.60595				2
2024.10.18	03:02:06.158	0.60593	0.60595			6
2024.10.18	03:02:06.833		0.60596			4
2024.10.18	03:02:07.283	0.60594	0.60597			6
2024.10.18	03:02:07.581		0.60596			4
2024.10.18	03:02:10.848	0.60595	0.60597			6
2024.10.18	03:02:11.652	0.60593	0.60596			6
2024.10.18	03:02:12.961	0.60594	0.60597			6
2024.10.18	03:02:16.746	0.60595	0.60598			6
2024.10.18	03:02:17.608	0.60594				2
2024.10.18	03:02:22.045	0.60595				2
2024.10.18	03:02:22.771	0.60593	0.60596			6
2024.10.18	03:02:30.379	0.60595	0.60598			6
2024.10.18	03:02:46.283	0.60596	0.60599			6
2024.10.18	03:02:52.869	0.60595				2
2024.10.18	03:02:55.902	0.60596				2
2024.10.18	03:03:01.374	0.60596				2
2024.10.18	03:03:03.719	0.60592	0.60595			6
2024.10.18	03:03:04.029	0.60593	0.60596			6
2024.10.18	03:03:04.499	0.60592	0.60595			6
2024.10.18	03:03:05.199	0.60593				2
2024.10.18	03:03:05.808		0.60596			4
2024.10.18	03:03:10.158	0.60594				2
2024.10.18	03:03:16.499	0.60593	0.60595			6
2024.10.18	03:03:17.098	0.60594	0.60597			6
2024.10.18	03:03:18.121	0.60595	0.60598			6
2024.10.18	03:03:19.398	0.60596	0.60599			6
2024.10.18	03:03:19.721	0.60595				2
2024.10.18	03:03:21.374		0.60598			4
2024.10.18	03:03:23.480	0.60596	0.60599			6
2024.10.18	03:03:23.785	0.60599	0.60601			6
2024.10.18	03:03:24.089	0.60598	0.60600			6
2024.10.18	03:03:24.541	0.60600	0.60603			6
2024.10.18	03:03:24.942		0.60602			4
2024.10.18	03:03:25.686	0.60599	0.60601			6
2024.10.18	03:03:26.021	0.60598				2
2024.10.18	03:03:27.498		0.60600			4
2024.10.18	03:03:28.414	0.60599				2
2024.10.18	03:03:29.751		0.60602			4
2024.10.18	03:03:30.368	0.60598	0.60600			6
2024.10.18	03:03:31.336		0.60601			4
2024.10.18	03:03:32.301	0.60599				2
2024.10.18	03:03:32.733	0.60598				2
2024.10.18	03:03:33.706	0.60599				2
2024.10.18	03:03:42.402	0.60598				2
2024.10.18	03:03:45.117	0.60599				2
2024.10.18	03:03:46.291	0.60602	0.60605			6
2024.10.18	03:03:46.633		0.60604			4
2024.10.18	03:03:47.229	0.60600	0.60603			6
2024.10.18	03:03:48.643	0.60602	0.60604			6
2024.10.18	03:03:49.154	0.60601	0.60603			6
2024.10.18	03:03:51.043	0.60602	0.60605			6
2024.10.18	03:03:53.719		0.60606			4
2024.10.18	03:03:54.352		0.60605			4
2024.10.18	03:03:55.482	0.60601	0.60604			6
2024.10.18	03:03:56.608	0.60600				2
2024.10.18	03:03:57.968	0.60601				2
2024.10.18	03:03:59.450	0.60600	0.60603			6
2024.10.18	03:04:00.129	0.60600				2
2024.10.18	03:04:01.903	0.60601				2
2024.10.18	03:04:03.564	0.60600				2
2024.10.18	03:04:08.982	0.60601				2
2024.10.18	03:04:09.893	0.60602				2
2024.10.18	03:04:10.251	0.60601				2
2024.10.18	03:04:10.892	0.60602	0.60605			6
2024.10.18	03:04:11.209		0.60606			4
2024.10.18	03:04:11.513	0.60603				2
2024.10.18	03:04:11.824	0.60602				2
2024.10.18	03:04:12.141		0.60605			4
2024.10.18	03:04:12.740	0.60604				2
2024.10.18	03:04:13.888	0.60603				2
2024.10.18	03:04:16.218	0.60604	0.60606			6
2024.10.18	03:04:17.797	0.60606	0.60607			6
2024.10.18	03:04:18.177	0.60605				2
2024.10.18	03:04:18.974	0.60606	0.60608			6
2024.10.18	03:04:19.309		0.60609			4
2024.10.18	03:04:19.641		0.60610			4
2024.10.18	03:04:19.985		0.60609			4
2024.10.18	03:04:20.652	0.60607	0.60610			6
2024.10.18	03:04:21.000	0.60606	0.60608			6
2024.10.18	03:04:21.391	0.60605				2
2024.10.18	03:04:23.716		0.60607			4
2024.10.18	03:04:24.030		0.60608			4
2024.10.18	03:04:24.340		0.60607			4
2024.10.18	03:04:25.326		0.60608			4
2024.10.18	03:04:25.641	0.60606				2
2024.10.18	03:04:26.001	0.60605				2
2024.10.18	03:04:26.322	0.60606				2
2024.10.18	03:04:26.937	0.60605	0.60607			6
2024.10.18	03:04:29.466	0.60604				2
2024.10.18	03:04:29.980	0.60605				2
2024.10.18	03:04:31.539	0.60606	0.60608			6
2024.10.18	03:04:37.323		0.60609			4
2024.10.18	03:04:38.624	0.60607				2
2024.10.18	03:04:38.963		0.60610			4
2024.10.18	03:04:39.265	0.60611	0.60614			6
2024.10.18	03:04:43.039	0.60610	0.60613			6
2024.10.18	03:04:43.343		0.60614			4
2024.10.18	03:04:43.644	0.60611				2
2024.10.18	03:04:45.756		0.60613			4
2024.10.18	03:04:47.761	0.60610				2
2024.10.18	03:04:48.081	0.60609	0.60611			6
2024.10.18	03:04:48.384	0.60608				2
2024.10.18	03:04:49.234	0.60609	0.60613			6
2024.10.18	03:04:49.541		0.60612			4
2024.10.18	03:04:50.266	0.60610	0.60613			6
2024.10.18	03:04:50.580	0.60609	0.60612			6
2024.10.18	03:04:50.891	0.60611	0.60613			6
2024.10.18	03:04:51.274	0.60610				2
2024.10.18	03:04:52.326	0.60611	0.60614			6
2024.10.18	03:04:53.224	0.60610	0.60613			6
2024.10.18	03:04:55.364	0.60609	0.60612			6
2024.10.18	03:04:55.718	0.60610	0.60613			6
2024.10.18	03:04:56.094	0.60609	0.60612			6
2024.10.18	03:04:56.405		0.60611			4
2024.10.18	03:04:56.789	0.60608				2
2024.10.18	03:04:58.827	0.60609				2
2024.10.18	03:04:59.441	0.60606	0.60609			6
2024.10.18	03:05:00.385	0.60608	0.60611			6
2024.10.18	03:05:00.686	0.60607	0.60610			6
2024.10.18	03:05:01.404	0.60608	0.60611			6
2024.10.18	03:05:02.481	0.60609				2
2024.10.18	03:05:02.896	0.60608				2
2024.10.18	03:05:08.652		0.60612			4
2024.10.18	03:05:09.332	0.60610	0.60613			6
2024.10.18	03:05:10.399	0.60609	0.60612			6
2024.10.18	03:05:12.449	0.60610	0.60613			6
2024.10.18	03:05:17.337		0.60612			4
2024.10.18	03:05:18.538		0.60613			4
2024.10.18	03:05:20.837	0.60609				2
2024.10.18	03:05:24.807		0.60612			4
2024.10.18	03:05:25.127	0.60611	0.60614			6
2024.10.18	03:05:26.431	0.60608	0.60611			6
2024.10.18	03:05:28.316	0.60610	0.60613			6
2024.10.18	03:05:28.626		0.60614			4
2024.10.18	03:05:29.033	0.60611				2
2024.10.18	03:05:30.053	0.60610	0.60613			6
2024.10.18	03:05:35.144		0.60614			4
2024.10.18	03:05:36.132		0.60613			4
2024.10.18	03:05:38.164	0.60609				2
2024.10.18	03:05:39.476		0.60612			4
2024.10.18	03:05:39.777		0.60613			4
2024.10.18	03:05:46.720	0.60610				2
2024.10.18	03:05:47.520	0.60612	0.60615			6
2024.10.18	03:05:47.855		0.60614			4
2024.10.18	03:05:49.979	0.60611				2
2024.10.18	03:05:57.373	0.60612	0.60616			6
2024.10.18	03:06:00.421	0.60612	0.60615			6
2024.10.18	03:06:03.858	0.60610	0.60613			6
2024.10.18	03:06:06.102	0.60609	0.60612			6
2024.10.18	03:06:06.452		0.60613			4
2024.10.18	03:06:12.781	0.60610				2
2024.10.18	03:06:14.254	0.60607	0.60609			6
2024.10.18	03:06:14.568	0.60605	0.60608			6
2024.10.18	03:06:15.762	0.60604				2
2024.10.18	03:06:17.741	0.60605				2
2024.10.18	03:06:20.751	0.60604	0.60607			6
2024.10.18	03:06:21.097	0.60605	0.60608			6
2024.10.18	03:06:25.155	0.60607	0.60610			6
2024.10.18	03:06:26.208	0.60606	0.60609			6
2024.10.18	03:06:32.911	0.60607	0.60610			6
2024.10.18	03:06:34.533		0.60609			4
2024.10.18	03:06:37.155	0.60606				2
2024.10.18	03:06:41.227	0.60604	0.60607			6
2024.10.18	03:06:41.954	0.60605	0.60608			6
2024.10.18	03:06:48.331	0.60603	0.60606			6
2024.10.18	03:06:53.014		0.60607			4
2024.10.18	03:06:54.345		0.60606			4
2024.10.18	03:06:55.575		0.60607			4
2024.10.18	03:06:56.025	0.60601				2
2024.10.18	03:06:56.623	0.60602				2
2024.10.18	03:06:57.101	0.60601	0.60606			6
2024.10.18	03:06:57.804	0.60602				2
2024.10.18	03:06:58.195	0.60603				2
2024.10.18	03:06:58.931		0.60607			4
2024.10.18	03:07:00.096	0.60603				2
2024.10.18	03:07:00.550	0.60602	0.60606			6
2024.10.18	03:07:00.864	0.60601	0.60605			6
2024.10.18	03:07:04.418		0.60604			4
2024.10.18	03:07:04.721		0.60605			4
2024.10.18	03:07:05.348		0.60606			4
2024.10.18	03:07:06.347	0.60604	0.60608			6
2024.10.18	03:07:07.491		0.60609			4
2024.10.18	03:07:07.812	0.60606				2
2024.10.18	03:07:08.191		0.60610			4
2024.10.18	03:07:08.892	0.60605				2
2024.10.18	03:07:09.574		0.60609			4
2024.10.18	03:07:10.877		0.60610			4
2024.10.18	03:07:13.270	0.60602	0.60607			6
2024.10.18	03:07:14.290		0.60606			4
2024.10.18	03:07:19.638		0.60607			4
2024.10.18	03:07:24.185		0.60606			4
2024.10.18	03:07:24.555		0.60607			4
2024.10.18	03:07:29.260		0.60606			4
2024.10.18	03:07:29.610		0.60607			4
2024.10.18	03:07:30.220		0.60606			4
2024.10.18	03:07:30.623		0.60607			4
2024.10.18	03:07:31.131		0.60606			4
2024.10.18	03:07:31.432		0.60607			4
2024.10.18	03:07:34.861		0.60606			4
2024.10.18	03:07:35.242		0.60607			4
2024.10.18	03:07:36.157		0.60606			4
2024.10.18	03:07:39.869	0.60599	0.60603			6
2024.10.18	03:07:44.750	0.60598	0.60602			6
2024.10.18	03:07:46.043	0.60599				2
2024.10.18	03:07:49.744	0.60601	0.60604			6
2024.10.18	03:07:53.466	0.60600				2
2024.10.18	03:07:54.147	0.60602	0.60606			6
2024.10.18	03:07:55.957	0.60601				2
2024.10.18	03:07:56.491	0.60600	0.60604			6
2024.10.18	03:08:00.295	0.60601				2
2024.10.18	03:08:00.597		0.60606			4
2024.10.18	03:08:00.910		0.60605			4
2024.10.18	03:08:01.549		0.60606			4
2024.10.18	03:08:04.456		0.60605			4
2024.10.18	03:08:05.072		0.60606			4
2024.10.18	03:08:05.963	0.60602	0.60605			6
2024.10.18	03:08:06.325	0.60600	0.60603			6
2024.10.18	03:08:06.640	0.60599				2
2024.10.18	03:08:10.339	0.60598	0.60602			6
2024.10.18	03:08:11.489	0.60599	0.60603			6
2024.10.18	03:08:13.261	0.60600	0.60605			6
2024.10.18	03:08:13.583		0.60604			4
2024.10.18	03:08:14.552	0.60603	0.60606			6
2024.10.18	03:08:15.123	0.60602				2
2024.10.18	03:08:17.406	0.60599	0.60603			6
2024.10.18	03:08:17.709		0.60602			4
2024.10.18	03:08:18.099		0.60603			4
2024.10.18	03:08:20.996	0.60601				2
2024.10.18	03:08:22.847	0.60598	0.60601			6
2024.10.18	03:08:23.668	0.60595	0.60599			6
2024.10.18	03:08:27.689		0.60598			4
2024.10.18	03:08:28.050	0.60594				2
2024.10.18	03:08:28.358	0.60595	0.60600			6
2024.10.18	03:08:29.299		0.60599			4
2024.10.18	03:08:46.248	0.60594	0.60598			6
2024.10.18	03:08:50.787	0.60595	0.60599			6
2024.10.18	03:08:53.459	0.60594				2
2024.10.18	03:08:54.173	0.60595				2
2024.10.18	03:08:57.675	0.60596	0.60600			6
2024.10.18	03:08:57.981		0.60599			4
2024.10.18	03:08:59.123	0.60598	0.60602			6
2024.10.18	03:09:00.161	0.60598				2
2024.10.18	03:09:00.484	0.60596	0.60600			6
2024.10.18	03:09:00.788	0.60595	0.60599			6
2024.10.18	03:09:01.857	0.60598	0.60602			6
2024.10.18	03:09:04.222	0.60597				2
2024.10.18	03:09:04.872	0.60598				2
2024.10.18	03:09:06.198	0.60596	0.60599			6
2024.10.18	03:09:07.562	0.60597	0.60601			6
2024.10.18	03:09:07.888		0.60602			4
2024.10.18	03:09:09.729		0.60601			4
2024.10.18	03:09:10.746	0.60596	0.60600			6
2024.10.18	03:09:11.714		0.60599			4
2024.10.18	03:09:14.623	0.60595				2
2024.10.18	03:09:18.881	0.60597	0.60601			6
2024.10.18	03:09:20.777	0.60596				2
2024.10.18	03:09:21.150		0.60600			4
2024.10.18	03:09:22.006		0.60601			4
2024.10.18	03:09:28.058	0.60597				2
2024.10.18	03:09:28.818	0.60594	0.60598			6
2024.10.18	03:09:29.125	0.60598	0.60600			6
2024.10.18	03:09:29.436	0.60599	0.60602			6
2024.10.18	03:09:29.799	0.60598	0.60601			6
2024.10.18	03:09:31.078		0.60602			4
2024.10.18	03:09:31.452		0.60601			4
2024.10.18	03:09:32.221		0.60602			4
2024.10.18	03:09:38.360		0.60601			4
2024.10.18	03:09:39.981	0.60597				2
2024.10.18	03:09:46.430	0.60598				2
2024.10.18	03:09:47.126		0.60602			4
2024.10.18	03:09:51.277		0.60601			4
2024.10.18	03:09:51.594		0.60602			4
2024.10.18	03:09:52.346		0.60601			4
2024.10.18	03:09:55.626	0.60597				2
2024.10.18	03:09:58.815	0.60598				2
2024.10.18	03:10:00.402	0.60601	0.60604			6
2024.10.18	03:10:00.707	0.60599	0.60602			6
2024.10.18	03:10:14.555	0.60600	0.60603			6
2024.10.18	03:10:15.433	0.60601	0.60605			6
2024.10.18	03:10:21.039	0.60602	0.60606			6
2024.10.18	03:10:21.867	0.60604	0.60608			6
2024.10.18	03:10:22.977	0.60603	0.60607			6
2024.10.18	03:10:26.347		0.60606			4
2024.10.18	03:10:29.386		0.60607			4
2024.10.18	03:10:30.897	0.60604				2
2024.10.18	03:10:31.205		0.60608			4
2024.10.18	03:10:31.894	0.60603	0.60606			6
2024.10.18	03:10:35.591	0.60602				2
2024.10.18	03:10:42.370	0.60599	0.60602			6
2024.10.18	03:10:44.735	0.60600	0.60603			6
2024.10.18	03:10:45.046	0.60602	0.60605			6
2024.10.18	03:10:45.680	0.60601				2
2024.10.18	03:10:46.725	0.60600	0.60604			6
2024.10.18	03:10:47.759	0.60599	0.60602			6
2024.10.18	03:10:48.068	0.60598	0.60601			6
2024.10.18	03:11:00.444	0.60598	0.60602			6
2024.10.18	03:11:01.081	0.60600	0.60603			6
2024.10.18	03:11:03.492	0.60601	0.60604			6
2024.10.18	03:11:03.898	0.60602				2
2024.10.18	03:11:04.206	0.60601	0.60605			6
2024.10.18	03:11:04.671		0.60604			4
2024.10.18	03:11:04.983	0.60602	0.60605			6
2024.10.18	03:11:05.285		0.60606			4
2024.10.18	03:11:12.557	0.60603				2
2024.10.18	03:11:12.938		0.60607			4
2024.10.18	03:11:13.383	0.60605	0.60608			6
2024.10.18	03:11:18.144	0.60604				2
2024.10.18	03:11:22.215	0.60606	0.60610			6
2024.10.18	03:11:22.519	0.60604	0.60608			6
2024.10.18	03:11:22.827		0.60607			4
2024.10.18	03:11:25.494	0.60607	0.60609			6
2024.10.18	03:11:25.805	0.60605	0.60608			6
2024.10.18	03:11:26.128	0.60604				2
2024.10.18	03:11:32.863	0.60605				2
2024.10.18	03:11:33.172	0.60606	0.60609			6
2024.10.18	03:11:37.373	0.60605				2
2024.10.18	03:11:38.802	0.60604	0.60608			6
2024.10.18	03:11:42.904		0.60607			4
2024.10.18	03:11:44.919	0.60602	0.60606			6
2024.10.18	03:11:49.818	0.60603				2
2024.10.18	03:11:50.749	0.60604	0.60607			6
2024.10.18	03:11:52.469	0.60601	0.60604			6
2024.10.18	03:11:52.784	0.60600				2
2024.10.18	03:11:53.223	0.60601				2
2024.10.18	03:11:53.536	0.60603	0.60606			6
2024.10.18	03:11:54.925	0.60602				2
2024.10.18	03:11:55.505		0.60605			4
2024.10.18	03:11:55.832		0.60606			4
2024.10.18	03:11:57.089	0.60603	0.60607			6
2024.10.18	03:11:58.888		0.60606			4
2024.10.18	03:12:00.409	0.60603				2
2024.10.18	03:12:01.417	0.60602				2
2024.10.18	03:12:02.032	0.60603				2
2024.10.18	03:12:03.729	0.60602				2
2024.10.18	03:12:04.409	0.60604	0.60608			6
2024.10.18	03:12:05.378	0.60603	0.60606			6
2024.10.18	03:12:08.788		0.60607			4
2024.10.18	03:12:09.273		0.60606			4
2024.10.18	03:12:10.868	0.60606	0.60608			6
2024.10.18	03:12:11.922	0.60605				2
2024.10.18	03:12:12.797	0.60604				2
2024.10.18	03:12:16.215	0.60603	0.60606			6
2024.10.18	03:12:18.261	0.60602				2
2024.10.18	03:12:19.389		0.60605			4
2024.10.18	03:12:19.691	0.60603	0.60606			6
2024.10.18	03:12:22.055	0.60604				2
2024.10.18	03:12:23.222	0.60603				2
2024.10.18	03:12:23.555	0.60604	0.60607			6
2024.10.18	03:12:27.941		0.60608			4
2024.10.18	03:12:28.306	0.60605				2
2024.10.18	03:12:32.441	0.60606	0.60607			6
2024.10.18	03:12:32.751	0.60607	0.60609			6
2024.10.18	03:12:33.487		0.60610			4
2024.10.18	03:12:33.833	0.60606				2
2024.10.18	03:12:37.141		0.60609			4
2024.10.18	03:12:37.443	0.60607	0.60610			6
2024.10.18	03:12:39.031	0.60608	0.60611			6
2024.10.18	03:12:39.349	0.60610	0.60614			6
2024.10.18	03:12:40.347	0.60608	0.60612			6
2024.10.18	03:12:40.726	0.60609				2
2024.10.18	03:12:41.518	0.60610	0.60613			6
2024.10.18	03:12:41.880		0.60614			4
2024.10.18	03:12:46.892		0.60613			4
2024.10.18	03:12:48.342	0.60613	0.60615			6
2024.10.18	03:12:48.645	0.60615	0.60617			6
2024.10.18	03:12:49.713	0.60616	0.60618			6
2024.10.18	03:12:50.020	0.60615				2
2024.10.18	03:12:54.044	0.60616				2
2024.10.18	03:13:00.152	0.60616				2
2024.10.18	03:13:01.926		0.60619			4
2024.10.18	03:13:02.231	0.60621	0.60623			6
2024.10.18	03:13:04.850	0.60622				2
2024.10.18	03:13:05.162	0.60621				2
2024.10.18	03:13:05.662	0.60625	0.60626			6
2024.10.18	03:13:05.964	0.60626	0.60627			6
2024.10.18	03:13:06.272		0.60628			4
2024.10.18	03:13:06.626	0.60625	0.60627			6
2024.10.18	03:13:07.428	0.60626				2
2024.10.18	03:13:09.220		0.60628			4
2024.10.18	03:13:10.593		0.60627			4
2024.10.18	03:13:12.351	0.60630	0.60631			6
2024.10.18	03:13:13.907	0.60629				2
2024.10.18	03:13:17.369		0.60632			4
2024.10.18	03:13:18.051		0.60631			4
2024.10.18	03:13:19.283	0.60627	0.60629			6
2024.10.18	03:13:19.586	0.60628	0.60631			6
2024.10.18	03:13:20.623	0.60629				2
2024.10.18	03:13:22.455		0.60632			4
2024.10.18	03:13:23.074		0.60631			4
2024.10.18	03:13:25.350		0.60632			4
2024.10.18	03:13:27.369		0.60631			4
2024.10.18	03:13:30.245	0.60628				2
2024.10.18	03:13:32.508		0.60630			4
2024.10.18	03:13:35.563		0.60631			4
2024.10.18	03:13:36.761	0.60625	0.60628			6
2024.10.18	03:13:37.365		0.60627			4
2024.10.18	03:13:37.706		0.60628			4
2024.10.18	03:13:38.585	0.60624	0.60626			6
2024.10.18	03:13:47.047	0.60625	0.60628			6
2024.10.18	03:13:51.279	0.60624	0.60626			6
2024.10.18	03:13:56.272	0.60625	0.60628			6
2024.10.18	03:13:59.061	0.60626	0.60629			6
2024.10.18	03:13:59.374	0.60627				2
2024.10.18	03:14:00.502	0.60627				2
2024.10.18	03:14:01.597		0.60630			4
2024.10.18	03:14:02.140		0.60629			4
2024.10.18	03:14:04.130		0.60630			4
2024.10.18	03:14:04.779		0.60629			4
2024.10.18	03:14:08.450	0.60624	0.60626			6
2024.10.18	03:14:08.758		0.60627			4
2024.10.18	03:14:09.455	0.60623	0.60626			6
2024.10.18	03:14:09.768	0.60624	0.60627			6
2024.10.18	03:14:10.405	0.60627	0.60631			6
2024.10.18	03:14:10.720		0.60630			4
2024.10.18	03:14:11.925		0.60631			4
2024.10.18	03:14:13.026	0.60628				2
2024.10.18	03:14:14.772		0.60630			4
2024.10.18	03:14:15.101		0.60631			4
2024.10.18	03:14:16.165	0.60627	0.60630			6
2024.10.18	03:14:16.476		0.60631			4
2024.10.18	03:14:16.966		0.60630			4
2024.10.18	03:14:19.583	0.60626	0.60629			6
2024.10.18	03:14:21.592	0.60625	0.60628			6
2024.10.18	03:14:30.050	0.60626	0.60629			6
2024.10.18	03:14:32.675	0.60627	0.60630			6
2024.10.18	03:14:33.392		0.60631			4
2024.10.18	03:14:33.705		0.60630			4
2024.10.18	03:14:35.983		0.60631			4
2024.10.18	03:14:37.327		0.60630			4
2024.10.18	03:14:38.369	0.60623	0.60625			6
2024.10.18	03:14:41.380		0.60626			4
2024.10.18	03:14:48.849	0.60625	0.60628			6
2024.10.18	03:14:57.688	0.60624	0.60625			6
2024.10.18	03:14:57.992		0.60627			4
2024.10.18	03:14:58.987		0.60626			4
2024.10.18	03:15:00.115	0.60624				2
2024.10.18	03:15:01.246	0.60621	0.60624			6
2024.10.18	03:15:01.656	0.60620	0.60622			6
2024.10.18	03:15:01.958	0.60619	0.60621			6
2024.10.18	03:15:02.726		0.60622			4
2024.10.18	03:15:03.471		0.60623			4
2024.10.18	03:15:03.785	0.60620				2
2024.10.18	03:15:08.281	0.60619	0.60621			6
2024.10.18	03:15:09.028	0.60618				2
2024.10.18	03:15:13.266	0.60616	0.60619			6
2024.10.18	03:15:13.906		0.60620			4
2024.10.18	03:15:14.415		0.60619			4
2024.10.18	03:15:16.904		0.60620			4
2024.10.18	03:15:19.122	0.60618	0.60621			6
2024.10.18	03:15:20.080		0.60620			4
2024.10.18	03:15:20.420		0.60621			4
2024.10.18	03:15:20.833		0.60622			4
2024.10.18	03:15:25.397		0.60621			4
2024.10.18	03:15:25.731		0.60622			4
2024.10.18	03:15:33.849	0.60619				2
2024.10.18	03:15:37.231	0.60618				2
2024.10.18	03:15:44.161	0.60617	0.60620			6
2024.10.18	03:15:44.570	0.60618				2
2024.10.18	03:15:45.297		0.60621			4
2024.10.18	03:15:49.349	0.60616	0.60620			6
2024.10.18	03:15:49.822		0.60619			4
2024.10.18	03:15:55.246	0.60614	0.60617			6
2024.10.18	03:15:55.661		0.60618			4
2024.10.18	03:15:58.042		0.60617			4
2024.10.18	03:15:58.449	0.60613	0.60616			6
2024.10.18	03:15:59.141	0.60612	0.60614			6
2024.10.18	03:15:59.452	0.60611				2
2024.10.18	03:16:00.379	0.60609	0.60612			6
2024.10.18	03:16:00.696		0.60613			4
2024.10.18	03:16:01.578	0.60610				2
2024.10.18	03:16:02.252		0.60614			4
2024.10.18	03:16:03.904	0.60609	0.60613			6
2024.10.18	03:16:04.673		0.60612			4
2024.10.18	03:16:05.067	0.60610	0.60613			6
2024.10.18	03:16:05.774		0.60614			4
2024.10.18	03:16:07.312	0.60613				2
2024.10.18	03:16:07.618	0.60611				2
2024.10.18	03:16:08.277	0.60614	0.60618			6
2024.10.18	03:16:09.983	0.60615				2
2024.10.18	03:16:12.240	0.60611	0.60614			6
2024.10.18	03:16:13.849	0.60610	0.60613			6
2024.10.18	03:16:37.644	0.60609				2
2024.10.18	03:16:44.223	0.60605	0.60608			6
2024.10.18	03:16:44.526	0.60604	0.60607			6
2024.10.18	03:16:54.349	0.60603	0.60604			6
