<DATE>	<TIME>	<BID>	<ASK>	<LAST>	<VOLUME>	<FLAGS>
2024.07.16	00:00:01.358	0.60707	0.60759			6
2024.07.16	00:00:05.763	0.60708				2
2024.07.16	00:00:31.265	0.60709				2
2024.07.16	00:00:58.750	0.60710				2
2024.07.16	00:01:00.534	0.60710				2
2024.07.16	00:01:03.211		0.60758			4
2024.07.16	00:01:03.532		0.60759			4
2024.07.16	00:01:03.868		0.60758			4
2024.07.16	00:01:04.200		0.60759			4
2024.07.16	00:01:06.947	0.60713	0.60761			6
2024.07.16	00:01:26.856	0.60725	0.60798			6
2024.07.16	00:01:34.927	0.60729	0.60800			6
2024.07.16	00:01:52.278	0.60727				2
2024.07.16	00:01:56.738	0.60729				2
2024.07.16	00:02:02.261	0.60726				2
2024.07.16	00:02:12.288	0.60727				2
2024.07.16	00:02:32.275	0.60726				2
2024.07.16	00:02:33.462		0.60798			4
2024.07.16	00:02:53.935	0.60724				2
2024.07.16	00:03:01.014	0.60724				2
2024.07.16	00:03:33.462		0.60798			4
2024.07.16	00:04:01.654	0.60724				2
2024.07.16	00:04:53.472		0.60798			4
2024.07.16	00:05:01.094	0.60721				2
2024.07.16	00:05:06.549	0.60737				2
2024.07.16	00:05:07.967	0.60736				2
2024.07.16	00:05:10.566		0.60801			4
2024.07.16	00:05:25.223	0.60735				2
2024.07.16	00:05:26.310	0.60736	0.60803			6
2024.07.16	00:05:27.344	0.60752				2
2024.07.16	00:05:44.840	0.60756	0.60808			6
2024.07.16	00:05:47.146	0.60741	0.60806			6
2024.07.16	00:06:04.308	0.60741				2
2024.07.16	00:06:50.326		0.60806			4
2024.07.16	00:07:00.187	0.60744	0.60799			6
2024.07.16	00:07:04.358	0.60745	0.60803			6
2024.07.16	00:08:05.190	0.60746	0.60803			6
2024.07.16	00:08:15.169	0.60747				2
2024.07.16	00:08:18.753	0.60746				2
2024.07.16	00:09:00.438	0.60746				2
2024.07.16	00:09:06.079		0.60803			4
2024.07.16	00:10:00.312	0.60746				2
2024.07.16	00:10:01.876	0.60751				2
2024.07.16	00:10:02.202	0.60750				2
2024.07.16	00:10:07.280		0.60803			4
2024.07.16	00:10:19.895	0.60747				2
2024.07.16	00:10:28.583	0.60746				2
2024.07.16	00:10:48.259	0.60745				2
2024.07.16	00:10:53.586	0.60742	0.60799			6
2024.07.16	00:11:00.357	0.60742				2
2024.07.16	00:11:02.210	0.60744				2
2024.07.16	00:11:03.958	0.60752	0.60819			6
2024.07.16	00:11:04.260	0.60740	0.60799			6
2024.07.16	00:11:05.144	0.60739				2
2024.07.16	00:11:09.562	0.60747	0.60818			6
2024.07.16	00:11:09.988	0.60746				2
2024.07.16	00:11:10.623	0.60739	0.60799			6
2024.07.16	00:11:15.803	0.60746	0.60818			6
2024.07.16	00:11:17.756	0.60739	0.60799			6
2024.07.16	00:11:32.907		0.60798			4
2024.07.16	00:11:38.127	0.60744				2
2024.07.16	00:11:39.587	0.60739				2
2024.07.16	00:11:45.984	0.60741				2
2024.07.16	00:11:53.928		0.60816			4
2024.07.16	00:12:00.686	0.60741				2
2024.07.16	00:12:04.223	0.60742				2
2024.07.16	00:12:05.219	0.60744				2
2024.07.16	00:12:10.225	0.60745				2
2024.07.16	00:12:10.976	0.60746				2
2024.07.16	00:12:13.368	0.60749	0.60814			6
2024.07.16	00:12:16.222	0.60750				2
2024.07.16	00:12:26.223	0.60751				2
2024.07.16	00:12:29.406	0.60748				2
2024.07.16	00:12:56.668		0.60801			4
2024.07.16	00:13:00.317	0.60748				2
2024.07.16	00:13:08.230	0.60749				2
2024.07.16	00:13:14.403		0.60823			4
2024.07.16	00:13:15.231	0.60750				2
2024.07.16	00:13:15.825	0.60746	0.60801			6
2024.07.16	00:13:34.996		0.60792			4
2024.07.16	00:13:36.157		0.60800			4
2024.07.16	00:14:02.781	0.60746	0.60813			6
2024.07.16	00:14:12.238	0.60749				2
2024.07.16	00:14:15.239	0.60750				2
2024.07.16	00:14:58.763		0.60814			4
2024.07.16	00:14:59.167		0.60813			4
2024.07.16	00:15:00.993	0.60750				2
2024.07.16	00:15:04.384		0.60801			4
2024.07.16	00:15:10.314	0.60742				2
2024.07.16	00:15:19.802		0.60791			4
2024.07.16	00:15:20.128		0.60800			4
2024.07.16	00:15:20.437		0.60791			4
2024.07.16	00:15:20.757		0.60800			4
2024.07.16	00:16:00.314	0.60742				2
2024.07.16	00:16:13.788		0.60794			4
2024.07.16	00:16:14.093		0.60800			4
2024.07.16	00:16:14.399		0.60794			4
2024.07.16	00:16:14.752		0.60800			4
2024.07.16	00:16:26.024	0.60747				2
2024.07.16	00:16:51.614	0.60752				2
2024.07.16	00:16:53.132	0.60745				2
2024.07.16	00:16:56.806	0.60752	0.60823			6
2024.07.16	00:16:57.144	0.60744				2
2024.07.16	00:17:00.320	0.60744				2
2024.07.16	00:17:05.323		0.60822			4
2024.07.16	00:17:21.983	0.60741	0.60813			6
2024.07.16	00:17:30.891	0.60742	0.60842			6
2024.07.16	00:17:31.200	0.60739	0.60832			6
2024.07.16	00:17:31.519	0.60738	0.60822			6
2024.07.16	00:17:34.951	0.60737				2
2024.07.16	00:17:38.478		0.60820			4
2024.07.16	00:17:43.025		0.60818			4
2024.07.16	00:17:43.981	0.60738	0.60811			6
2024.07.16	00:17:49.116	0.60737				2
2024.07.16	00:17:52.354		0.60809			4
2024.07.16	00:17:52.697		0.60811			4
2024.07.16	00:18:00.268	0.60737				2
2024.07.16	00:18:02.804	0.60739	0.60808			6
2024.07.16	00:18:10.108	0.60735				2
2024.07.16	00:18:10.882		0.60796			4
2024.07.16	00:18:16.128	0.60734				2
2024.07.16	00:18:17.781		0.60794			4
2024.07.16	00:18:18.161		0.60795			4
2024.07.16	00:18:18.957		0.60794			4
2024.07.16	00:18:22.882	0.60732				2
2024.07.16	00:18:23.184	0.60734				2
2024.07.16	00:18:25.981	0.60732				2
2024.07.16	00:18:30.544	0.60733				2
2024.07.16	00:18:33.315	0.60735	0.60793			6
2024.07.16	00:18:43.488	0.60731	0.60792			6
2024.07.16	00:18:53.654	0.60732	0.60791			6
2024.07.16	00:19:03.841	0.60732				2
2024.07.16	00:19:04.280		0.60793			4
2024.07.16	00:19:14.010		0.60794			4
2024.07.16	00:19:24.177		0.60792			4
2024.07.16	00:19:34.352		0.60791			4
2024.07.16	00:19:54.700		0.60790			4
2024.07.16	00:20:00.989	0.60732				2
2024.07.16	00:20:04.872		0.60789			4
2024.07.16	00:20:14.027	0.60727				2
2024.07.16	00:20:55.740		0.60790			4
2024.07.16	00:21:01.791	0.60733	0.60809			6
2024.07.16	00:21:02.095	0.60728				2
2024.07.16	00:21:02.408	0.60730				2
2024.07.16	00:21:03.073	0.60729	0.60805			6
2024.07.16	00:21:03.512	0.60728				2
2024.07.16	00:21:05.934		0.60801			4
2024.07.16	00:21:16.094	0.60725	0.60799			6
2024.07.16	00:21:26.268		0.60797			4
2024.07.16	00:21:36.438		0.60796			4
2024.07.16	00:21:46.567		0.60795			4
2024.07.16	00:22:00.131	0.60725				2
2024.07.16	00:22:16.133	0.60723				2
2024.07.16	00:22:16.441		0.60807			4
2024.07.16	00:22:18.350		0.60808			4
2024.07.16	00:22:21.097		0.60806			4
2024.07.16	00:22:27.105	0.60728				2
2024.07.16	00:22:32.359	0.60725	0.60808			6
2024.07.16	00:22:35.272	0.60726				2
2024.07.16	00:22:36.761	0.60727	0.60809			6
2024.07.16	00:22:37.473	0.60723				2
2024.07.16	00:22:38.457	0.60725				2
2024.07.16	00:22:38.760	0.60723				2
2024.07.16	00:22:40.309	0.60725				2
2024.07.16	00:22:41.360	0.60723				2
2024.07.16	00:22:41.671	0.60725				2
2024.07.16	00:22:42.080	0.60723				2
2024.07.16	00:22:42.464	0.60725				2
2024.07.16	00:22:43.202	0.60723				2
2024.07.16	00:22:45.116	0.60725				2
2024.07.16	00:22:45.456	0.60723				2
2024.07.16	00:22:45.770	0.60725				2
2024.07.16	00:22:47.646	0.60723				2
2024.07.16	00:23:00.453	0.60723				2
2024.07.16	00:23:02.480	0.60727	0.60807			6
2024.07.16	00:23:07.747		0.60806			4
2024.07.16	00:23:10.275		0.60805			4
2024.07.16	00:23:11.108	0.60730				2
2024.07.16	00:23:13.277	0.60731	0.60804			6
2024.07.16	00:23:13.579	0.60732				2
2024.07.16	00:23:18.164		0.60806			4
2024.07.16	00:23:28.339	0.60735	0.60808			6
2024.07.16	00:23:38.508		0.60809			4
2024.07.16	00:24:00.478	0.60735				2
2024.07.16	00:24:14.444	0.60729				2
2024.07.16	00:24:15.253	0.60730				2
2024.07.16	00:24:17.259	0.60731				2
2024.07.16	00:24:18.258	0.60732				2
2024.07.16	00:24:19.213	0.60719				2
2024.07.16	00:24:40.961		0.60809			4
2024.07.16	00:24:49.343	0.60718				2
2024.07.16	00:25:01.480	0.60718				2
2024.07.16	00:25:09.523	0.60717				2
2024.07.16	00:25:39.377	0.60718				2
2024.07.16	00:25:41.012		0.60809			4
2024.07.16	00:26:01.010	0.60718				2
2024.07.16	00:26:11.172	0.60717				2
2024.07.16	00:26:24.678	0.60720				2
2024.07.16	00:26:29.305	0.60717				2
2024.07.16	00:26:31.890	0.60715				2
2024.07.16	00:26:33.210	0.60717				2
2024.07.16	00:26:36.253	0.60715				2
2024.07.16	00:26:41.345		0.60809			4
2024.07.16	00:27:00.598	0.60715				2
2024.07.16	00:27:30.978		0.60808			4
2024.07.16	00:27:32.502		0.60801			4
2024.07.16	00:27:42.670	0.60723	0.60799			6
2024.07.16	00:27:52.843		0.60798			4
2024.07.16	00:28:00.680	0.60723				2
2024.07.16	00:28:13.202		0.60794			4
2024.07.16	00:28:23.384		0.60796			4
2024.07.16	00:28:33.557		0.60793			4
2024.07.16	00:28:43.728		0.60795			4
2024.07.16	00:28:53.910		0.60796			4
2024.07.16	00:28:56.478	0.60727				2
2024.07.16	00:29:03.853	0.60727	0.60798			6
2024.07.16	00:29:14.191		0.60799			4
2024.07.16	00:29:34.594		0.60800			4
2024.07.16	00:30:00.377	0.60727				2
2024.07.16	00:30:13.289		0.60794			4
2024.07.16	00:30:16.454		0.60790			4
2024.07.16	00:30:18.433		0.60789			4
2024.07.16	00:30:22.577		0.60788			4
2024.07.16	00:30:31.593		0.60787			4
2024.07.16	00:30:51.622		0.60792			4
2024.07.16	00:30:54.028	0.60718	0.60787			6
2024.07.16	00:30:54.327		0.60788			4
2024.07.16	00:30:56.047		0.60787			4
2024.07.16	00:31:01.265	0.60718				2
2024.07.16	00:31:04.465		0.60780			4
2024.07.16	00:31:04.813		0.60787			4
2024.07.16	00:31:05.143		0.60786			4
2024.07.16	00:31:05.466	0.60720	0.60787			6
2024.07.16	00:31:05.845		0.60786			4
2024.07.16	00:31:06.978	0.60719				2
2024.07.16	00:31:10.430	0.60718	0.60784			6
2024.07.16	00:31:11.011		0.60786			4
2024.07.16	00:31:11.651	0.60721	0.60788			6
2024.07.16	00:31:12.223	0.60718	0.60784			6
2024.07.16	00:31:15.691		0.60780			4
2024.07.16	00:31:16.212		0.60788			4
2024.07.16	00:31:16.517		0.60783			4
2024.07.16	00:31:16.877		0.60782			4
2024.07.16	00:31:17.188		0.60777			4
2024.07.16	00:31:17.652		0.60776			4
2024.07.16	00:31:19.077		0.60780			4
2024.07.16	00:31:23.080	0.60716	0.60779			6
2024.07.16	00:31:23.459	0.60715				2
2024.07.16	00:31:24.084		0.60780			4
2024.07.16	00:31:25.279	0.60717				2
2024.07.16	00:31:30.852		0.60779			4
2024.07.16	00:31:35.183	0.60716				2
2024.07.16	00:31:41.014		0.60780			4
2024.07.16	00:31:41.581	0.60714	0.60779			6
2024.07.16	00:31:46.919	0.60720	0.60780			6
2024.07.16	00:31:47.221	0.60721				2
2024.07.16	00:31:47.774	0.60716				2
2024.07.16	00:31:48.083	0.60718				2
2024.07.16	00:31:48.389	0.60717				2
2024.07.16	00:31:49.372	0.60716				2
2024.07.16	00:31:49.778	0.60720				2
2024.07.16	00:31:51.570	0.60719				2
2024.07.16	00:31:51.871	0.60721				2
2024.07.16	00:31:52.176	0.60718				2
2024.07.16	00:31:55.431	0.60719				2
2024.07.16	00:31:56.522	0.60722				2
2024.07.16	00:31:57.076	0.60717				2
2024.07.16	00:32:00.197	0.60723				2
2024.07.16	00:32:01.031	0.60718				2
2024.07.16	00:32:01.334	0.60723				2
2024.07.16	00:32:07.248	0.60719				2
2024.07.16	00:32:08.350	0.60720				2
2024.07.16	00:32:08.702	0.60721				2
2024.07.16	00:32:09.006	0.60723				2
2024.07.16	00:32:10.405	0.60718				2
2024.07.16	00:32:10.709	0.60720				2
2024.07.16	00:32:11.013	0.60718				2
2024.07.16	00:32:18.138	0.60721	0.60779			6
2024.07.16	00:32:18.449		0.60780			4
2024.07.16	00:32:18.756	0.60724				2
2024.07.16	00:32:20.985	0.60723				2
2024.07.16	00:32:25.329	0.60721				2
2024.07.16	00:32:27.637	0.60724				2
2024.07.16	00:32:28.244	0.60723				2
2024.07.16	00:32:28.563	0.60725				2
2024.07.16	00:32:38.219	0.60722				2
2024.07.16	00:32:43.197	0.60724				2
2024.07.16	00:32:54.849	0.60714	0.60772			6
2024.07.16	00:33:00.796	0.60714				2
2024.07.16	00:33:01.241		0.60771			4
2024.07.16	00:33:57.421		0.60770			4
2024.07.16	00:34:00.418	0.60714	0.60769			6
2024.07.16	00:34:13.146		0.60770			4
2024.07.16	00:34:25.078	0.60715	0.60772			6
2024.07.16	00:34:25.442	0.60714	0.60771			6
2024.07.16	00:34:25.806	0.60717	0.60773			6
2024.07.16	00:34:29.199	0.60722	0.60772			6
2024.07.16	00:34:29.839		0.60771			4
2024.07.16	00:34:30.187		0.60774			4
2024.07.16	00:34:36.427	0.60715	0.60772			6
2024.07.16	00:34:36.832		0.60771			4
2024.07.16	00:34:37.137		0.60770			4
2024.07.16	00:34:37.473		0.60771			4
2024.07.16	00:34:39.876		0.60769			4
2024.07.16	00:34:40.193		0.60770			4
2024.07.16	00:35:00.907	0.60715				2
2024.07.16	00:35:07.269	0.60717				2
2024.07.16	00:35:17.946		0.60771			4
2024.07.16	00:35:20.580		0.60769			4
2024.07.16	00:35:21.533		0.60768			4
2024.07.16	00:35:24.844	0.60718	0.60770			6
2024.07.16	00:35:26.000	0.60719	0.60771			6
2024.07.16	00:35:30.802	0.60724	0.60770			6
2024.07.16	00:35:31.163		0.60772			4
2024.07.16	00:35:36.648	0.60722	0.60773			6
2024.07.16	00:35:37.161		0.60771			4
2024.07.16	00:35:40.979	0.60723				2
2024.07.16	00:35:51.160	0.60719	0.60769			6
2024.07.16	00:35:51.465	0.60717	0.60772			6
2024.07.16	00:35:51.819	0.60720	0.60770			6
2024.07.16	00:35:52.142		0.60769			4
2024.07.16	00:36:11.368	0.60720	0.60770			6
2024.07.16	00:36:12.500	0.60725	0.60771			6
2024.07.16	00:36:27.579		0.60772			4
2024.07.16	00:36:32.284		0.60773			4
2024.07.16	00:36:48.321	0.60723				2
2024.07.16	00:36:51.413	0.60725	0.60775			6
2024.07.16	00:36:51.749	0.60723	0.60773			6
2024.07.16	00:36:52.475	0.60725	0.60772			6
2024.07.16	00:36:56.770	0.60722	0.60773			6
2024.07.16	00:37:00.876	0.60722				2
2024.07.16	00:37:03.089	0.60721				2
2024.07.16	00:37:06.577	0.60718	0.60774			6
2024.07.16	00:37:07.144		0.60770			4
2024.07.16	00:37:21.725	0.60717				2
2024.07.16	00:37:28.714		0.60769			4
2024.07.16	00:37:43.136		0.60771			4
2024.07.16	00:37:56.787		0.60772			4
2024.07.16	00:38:00.847	0.60717	0.60774			6
2024.07.16	00:38:01.281		0.60772			4
2024.07.16	00:38:06.654		0.60770			4
2024.07.16	00:38:21.455		0.60772			4
2024.07.16	00:38:23.756	0.60718	0.60771			6
2024.07.16	00:38:24.064	0.60717	0.60773			6
2024.07.16	00:38:43.928	0.60718	0.60771			6
2024.07.16	00:39:39.465	0.60720				2
2024.07.16	00:39:44.442	0.60718	0.60773			6
2024.07.16	00:39:45.077	0.60717				2
2024.07.16	00:40:00.871	0.60724	0.60775			6
2024.07.16	00:40:03.405	0.60726				2
2024.07.16	00:40:05.132	0.60727				2
2024.07.16	00:40:22.070	0.60725				2
2024.07.16	00:40:22.545	0.60727				2
2024.07.16	00:40:37.981	0.60729	0.60788			6
2024.07.16	00:40:38.348		0.60789			4
2024.07.16	00:40:39.038	0.60731	0.60787			6
2024.07.16	00:40:39.379		0.60784			4
2024.07.16	00:40:39.771	0.60729				2
2024.07.16	00:40:40.139		0.60783			4
2024.07.16	00:40:45.848		0.60782			4
2024.07.16	00:40:46.155	0.60728	0.60781			6
2024.07.16	00:40:56.322	0.60727				2
2024.07.16	00:40:59.479	0.60728				2
2024.07.16	00:41:00.908	0.60728	0.60783			6
2024.07.16	00:41:05.358		0.60782			4
2024.07.16	00:41:06.494	0.60727				2
2024.07.16	00:41:06.873	0.60728	0.60783			6
2024.07.16	00:41:07.243	0.60727				2
2024.07.16	00:41:16.666	0.60726				2
2024.07.16	00:41:17.312		0.60782			4
2024.07.16	00:41:17.932		0.60783			4
2024.07.16	00:41:23.665	0.60727				2
2024.07.16	00:41:25.855	0.60726	0.60782			6
2024.07.16	00:41:26.760		0.60781			4
2024.07.16	00:41:37.026		0.60782			4
2024.07.16	00:41:37.685		0.60781			4
2024.07.16	00:41:42.845		0.60782			4
2024.07.16	00:41:43.165		0.60781			4
2024.07.16	00:41:47.209	0.60727	0.60782			6
2024.07.16	00:41:47.536	0.60726	0.60781			6
2024.07.16	00:41:58.788		0.60782			4
2024.07.16	00:41:59.121		0.60781			4
2024.07.16	00:42:01.489	0.60726				2
2024.07.16	00:42:01.797	0.60727				2
2024.07.16	00:42:02.109	0.60726	0.60783			6
2024.07.16	00:42:02.453		0.60781			4
2024.07.16	00:42:02.754		0.60780			4
2024.07.16	00:42:03.837	0.60725				2
2024.07.16	00:42:04.351	0.60726				2
2024.07.16	00:42:04.663	0.60725				2
2024.07.16	00:42:07.554	0.60726				2
2024.07.16	00:42:17.729	0.60725	0.60777			6
2024.07.16	00:42:18.082	0.60724	0.60778			6
2024.07.16	00:42:30.822	0.60727				2
2024.07.16	00:42:31.128		0.60781			4
2024.07.16	00:42:40.313	0.60732	0.60785			6
2024.07.16	00:42:40.642		0.60784			4
2024.07.16	00:42:43.773		0.60786			4
2024.07.16	00:42:55.927	0.60737	0.60788			6
2024.07.16	00:42:56.231		0.60790			4
2024.07.16	00:42:57.680		0.60791			4
2024.07.16	00:43:00.246	0.60737				2
2024.07.16	00:43:03.350	0.60734				2
2024.07.16	00:43:11.644		0.60790			4
2024.07.16	00:43:12.310		0.60789			4
2024.07.16	00:43:13.042	0.60733	0.60790			6
2024.07.16	00:43:13.346		0.60789			4
2024.07.16	00:43:13.658	0.60734				2
2024.07.16	00:43:19.007	0.60733				2
2024.07.16	00:43:19.315	0.60734				2
2024.07.16	00:43:20.481		0.60790			4
2024.07.16	00:43:23.722	0.60733	0.60789			6
2024.07.16	00:43:24.822		0.60790			4
2024.07.16	00:43:26.819		0.60789			4
2024.07.16	00:43:31.645	0.60738	0.60790			6
2024.07.16	00:43:31.958	0.60736				2
2024.07.16	00:43:34.995		0.60789			4
2024.07.16	00:43:35.315		0.60790			4
2024.07.16	00:43:37.464		0.60789			4
2024.07.16	00:43:37.788		0.60790			4
2024.07.16	00:43:38.105		0.60789			4
2024.07.16	00:43:38.568		0.60790			4
2024.07.16	00:43:39.037		0.60789			4
2024.07.16	00:43:39.928	0.60731	0.60788			6
2024.07.16	00:43:40.229		0.60787			4
2024.07.16	00:43:40.538	0.60730	0.60788			6
2024.07.16	00:43:45.111	0.60731	0.60791			6
2024.07.16	00:43:48.847	0.60730	0.60790			6
2024.07.16	00:43:49.423		0.60789			4
2024.07.16	00:43:53.779	0.60728				2
2024.07.16	00:43:54.082		0.60787			4
2024.07.16	00:43:59.778	0.60729				2
2024.07.16	00:44:00.129	0.60729				2
2024.07.16	00:44:10.235	0.60728				2
2024.07.16	00:44:34.654		0.60785			4
2024.07.16	00:44:38.778	0.60729				2
2024.07.16	00:44:39.977	0.60728				2
2024.07.16	00:44:45.137		0.60784			4
2024.07.16	00:44:54.055	0.60727				2
2024.07.16	00:44:57.734	0.60728	0.60785			6
2024.07.16	00:45:00.952	0.60729	0.60787			6
2024.07.16	00:45:01.453	0.60727				2
2024.07.16	00:45:02.642	0.60728				2
2024.07.16	00:45:03.828	0.60729				2
2024.07.16	00:45:06.199	0.60744	0.60775			6
2024.07.16	00:45:08.696	0.60746	0.60777			6
2024.07.16	00:45:09.083	0.60747				2
2024.07.16	00:45:09.387		0.60776			4
2024.07.16	00:45:10.681		0.60777			4
2024.07.16	00:45:12.116		0.60778			4
2024.07.16	00:45:12.670		0.60776			4
2024.07.16	00:45:14.986	0.60745	0.60777			6
2024.07.16	00:45:15.394	0.60743	0.60778			6
2024.07.16	00:45:20.780	0.60744	0.60777			6
2024.07.16	00:45:21.923	0.60743	0.60776			6
2024.07.16	00:45:22.427		0.60778			4
2024.07.16	00:45:26.423	0.60744	0.60775			6
2024.07.16	00:45:31.670	0.60743	0.60774			6
2024.07.16	00:45:32.265		0.60773			4
2024.07.16	00:45:45.127	0.60742	0.60774			6
2024.07.16	00:45:45.436	0.60744				2
2024.07.16	00:45:45.982	0.60743				2
2024.07.16	00:45:53.239	0.60741				2
2024.07.16	00:45:53.983		0.60775			4
2024.07.16	00:45:55.229	0.60742	0.60773			6
2024.07.16	00:45:55.545	0.60741	0.60775			6
2024.07.16	00:45:56.593	0.60742	0.60773			6
2024.07.16	00:45:56.912	0.60741	0.60774			6
2024.07.16	00:45:57.927		0.60775			4
2024.07.16	00:46:01.151	0.60741				2
2024.07.16	00:46:20.842	0.60742	0.60773			6
2024.07.16	00:46:21.148	0.60741	0.60776			6
2024.07.16	00:46:24.255	0.60740				2
2024.07.16	00:46:30.746	0.60741				2
2024.07.16	00:46:39.980	0.60740				2
2024.07.16	00:46:51.381	0.60741				2
2024.07.16	00:46:56.238		0.60777			4
2024.07.16	00:46:57.060		0.60776			4
2024.07.16	00:46:57.678		0.60777			4
2024.07.16	00:47:01.010	0.60742				2
2024.07.16	00:47:01.440	0.60738	0.60780			6
2024.07.16	00:47:01.842	0.60737	0.60779			6
2024.07.16	00:47:02.629	0.60742	0.60777			6
2024.07.16	00:47:04.634	0.60741				2
2024.07.16	00:47:05.990	0.60742				2
2024.07.16	00:47:10.074		0.60776			4
2024.07.16	00:47:21.033		0.60777			4
2024.07.16	00:47:26.540		0.60776			4
2024.07.16	00:47:39.360	0.60741				2
2024.07.16	00:47:45.677		0.60775			4
2024.07.16	00:47:46.256		0.60776			4
2024.07.16	00:47:55.020		0.60775			4
2024.07.16	00:48:06.323	0.60741	0.60777			6
2024.07.16	00:48:06.639	0.60742				2
2024.07.16	00:48:07.255		0.60776			4
2024.07.16	00:48:07.579	0.60741				2
2024.07.16	00:48:10.144		0.60777			4
2024.07.16	00:48:10.657	0.60742				2
2024.07.16	00:48:12.202		0.60778			4
2024.07.16	00:48:12.504		0.60776			4
2024.07.16	00:48:13.966	0.60743				2
2024.07.16	00:48:14.342	0.60739				2
2024.07.16	00:48:14.879	0.60738				2
2024.07.16	00:48:15.268	0.60743				2
2024.07.16	00:48:16.351	0.60744				2
2024.07.16	00:48:16.980	0.60745	0.60775			6
2024.07.16	00:48:20.501	0.60743				2
2024.07.16	00:48:20.800	0.60747	0.60774			6
2024.07.16	00:48:23.358	0.60745				2
2024.07.16	00:48:23.756	0.60747				2
2024.07.16	00:48:26.178		0.60769			4
2024.07.16	00:48:27.452	0.60745				2
2024.07.16	00:48:31.259	0.60746				2
2024.07.16	00:49:00.721	0.60738	0.60759			6
2024.07.16	00:49:01.119	0.60739				2
2024.07.16	00:49:01.486	0.60738				2
2024.07.16	00:49:02.834	0.60739				2
2024.07.16	00:49:03.139	0.60737				2
2024.07.16	00:49:05.276	0.60739				2
2024.07.16	00:49:06.061	0.60738				2
2024.07.16	00:49:06.363	0.60739				2
2024.07.16	00:49:09.253	0.60740				2
2024.07.16	00:49:21.313	0.60744	0.60769			6
2024.07.16	00:49:21.713	0.60745				2
2024.07.16	00:49:31.433	0.60744				2
2024.07.16	00:49:31.789	0.60746				2
2024.07.16	00:49:33.181	0.60745				2
2024.07.16	00:49:34.451	0.60742	0.60761			6
2024.07.16	00:49:35.719	0.60741				2
2024.07.16	00:49:39.307	0.60742				2
2024.07.16	00:49:43.800	0.60741				2
2024.07.16	00:49:45.343	0.60742				2
2024.07.16	00:49:50.370	0.60741				2
2024.07.16	00:49:51.208	0.60740				2
2024.07.16	00:49:51.539	0.60742				2
2024.07.16	00:50:26.174	0.60742				2
2024.07.16	00:50:34.611		0.60761			4
2024.07.16	00:50:36.095	0.60741				2
2024.07.16	00:50:40.782	0.60742				2
2024.07.16	00:51:00.320	0.60742				2
2024.07.16	00:51:35.046		0.60761			4
2024.07.16	00:52:01.010	0.60742				2
2024.07.16	00:52:20.341	0.60743				2
2024.07.16	00:52:35.436		0.60761			4
2024.07.16	00:52:37.770	0.60744				2
2024.07.16	00:52:38.071	0.60743				2
2024.07.16	00:53:00.331	0.60743				2
2024.07.16	00:53:00.904	0.60744				2
2024.07.16	00:53:04.912	0.60743				2
2024.07.16	00:53:35.132	0.60745	0.60764			6
2024.07.16	00:53:35.712	0.60746				2
2024.07.16	00:53:36.037	0.60745				2
2024.07.16	00:53:43.220	0.60746				2
2024.07.16	00:53:43.522	0.60745				2
2024.07.16	00:53:46.284	0.60746				2
2024.07.16	00:53:59.563	0.60745				2
2024.07.16	00:54:00.313	0.60745				2
2024.07.16	00:54:35.142	0.60746	0.60764			6
2024.07.16	00:54:39.714	0.60747				2
2024.07.16	00:54:40.784	0.60746				2
2024.07.16	00:54:57.391	0.60747				2
2024.07.16	00:54:59.777	0.60746				2
2024.07.16	00:55:04.467	0.60746				2
2024.07.16	00:55:13.436	0.60747				2
2024.07.16	00:55:15.811	0.60746				2
2024.07.16	00:55:25.580	0.60745				2
2024.07.16	00:55:35.142		0.60764			4
2024.07.16	00:55:39.419	0.60746				2
2024.07.16	00:55:52.530	0.60745				2
2024.07.16	00:56:01.431	0.60746				2
2024.07.16	00:56:08.915		0.60763			4
2024.07.16	00:56:15.897	0.60745				2
2024.07.16	00:56:57.689	0.60746				2
2024.07.16	00:57:00.067	0.60746				2
2024.07.16	00:57:00.633	0.60745				2
2024.07.16	00:57:08.966	0.60747	0.60763			6
2024.07.16	00:57:40.960	0.60745				2
2024.07.16	00:57:41.363	0.60746				2
2024.07.16	00:57:41.765	0.60747	0.60766			6
2024.07.16	00:57:50.163	0.60748				2
2024.07.16	00:57:51.072	0.60747				2
2024.07.16	00:58:01.651	0.60748				2
2024.07.16	00:58:06.395	0.60747				2
2024.07.16	00:58:06.873	0.60749				2
2024.07.16	00:58:07.378	0.60748				2
2024.07.16	00:58:07.682	0.60747				2
2024.07.16	00:58:08.846	0.60748				2
2024.07.16	00:58:10.364	0.60747				2
2024.07.16	00:58:16.278	0.60748				2
2024.07.16	00:58:17.951	0.60749				2
2024.07.16	00:58:18.407	0.60747				2
2024.07.16	00:58:19.014	0.60748				2
2024.07.16	00:58:19.417	0.60747				2
2024.07.16	00:58:19.922	0.60748				2
2024.07.16	00:58:29.224	0.60747				2
2024.07.16	00:58:44.469		0.60766			4
2024.07.16	00:58:51.149	0.60748				2
2024.07.16	00:59:01.150	0.60748				2
2024.07.16	00:59:06.630	0.60749				2
2024.07.16	00:59:15.983	0.60748				2
2024.07.16	00:59:34.879	0.60750	0.60769			6
2024.07.16	00:59:35.181	0.60749				2
2024.07.16	00:59:35.483	0.60748				2
2024.07.16	00:59:35.795	0.60749				2
2024.07.16	00:59:36.149	0.60748				2
2024.07.16	00:59:46.278	0.60747				2
2024.07.16	00:59:46.899	0.60749				2
2024.07.16	01:00:00.307	0.60746				2
2024.07.16	01:00:00.626	0.60740	0.60759			6
2024.07.16	01:00:00.943	0.60739	0.60751			6
2024.07.16	01:00:01.245	0.60741	0.60753			6
2024.07.16	01:00:02.081	0.60738	0.60756			6
2024.07.16	01:00:02.404	0.60737				2
2024.07.16	01:00:02.929	0.60739	0.60754			6
2024.07.16	01:00:03.376		0.60753			4
2024.07.16	01:00:04.030		0.60752			4
2024.07.16	01:00:04.352		0.60748			4
2024.07.16	01:00:08.691	0.60730	0.60742			6
2024.07.16	01:00:09.165	0.60729	0.60741			6
2024.07.16	01:00:09.653	0.60739	0.60745			6
2024.07.16	01:00:10.316		0.60747			4
2024.07.16	01:00:14.339		0.60749			4
2024.07.16	01:00:15.638		0.60752			4
2024.07.16	01:00:19.904		0.60753			4
2024.07.16	01:00:25.956	0.60742	0.60754			6
2024.07.16	01:00:27.158		0.60753			4
2024.07.16	01:00:38.023	0.60737	0.60747			6
2024.07.16	01:00:39.010	0.60739				2
2024.07.16	01:00:39.359	0.60737				2
2024.07.16	01:00:40.231		0.60746			4
2024.07.16	01:00:41.874		0.60747			4
2024.07.16	01:00:49.286	0.60738				2
2024.07.16	01:00:51.017		0.60748			4
2024.07.16	01:00:51.404		0.60747			4
2024.07.16	01:01:00.310	0.60737	0.60744			6
2024.07.16	01:01:11.012	0.60738				2
2024.07.16	01:01:38.420		0.60743			4
2024.07.16	01:01:39.672		0.60744			4
2024.07.16	01:01:44.332		0.60742			4
2024.07.16	01:01:46.577	0.60734	0.60740			6
2024.07.16	01:01:47.932		0.60739			4
2024.07.16	01:01:58.864	0.60738				2
2024.07.16	01:01:59.213	0.60734				2
2024.07.16	01:01:59.519	0.60738				2
2024.07.16	01:01:59.821	0.60734				2
2024.07.16	01:02:00.404	0.60734				2
2024.07.16	01:02:11.407		0.60740			4
2024.07.16	01:02:12.225	0.60731	0.60735			6
2024.07.16	01:02:13.302	0.60730	0.60737			6
2024.07.16	01:02:13.667		0.60738			4
2024.07.16	01:02:16.407	0.60731				2
2024.07.16	01:02:24.351	0.60730				2
2024.07.16	01:02:29.262	0.60731				2
2024.07.16	01:03:00.417	0.60732	0.60737			6
2024.07.16	01:03:02.427	0.60731				2
2024.07.16	01:03:06.035		0.60735			4
2024.07.16	01:03:18.409	0.60730				2
2024.07.16	01:03:20.967		0.60737			4
2024.07.16	01:03:21.712	0.60731	0.60738			6
2024.07.16	01:03:27.025		0.60737			4
2024.07.16	01:03:40.387	0.60730				2
2024.07.16	01:03:44.387	0.60731				2
2024.07.16	01:03:55.429	0.60730				2
2024.07.16	01:04:00.422	0.60731				2
2024.07.16	01:04:29.637		0.60737			4
2024.07.16	01:04:32.181	0.60732				2
2024.07.16	01:05:00.435	0.60731	0.60735			6
2024.07.16	01:06:00.230	0.60731				2
2024.07.16	01:06:00.889		0.60735			4
2024.07.16	01:07:00.419	0.60731				2
2024.07.16	01:07:01.269		0.60736			4
2024.07.16	01:08:00.458	0.60731				2
2024.07.16	01:08:03.081		0.60736			4
2024.07.16	01:08:13.091		0.60734			4
2024.07.16	01:08:40.328		0.60735			4
2024.07.16	01:09:00.479	0.60731				2
2024.07.16	01:09:03.809		0.60736			4
2024.07.16	01:09:21.396	0.60733				2
2024.07.16	01:09:21.835	0.60732	0.60734			6
2024.07.16	01:09:22.136	0.60733	0.60736			6
2024.07.16	01:09:39.388	0.60732				2
2024.07.16	01:09:41.454	0.60730	0.60734			6
2024.07.16	01:09:43.994	0.60729				2
2024.07.16	01:10:00.305	0.60729				2
2024.07.16	01:10:31.150		0.60733			4
2024.07.16	01:10:33.225		0.60734			4
2024.07.16	01:11:02.551	0.60729				2
2024.07.16	01:11:21.374	0.60727	0.60732			6
2024.07.16	01:11:21.861	0.60725	0.60730			6
2024.07.16	01:11:22.174		0.60729			4
2024.07.16	01:11:26.726	0.60724				2
2024.07.16	01:11:56.985	0.60725				2
2024.07.16	01:12:01.422	0.60724				2
2024.07.16	01:12:02.373	0.60727				2
2024.07.16	01:12:02.700	0.60726				2
2024.07.16	01:12:03.007	0.60727				2
2024.07.16	01:12:03.676	0.60725				2
2024.07.16	01:12:05.810	0.60726				2
2024.07.16	01:12:15.419	0.60727				2
2024.07.16	01:12:25.878		0.60729			4
2024.07.16	01:12:33.987	0.60726				2
2024.07.16	01:12:38.241	0.60729	0.60733			6
2024.07.16	01:12:50.787	0.60730				2
2024.07.16	01:13:02.176	0.60730				2
2024.07.16	01:13:03.320	0.60729				2
2024.07.16	01:13:05.961	0.60730				2
2024.07.16	01:13:33.861	0.60731				2
2024.07.16	01:13:34.587	0.60730				2
2024.07.16	01:13:41.053		0.60733			4
2024.07.16	01:13:52.522	0.60729				2
2024.07.16	01:14:01.282	0.60729				2
2024.07.16	01:14:36.972	0.60730				2
2024.07.16	01:14:44.092		0.60733			4
2024.07.16	01:14:53.447	0.60732				2
2024.07.16	01:14:54.762	0.60729				2
2024.07.16	01:14:56.470	0.60732				2
2024.07.16	01:14:56.825	0.60733	0.60734			6
2024.07.16	01:15:08.592	0.60729	0.60733			6
2024.07.16	01:15:28.679	0.60732				2
2024.07.16	01:15:30.726	0.60728	0.60729			6
2024.07.16	01:15:33.468	0.60725				2
2024.07.16	01:15:34.247	0.60728				2
2024.07.16	01:15:42.351	0.60726				2
2024.07.16	01:15:51.816	0.60734	0.60736			6
2024.07.16	01:15:52.869	0.60735				2
2024.07.16	01:16:00.418	0.60734	0.60738			6
2024.07.16	01:16:00.719	0.60737				2
2024.07.16	01:16:03.884	0.60733	0.60734			6
2024.07.16	01:16:11.966	0.60732				2
2024.07.16	01:16:14.467		0.60733			4
2024.07.16	01:16:14.772		0.60734			4
2024.07.16	01:16:16.258	0.60735	0.60737			6
2024.07.16	01:16:18.979	0.60732	0.60736			6
2024.07.16	01:16:19.282		0.60737			4
2024.07.16	01:16:19.748		0.60736			4
2024.07.16	01:16:21.342	0.60733	0.60737			6
2024.07.16	01:16:26.307		0.60736			4
2024.07.16	01:16:28.244		0.60737			4
2024.07.16	01:16:30.251	0.60732	0.60736			6
2024.07.16	01:16:32.388		0.60735			4
2024.07.16	01:16:48.919		0.60734			4
2024.07.16	01:16:56.182	0.60733	0.60735			6
2024.07.16	01:16:56.499		0.60734			4
2024.07.16	01:16:57.036	0.60732				2
2024.07.16	01:17:00.313	0.60732				2
2024.07.16	01:17:06.540	0.60731				2
2024.07.16	01:17:14.648		0.60733			4
2024.07.16	01:17:16.671	0.60730	0.60732			6
2024.07.16	01:17:16.984	0.60729				2
2024.07.16	01:17:17.302	0.60730				2
2024.07.16	01:17:23.487	0.60729				2
2024.07.16	01:17:26.969	0.60730				2
2024.07.16	01:17:32.390	0.60725	0.60727			6
2024.07.16	01:17:36.685	0.60724				2
2024.07.16	01:17:37.008		0.60725			4
2024.07.16	01:17:41.380		0.60726			4
2024.07.16	01:17:41.692		0.60727			4
2024.07.16	01:17:47.263	0.60725				2
2024.07.16	01:17:49.874	0.60724				2
2024.07.16	01:17:57.481		0.60726			4
2024.07.16	01:17:59.818		0.60725			4
2024.07.16	01:18:00.413	0.60722				2
2024.07.16	01:18:07.081	0.60723				2
2024.07.16	01:18:10.371		0.60724			4
2024.07.16	01:18:12.688	0.60722				2
2024.07.16	01:18:18.980	0.60723				2
2024.07.16	01:18:21.996	0.60722				2
2024.07.16	01:18:27.466		0.60725			4
2024.07.16	01:18:27.776	0.60724	0.60726			6
2024.07.16	01:18:30.035	0.60723				2
2024.07.16	01:18:32.258	0.60724				2
2024.07.16	01:18:35.672	0.60723				2
2024.07.16	01:18:38.793	0.60724	0.60725			6
2024.07.16	01:18:39.124		0.60726			4
2024.07.16	01:18:43.557	0.60723				2
2024.07.16	01:18:45.892	0.60724				2
2024.07.16	01:18:49.886	0.60725				2
2024.07.16	01:18:58.380	0.60726	0.60727			6
2024.07.16	01:18:58.872	0.60725				2
2024.07.16	01:19:00.409	0.60725	0.60726			6
2024.07.16	01:19:07.299	0.60724				2
2024.07.16	01:19:16.331	0.60725				2
2024.07.16	01:19:33.083	0.60726	0.60727			6
2024.07.16	01:19:34.197	0.60725	0.60726			6
2024.07.16	01:20:00.181	0.60725				2
2024.07.16	01:20:00.488	0.60726	0.60727			6
2024.07.16	01:20:10.276	0.60725	0.60726			6
2024.07.16	01:20:17.871	0.60723	0.60725			6
2024.07.16	01:20:19.000	0.60724				2
2024.07.16	01:20:19.495		0.60726			4
2024.07.16	01:20:19.967	0.60725				2
2024.07.16	01:20:45.939	0.60726	0.60727			6
2024.07.16	01:21:00.442	0.60725	0.60726			6
2024.07.16	01:21:00.776	0.60726	0.60727			6
2024.07.16	01:21:01.198		0.60728			4
2024.07.16	01:21:03.906		0.60727			4
2024.07.16	01:21:04.731		0.60728			4
2024.07.16	01:21:05.062		0.60727			4
2024.07.16	01:21:40.127	0.60724	0.60725			6
2024.07.16	01:21:41.379	0.60725	0.60726			6
2024.07.16	01:21:46.994	0.60724	0.60725			6
2024.07.16	01:21:47.466	0.60725	0.60726			6
2024.07.16	01:22:00.441	0.60725				2
2024.07.16	01:22:11.178	0.60726	0.60727			6
2024.07.16	01:22:15.202	0.60727	0.60728			6
2024.07.16	01:22:19.613	0.60726				2
2024.07.16	01:22:21.060		0.60727			4
2024.07.16	01:22:26.589		0.60728			4
2024.07.16	01:22:27.355	0.60727				2
2024.07.16	01:22:27.709	0.60726				2
2024.07.16	01:22:31.516	0.60727				2
2024.07.16	01:22:51.216	0.60728	0.60729			6
2024.07.16	01:23:00.454	0.60726	0.60728			6
2024.07.16	01:23:02.466		0.60729			4
2024.07.16	01:23:37.614	0.60727				2
2024.07.16	01:23:38.638		0.60728			4
2024.07.16	01:24:01.149	0.60727				2
2024.07.16	01:24:38.904	0.60726	0.60728			6
2024.07.16	01:24:40.479	0.60725				2
2024.07.16	01:24:43.002	0.60726	0.60727			6
2024.07.16	01:24:43.483		0.60728			4
2024.07.16	01:25:00.439	0.60726	0.60727			6
2024.07.16	01:25:04.584		0.60728			4
2024.07.16	01:25:22.274	0.60733	0.60735			6
2024.07.16	01:25:22.579	0.60734				2
2024.07.16	01:25:28.100	0.60733				2
2024.07.16	01:25:29.160		0.60734			4
2024.07.16	01:25:31.487	0.60731	0.60732			6
2024.07.16	01:25:38.789	0.60730	0.60731			6
2024.07.16	01:25:58.029	0.60731	0.60732			6
2024.07.16	01:25:58.337	0.60730	0.60731			6
2024.07.16	01:26:00.425	0.60730				2
2024.07.16	01:26:06.690	0.60731	0.60732			6
2024.07.16	01:26:32.920	0.60730	0.60731			6
2024.07.16	01:26:37.583	0.60731	0.60732			6
2024.07.16	01:26:43.415	0.60730	0.60731			6
2024.07.16	01:26:55.410	0.60729	0.60730			6
2024.07.16	01:26:55.723	0.60730	0.60732			6
2024.07.16	01:27:00.102	0.60730				2
2024.07.16	01:27:02.094	0.60729	0.60731			6
2024.07.16	01:27:31.010		0.60730			4
2024.07.16	01:28:00.255	0.60728				2
2024.07.16	01:28:01.704	0.60729				2
2024.07.16	01:28:04.007	0.60730	0.60731			6
2024.07.16	01:28:05.081	0.60729	0.60730			6
2024.07.16	01:28:10.560	0.60728				2
2024.07.16	01:28:11.351	0.60729				2
2024.07.16	01:28:12.973		0.60731			4
2024.07.16	01:28:17.476		0.60730			4
2024.07.16	01:28:18.646		0.60731			4
2024.07.16	01:28:20.856		0.60730			4
2024.07.16	01:28:21.987	0.60730	0.60731			6
2024.07.16	01:28:22.323	0.60729	0.60730			6
2024.07.16	01:28:31.007	0.60728				2
2024.07.16	01:28:32.131	0.60729				2
2024.07.16	01:28:34.883		0.60731			4
2024.07.16	01:28:41.146	0.60730				2
2024.07.16	01:28:45.656	0.60729				2
2024.07.16	01:28:46.699	0.60727	0.60728			6
2024.07.16	01:28:47.629	0.60728	0.60730			6
2024.07.16	01:28:48.423	0.60727				2
2024.07.16	01:28:55.419	0.60728				2
2024.07.16	01:29:00.285	0.60728	0.60729			6
2024.07.16	01:29:00.629		0.60730			4
2024.07.16	01:29:02.458	0.60730	0.60732			6
2024.07.16	01:29:02.830		0.60731			4
2024.07.16	01:29:05.238	0.60728				2
2024.07.16	01:29:10.700	0.60729				2
2024.07.16	01:29:15.401		0.60730			4
2024.07.16	01:29:16.638		0.60731			4
2024.07.16	01:29:22.161		0.60730			4
2024.07.16	01:29:31.179	0.60728				2
2024.07.16	01:29:44.175	0.60729				2
2024.07.16	01:29:44.506		0.60731			4
2024.07.16	01:30:00.360	0.60727	0.60729			6
2024.07.16	01:30:02.531		0.60728			4
2024.07.16	01:30:09.585	0.60726	0.60727			6
2024.07.16	01:30:12.025	0.60727	0.60729			6
2024.07.16	01:30:13.407	0.60726				2
2024.07.16	01:30:21.732		0.60728			4
2024.07.16	01:30:31.311		0.60729			4
2024.07.16	01:30:32.779	0.60727				2
2024.07.16	01:30:35.780	0.60725	0.60728			6
2024.07.16	01:30:36.244	0.60736	0.60738			6
2024.07.16	01:30:36.649	0.60735				2
2024.07.16	01:30:36.962		0.60737			4
2024.07.16	01:30:37.622		0.60736			4
2024.07.16	01:30:38.225	0.60733				2
2024.07.16	01:30:41.806	0.60734				2
2024.07.16	01:30:42.730	0.60733				2
2024.07.16	01:30:44.662	0.60734				2
2024.07.16	01:30:52.035		0.60737			4
2024.07.16	01:30:52.349	0.60735				2
2024.07.16	01:30:53.608		0.60736			4
2024.07.16	01:30:54.901	0.60734				2
2024.07.16	01:31:00.079	0.60734				2
2024.07.16	01:31:02.005	0.60735	0.60737			6
2024.07.16	01:31:04.488	0.60732	0.60733			6
2024.07.16	01:31:04.810	0.60734	0.60735			6
2024.07.16	01:31:05.865	0.60733				2
2024.07.16	01:31:32.284	0.60734				2
2024.07.16	01:31:32.599	0.60735	0.60736			6
2024.07.16	01:31:36.257	0.60734				2
2024.07.16	01:31:40.412		0.60735			4
2024.07.16	01:31:50.910	0.60735	0.60736			6
2024.07.16	01:32:00.408	0.60733	0.60735			6
2024.07.16	01:32:01.262		0.60734			4
2024.07.16	01:32:15.080	0.60732				2
2024.07.16	01:32:21.972	0.60733				2
2024.07.16	01:32:24.351	0.60734	0.60735			6
2024.07.16	01:32:24.735	0.60733	0.60734			6
2024.07.16	01:32:27.136	0.60734	0.60735			6
2024.07.16	01:32:29.209	0.60733	0.60734			6
2024.07.16	01:32:41.948	0.60732				2
2024.07.16	01:33:02.066	0.60732				2
2024.07.16	01:33:09.189		0.60733			4
2024.07.16	01:33:11.709	0.60730	0.60731			6
2024.07.16	01:33:12.474	0.60729	0.60730			6
2024.07.16	01:34:00.277	0.60726	0.60727			6
2024.07.16	01:34:00.576	0.60725	0.60726			6
2024.07.16	01:34:02.101	0.60726	0.60727			6
2024.07.16	01:34:38.747	0.60725	0.60726			6
2024.07.16	01:34:39.155	0.60726	0.60727			6
2024.07.16	01:35:00.491	0.60725	0.60726			6
2024.07.16	01:36:00.303	0.60725				2
2024.07.16	01:36:00.856		0.60726			4
2024.07.16	01:36:59.574	0.60726	0.60727			6
2024.07.16	01:37:00.260	0.60726				2
2024.07.16	01:37:05.248	0.60725	0.60726			6
2024.07.16	01:37:08.607	0.60726	0.60727			6
2024.07.16	01:37:12.259	0.60725	0.60726			6
2024.07.16	01:37:19.776		0.60727			4
2024.07.16	01:38:01.149	0.60725				2
2024.07.16	01:38:16.887	0.60723	0.60724			6
2024.07.16	01:38:17.212	0.60724	0.60725			6
2024.07.16	01:38:25.596	0.60723	0.60724			6
2024.07.16	01:38:26.213	0.60724	0.60725			6
2024.07.16	01:38:29.585	0.60722	0.60724			6
2024.07.16	01:39:00.012	0.60722				2
2024.07.16	01:39:00.413		0.60723			4
2024.07.16	01:39:00.736	0.60725	0.60726			6
2024.07.16	01:39:31.843	0.60724				2
2024.07.16	01:39:34.773	0.60722	0.60724			6
2024.07.16	01:39:37.088	0.60723				2
2024.07.16	01:39:37.390		0.60725			4
2024.07.16	01:39:38.283	0.60722				2
2024.07.16	01:39:39.568		0.60724			4
2024.07.16	01:39:40.678		0.60725			4
2024.07.16	01:39:41.591		0.60724			4
2024.07.16	01:39:41.930	0.60720	0.60723			6
2024.07.16	01:39:42.239	0.60719	0.60722			6
2024.07.16	01:39:43.106	0.60720				2
2024.07.16	01:39:53.217		0.60721			4
2024.07.16	01:39:53.519		0.60722			4
2024.07.16	01:39:55.371	0.60719	0.60721			6
2024.07.16	01:39:55.684	0.60718	0.60720			6
2024.07.16	01:40:01.509	0.60718				2
2024.07.16	01:40:10.621	0.60717				2
2024.07.16	01:40:11.147	0.60718				2
2024.07.16	01:40:26.350	0.60717				2
2024.07.16	01:40:26.690	0.60718				2
2024.07.16	01:40:29.490	0.60717				2
2024.07.16	01:40:37.651	0.60718				2
2024.07.16	01:40:50.087	0.60719				2
2024.07.16	01:40:56.179		0.60720			4
2024.07.16	01:41:00.415	0.60719				2
2024.07.16	01:41:01.173	0.60720	0.60721			6
2024.07.16	01:41:16.345	0.60718	0.60719			6
2024.07.16	01:41:23.284	0.60722	0.60724			6
2024.07.16	01:41:23.603	0.60720	0.60721			6
2024.07.16	01:41:23.928	0.60719				2
2024.07.16	01:41:41.198	0.60721	0.60722			6
2024.07.16	01:41:41.502	0.60720				2
2024.07.16	01:42:00.420	0.60718	0.60720			6
2024.07.16	01:42:00.736	0.60719				2
2024.07.16	01:42:01.834	0.60718				2
2024.07.16	01:42:24.858	0.60720	0.60721			6
2024.07.16	01:42:25.174	0.60719	0.60720			6
2024.07.16	01:42:31.713	0.60718				2
2024.07.16	01:42:34.767	0.60719				2
2024.07.16	01:43:00.418	0.60719				2
2024.07.16	01:43:05.426	0.60720	0.60721			6
2024.07.16	01:43:08.424	0.60719	0.60720			6
2024.07.16	01:43:16.744	0.60720	0.60721			6
2024.07.16	01:43:27.089	0.60719	0.60720			6
2024.07.16	01:43:45.921	0.60718				2
2024.07.16	01:43:50.693	0.60719				2
2024.07.16	01:43:51.007	0.60720	0.60721			6
2024.07.16	01:43:55.445	0.60719	0.60720			6
2024.07.16	01:44:00.280	0.60719				2
2024.07.16	01:44:01.611	0.60718				2
2024.07.16	01:44:01.923	0.60716	0.60719			6
2024.07.16	01:44:09.019	0.60715	0.60716			6
2024.07.16	01:44:48.876	0.60716	0.60717			6
2024.07.16	01:44:56.614	0.60715	0.60716			6
2024.07.16	01:44:56.959	0.60714				2
2024.07.16	01:45:00.297	0.60714				2
2024.07.16	01:45:19.420	0.60719	0.60720			6
2024.07.16	01:45:21.241	0.60718				2
2024.07.16	01:45:26.891	0.60716	0.60718			6
2024.07.16	01:45:31.688		0.60719			4
2024.07.16	01:45:46.774	0.60717				2
2024.07.16	01:45:47.127	0.60716				2
2024.07.16	01:45:53.740		0.60717			4
2024.07.16	01:45:55.780		0.60718			4
2024.07.16	01:45:59.443	0.60717				2
2024.07.16	01:46:01.017	0.60716				2
2024.07.16	01:46:02.304	0.60717				2
2024.07.16	01:46:02.631		0.60719			4
2024.07.16	01:46:10.960	0.60716	0.60718			6
2024.07.16	01:46:21.373	0.60715	0.60717			6
2024.07.16	01:46:39.552	0.60716				2
2024.07.16	01:46:40.751		0.60718			4
2024.07.16	01:46:41.062		0.60717			4
2024.07.16	01:46:42.850	0.60715				2
2024.07.16	01:47:00.423	0.60715				2
2024.07.16	01:47:13.492	0.60716				2
2024.07.16	01:47:15.240	0.60715				2
2024.07.16	01:47:17.244	0.60716				2
2024.07.16	01:47:22.194	0.60715				2
2024.07.16	01:47:32.965	0.60714				2
2024.07.16	01:47:36.791	0.60716				2
2024.07.16	01:47:43.779		0.60717			4
2024.07.16	01:47:48.596		0.60718			4
2024.07.16	01:47:53.956		0.60719			4
2024.07.16	01:48:00.425	0.60716	0.60718			6
2024.07.16	01:48:02.816		0.60717			4
2024.07.16	01:48:03.120		0.60718			4
2024.07.16	01:48:56.410	0.60718	0.60719			6
2024.07.16	01:48:56.716	0.60716	0.60718			6
2024.07.16	01:49:01.148	0.60716				2
2024.07.16	01:49:06.688	0.60717	0.60720			6
2024.07.16	01:49:07.031	0.60718				2
2024.07.16	01:49:07.802	0.60717				2
2024.07.16	01:49:22.873		0.60719			4
2024.07.16	01:49:43.873		0.60720			4
2024.07.16	01:49:52.588		0.60719			4
2024.07.16	01:50:00.052	0.60717				2
2024.07.16	01:50:02.815	0.60716				2
2024.07.16	01:50:07.613	0.60717				2
2024.07.16	01:50:07.915	0.60716				2
2024.07.16	01:50:33.204		0.60718			4
2024.07.16	01:51:00.421	0.60716				2
2024.07.16	01:51:08.205		0.60719			4
2024.07.16	01:51:21.203		0.60718			4
2024.07.16	01:52:01.149	0.60716				2
2024.07.16	01:52:18.165	0.60713	0.60716			6
2024.07.16	01:52:18.507	0.60714				2
2024.07.16	01:53:00.435	0.60714				2
2024.07.16	01:53:13.091	0.60713				2
2024.07.16	01:53:18.516		0.60716			4
2024.07.16	01:53:20.027	0.60714				2
2024.07.16	01:53:28.985	0.60715				2
2024.07.16	01:53:44.830	0.60714				2
2024.07.16	01:53:45.134	0.60715				2
2024.07.16	01:53:45.846	0.60714				2
2024.07.16	01:53:51.986	0.60715				2
2024.07.16	01:54:04.880	0.60715				2
2024.07.16	01:54:14.916	0.60714	0.60717			6
2024.07.16	01:54:35.666		0.60716			4
2024.07.16	01:55:00.688	0.60714				2
2024.07.16	01:55:04.438		0.60715			4
2024.07.16	01:55:04.742		0.60716			4
2024.07.16	01:56:03.858	0.60714				2
2024.07.16	01:56:05.180		0.60716			4
2024.07.16	01:56:07.687	0.60711	0.60713			6
2024.07.16	01:56:09.758		0.60712			4
2024.07.16	01:56:11.031		0.60713			4
2024.07.16	01:56:18.301	0.60715	0.60717			6
2024.07.16	01:56:18.766	0.60717	0.60719			6
2024.07.16	01:56:19.070	0.60716	0.60717			6
2024.07.16	01:56:26.450		0.60718			4
2024.07.16	01:56:28.449		0.60717			4
2024.07.16	01:56:28.752		0.60718			4
2024.07.16	01:56:37.381		0.60717			4
2024.07.16	01:56:47.662	0.60722	0.60723			6
2024.07.16	01:56:47.965	0.60720	0.60722			6
2024.07.16	01:57:00.192	0.60720				2
2024.07.16	01:57:00.509	0.60721				2
2024.07.16	01:57:11.037		0.60723			4
2024.07.16	01:57:12.602	0.60720	0.60722			6
2024.07.16	01:57:15.245	0.60721				2
2024.07.16	01:57:20.213		0.60723			4
2024.07.16	01:57:30.443	0.60720				2
2024.07.16	01:57:41.369	0.60721				2
2024.07.16	01:57:43.778	0.60723	0.60725			6
2024.07.16	01:57:45.919	0.60722				2
2024.07.16	01:57:46.759	0.60723				2
2024.07.16	01:57:51.424	0.60724				2
2024.07.16	01:57:51.791	0.60726	0.60727			6
2024.07.16	01:57:53.922		0.60728			4
2024.07.16	01:58:00.433	0.60726				2
2024.07.16	01:58:08.986	0.60729	0.60731			6
2024.07.16	01:58:10.758		0.60730			4
2024.07.16	01:58:11.081	0.60728	0.60729			6
2024.07.16	01:58:28.758		0.60730			4
2024.07.16	01:58:30.821	0.60729				2
2024.07.16	01:58:31.125	0.60728				2
2024.07.16	01:58:32.932	0.60730	0.60732			6
2024.07.16	01:58:42.987		0.60733			4
2024.07.16	01:58:48.726		0.60732			4
2024.07.16	01:58:49.551		0.60733			4
2024.07.16	01:58:51.857		0.60734			4
2024.07.16	01:58:52.284		0.60733			4
2024.07.16	01:59:00.630	0.60730				2
2024.07.16	01:59:02.196	0.60731				2
2024.07.16	01:59:02.702		0.60734			4
2024.07.16	01:59:03.257		0.60733			4
2024.07.16	01:59:12.166	0.60735	0.60736			6
2024.07.16	01:59:12.482		0.60737			4
2024.07.16	01:59:12.815	0.60732	0.60734			6
2024.07.16	02:00:00.316	0.60732				2
2024.07.16	02:00:06.363	0.60733				2
2024.07.16	02:00:06.772	0.60731	0.60733			6
2024.07.16	02:00:17.615		0.60734			4
2024.07.16	02:00:19.604	0.60735	0.60737			6
2024.07.16	02:00:21.077	0.60733	0.60734			6
2024.07.16	02:00:25.783		0.60735			4
2024.07.16	02:00:30.499	0.60734				2
2024.07.16	02:00:39.824		0.60736			4
2024.07.16	02:00:40.636		0.60735			4
2024.07.16	02:00:54.208	0.60733	0.60734			6
2024.07.16	02:01:00.385	0.60733				2
2024.07.16	02:01:02.485		0.60735			4
2024.07.16	02:01:30.378	0.60732				2
2024.07.16	02:01:30.679	0.60731	0.60732			6
2024.07.16	02:01:41.374		0.60733			4
2024.07.16	02:01:41.759	0.60732				2
2024.07.16	02:01:46.677		0.60734			4
2024.07.16	02:01:51.531	0.60731	0.60733			6
2024.07.16	02:01:59.586	0.60732				2
2024.07.16	02:01:59.897	0.60731				2
2024.07.16	02:02:00.230	0.60731	0.60734			6
2024.07.16	02:02:07.594	0.60732				2
2024.07.16	02:02:07.918	0.60731				2
2024.07.16	02:02:08.595	0.60732				2
2024.07.16	02:02:17.422	0.60731				2
2024.07.16	02:02:18.381		0.60733			4
2024.07.16	02:02:26.120	0.60730	0.60731			6
2024.07.16	02:02:26.424	0.60727	0.60730			6
2024.07.16	02:02:26.745	0.60726	0.60729			6
2024.07.16	02:02:27.573		0.60728			4
2024.07.16	02:02:40.586	0.60733	0.60735			6
2024.07.16	02:02:41.216	0.60732	0.60734			6
2024.07.16	02:02:45.983	0.60731				2
2024.07.16	02:02:46.407		0.60735			4
2024.07.16	02:02:47.226	0.60732	0.60733			6
2024.07.16	02:02:49.223		0.60734			4
2024.07.16	02:02:55.528		0.60735			4
2024.07.16	02:02:55.919		0.60734			4
2024.07.16	02:02:59.943	0.60733	0.60735			6
2024.07.16	02:03:00.313	0.60732	0.60734			6
2024.07.16	02:03:09.030	0.60734	0.60736			6
2024.07.16	02:03:19.344	0.60735	0.60737			6
2024.07.16	02:03:21.900	0.60736	0.60738			6
2024.07.16	02:03:24.340	0.60737				2
2024.07.16	02:03:27.753	0.60736				2
2024.07.16	02:03:28.503		0.60737			4
2024.07.16	02:03:30.805		0.60738			4
2024.07.16	02:03:36.946		0.60737			4
2024.07.16	02:03:42.782		0.60738			4
2024.07.16	02:03:43.456		0.60737			4
2024.07.16	02:03:53.781	0.60735	0.60738			6
2024.07.16	02:04:00.236	0.60735				2
2024.07.16	02:04:05.998		0.60737			4
2024.07.16	02:04:18.255		0.60738			4
2024.07.16	02:04:18.655		0.60737			4
2024.07.16	02:04:21.006		0.60738			4
2024.07.16	02:04:22.309		0.60737			4
2024.07.16	02:04:36.127	0.60736	0.60738			6
2024.07.16	02:04:37.213	0.60735				2
2024.07.16	02:05:00.021	0.60735				2
2024.07.16	02:05:08.052	0.60742	0.60744			6
2024.07.16	02:05:08.379	0.60741	0.60743			6
2024.07.16	02:05:10.818		0.60742			4
2024.07.16	02:05:11.136		0.60743			4
2024.07.16	02:05:12.687		0.60742			4
2024.07.16	02:05:17.380		0.60744			4
2024.07.16	02:05:18.068	0.60742				2
2024.07.16	02:05:24.921	0.60741				2
2024.07.16	02:05:25.640	0.60742				2
2024.07.16	02:05:32.270	0.60741				2
2024.07.16	02:05:36.303	0.60742				2
2024.07.16	02:05:47.957	0.60741				2
2024.07.16	02:05:58.331	0.60742				2
2024.07.16	02:06:00.318	0.60742				2
2024.07.16	02:06:04.329	0.60741				2
2024.07.16	02:06:07.493	0.60742				2
2024.07.16	02:06:17.508		0.60744			4
2024.07.16	02:06:31.983	0.60741	0.60743			6
2024.07.16	02:06:33.646	0.60740	0.60741			6
2024.07.16	02:06:36.019		0.60742			4
2024.07.16	02:06:43.717		0.60741			4
2024.07.16	02:06:51.880	0.60741	0.60743			6
2024.07.16	02:06:52.255	0.60746	0.60747			6
2024.07.16	02:07:00.315	0.60746				2
2024.07.16	02:07:02.900		0.60748			4
2024.07.16	02:07:15.468		0.60747			4
2024.07.16	02:07:51.184	0.60750	0.60751			6
2024.07.16	02:07:51.504	0.60746	0.60747			6
2024.07.16	02:08:00.375	0.60746				2
2024.07.16	02:08:12.157	0.60744	0.60745			6
2024.07.16	02:08:14.312	0.60745	0.60746			6
2024.07.16	02:08:16.259		0.60747			4
2024.07.16	02:08:32.373		0.60748			4
2024.07.16	02:08:44.979	0.60746				2
2024.07.16	02:08:51.754	0.60745	0.60747			6
2024.07.16	02:09:00.317	0.60745				2
2024.07.16	02:09:10.281		0.60746			4
2024.07.16	02:09:25.824	0.60742	0.60743			6
2024.07.16	02:09:28.796	0.60743	0.60745			6
2024.07.16	02:09:31.889	0.60744	0.60746			6
2024.07.16	02:09:37.823		0.60745			4
2024.07.16	02:09:41.186	0.60743				2
2024.07.16	02:09:47.142	0.60745	0.60746			6
2024.07.16	02:09:53.774		0.60747			4
2024.07.16	02:10:00.342	0.60745				2
2024.07.16	02:10:26.698		0.60748			4
2024.07.16	02:10:28.366		0.60747			4
2024.07.16	02:10:37.797	0.60744	0.60746			6
2024.07.16	02:10:38.823	0.60745	0.60747			6
2024.07.16	02:10:46.618		0.60746			4
2024.07.16	02:10:47.111		0.60747			4
2024.07.16	02:11:00.323	0.60745				2
2024.07.16	02:11:11.145		0.60748			4
2024.07.16	02:11:12.750		0.60747			4
2024.07.16	02:11:22.182		0.60748			4
2024.07.16	02:11:37.857		0.60746			4
2024.07.16	02:11:38.162		0.60748			4
2024.07.16	02:11:50.981		0.60747			4
2024.07.16	02:12:00.189	0.60745				2
2024.07.16	02:12:09.378		0.60746			4
2024.07.16	02:12:09.998		0.60747			4
2024.07.16	02:12:12.209		0.60746			4
2024.07.16	02:13:00.157	0.60745				2
2024.07.16	02:13:12.358		0.60746			4
2024.07.16	02:13:21.009	0.60742	0.60743			6
2024.07.16	02:13:22.455	0.60743	0.60745			6
2024.07.16	02:13:29.231	0.60744	0.60747			6
2024.07.16	02:13:31.006	0.60745				2
2024.07.16	02:13:33.596	0.60747	0.60748			6
2024.07.16	02:13:33.897	0.60745	0.60747			6
2024.07.16	02:13:34.654		0.60746			4
2024.07.16	02:13:35.680		0.60748			4
2024.07.16	02:13:40.898		0.60749			4
2024.07.16	02:13:41.222	0.60750	0.60753			6
2024.07.16	02:13:41.526		0.60752			4
2024.07.16	02:13:44.220		0.60751			4
2024.07.16	02:13:49.884	0.60747				2
2024.07.16	02:13:52.259	0.60748				2
2024.07.16	02:13:52.581	0.60747				2
2024.07.16	02:13:53.370	0.60748				2
2024.07.16	02:13:53.685	0.60747				2
2024.07.16	02:13:54.826		0.60749			4
2024.07.16	02:13:55.127		0.60751			4
2024.07.16	02:13:58.305		0.60750			4
2024.07.16	02:14:00.202	0.60747				2
2024.07.16	02:14:01.101		0.60751			4
2024.07.16	02:14:01.675	0.60750				2
2024.07.16	02:14:07.628		0.60752			4
2024.07.16	02:14:11.244	0.60748	0.60751			6
2024.07.16	02:14:13.367		0.60750			4
2024.07.16	02:14:13.702		0.60751			4
2024.07.16	02:14:14.369		0.60750			4
2024.07.16	02:14:14.686		0.60751			4
2024.07.16	02:14:15.140		0.60750			4
2024.07.16	02:14:15.659		0.60751			4
2024.07.16	02:14:16.707	0.60747	0.60750			6
2024.07.16	02:14:22.569		0.60751			4
2024.07.16	02:14:23.204	0.60750	0.60752			6
2024.07.16	02:14:39.609		0.60751			4
2024.07.16	02:14:39.911		0.60752			4
2024.07.16	02:14:53.817	0.60751	0.60753			6
2024.07.16	02:14:56.632	0.60755	0.60757			6
2024.07.16	02:14:56.942	0.60757	0.60760			6
2024.07.16	02:14:59.941	0.60756				2
2024.07.16	02:15:00.318	0.60756				2
2024.07.16	02:15:16.738		0.60759			4
2024.07.16	02:15:20.293	0.60757	0.60758			6
2024.07.16	02:15:20.613	0.60758	0.60759			6
2024.07.16	02:15:20.931	0.60757				2
2024.07.16	02:15:21.627	0.60760	0.60763			6
2024.07.16	02:15:22.550		0.60761			4
2024.07.16	02:15:24.188	0.60761	0.60762			6
2024.07.16	02:15:39.420		0.60763			4
2024.07.16	02:15:43.350		0.60764			4
2024.07.16	02:15:44.279		0.60763			4
2024.07.16	02:15:44.588		0.60764			4
2024.07.16	02:15:50.823		0.60763			4
2024.07.16	02:15:51.142		0.60764			4
2024.07.16	02:15:52.400		0.60763			4
2024.07.16	02:15:54.485		0.60764			4
2024.07.16	02:15:56.370		0.60763			4
2024.07.16	02:15:58.096		0.60764			4
2024.07.16	02:15:59.315		0.60763			4
2024.07.16	02:16:00.095	0.60761	0.60764			6
2024.07.16	02:16:01.518	0.60766	0.60768			6
2024.07.16	02:16:01.857		0.60767			4
2024.07.16	02:16:02.313		0.60768			4
2024.07.16	02:16:04.957		0.60769			4
2024.07.16	02:16:14.042		0.60768			4
2024.07.16	02:16:14.765		0.60769			4
2024.07.16	02:16:15.084	0.60764	0.60766			6
2024.07.16	02:16:17.481	0.60763	0.60764			6
2024.07.16	02:16:17.825	0.60762				2
2024.07.16	02:16:26.501	0.60761	0.60763			6
2024.07.16	02:16:30.898	0.60763	0.60765			6
2024.07.16	02:16:31.202	0.60761	0.60762			6
2024.07.16	02:16:31.507		0.60763			4
2024.07.16	02:16:41.747		0.60762			4
2024.07.16	02:16:42.182	0.60757	0.60759			6
2024.07.16	02:16:43.091	0.60760	0.60762			6
2024.07.16	02:16:53.137		0.60763			4
2024.07.16	02:16:57.157		0.60761			4
2024.07.16	02:16:59.906	0.60759				2
2024.07.16	02:17:00.423	0.60759				2
2024.07.16	02:17:11.168	0.60758	0.60759			6
2024.07.16	02:17:12.428	0.60757				2
2024.07.16	02:17:18.861		0.60758			4
2024.07.16	02:17:19.215		0.60759			4
2024.07.16	02:17:21.005	0.60756	0.60757			6
2024.07.16	02:17:24.368	0.60754	0.60756			6
2024.07.16	02:17:39.673		0.60755			4
2024.07.16	02:17:45.245		0.60756			4
2024.07.16	02:17:47.635		0.60755			4
2024.07.16	02:17:47.941		0.60757			4
2024.07.16	02:17:48.377		0.60756			4
2024.07.16	02:17:57.705		0.60757			4
2024.07.16	02:17:58.390		0.60756			4
2024.07.16	02:18:00.414	0.60753	0.60755			6
2024.07.16	02:18:11.018	0.60751	0.60753			6
2024.07.16	02:18:15.183		0.60752			4
2024.07.16	02:18:18.943		0.60753			4
2024.07.16	02:18:19.984		0.60752			4
2024.07.16	02:18:21.078	0.60752	0.60754			6
2024.07.16	02:18:21.712	0.60753	0.60755			6
2024.07.16	02:18:36.357	0.60755	0.60758			6
2024.07.16	02:18:54.808	0.60757	0.60760			6
2024.07.16	02:18:59.984	0.60756	0.60759			6
2024.07.16	02:19:00.297	0.60756				2
2024.07.16	02:19:05.786	0.60757				2
2024.07.16	02:19:06.411	0.60758	0.60760			6
2024.07.16	02:19:06.878		0.60761			4
2024.07.16	02:19:08.344	0.60759				2
2024.07.16	02:19:14.037		0.60762			4
2024.07.16	02:19:14.821	0.60760				2
2024.07.16	02:19:15.126	0.60759				2
2024.07.16	02:19:18.935		0.60761			4
2024.07.16	02:19:25.902	0.60760	0.60762			6
2024.07.16	02:19:31.011	0.60759	0.60761			6
2024.07.16	02:19:37.087		0.60760			4
2024.07.16	02:19:38.405		0.60761			4
2024.07.16	02:20:00.029	0.60759				2
2024.07.16	02:20:00.438	0.60760	0.60762			6
2024.07.16	02:20:13.334	0.60759	0.60761			6
2024.07.16	02:20:26.386		0.60762			4
2024.07.16	02:20:28.409	0.60760				2
2024.07.16	02:20:28.714	0.60759				2
2024.07.16	02:20:31.271	0.60760				2
2024.07.16	02:20:32.631	0.60761	0.60763			6
2024.07.16	02:20:32.934	0.60760	0.60762			6
2024.07.16	02:20:56.287		0.60763			4
2024.07.16	02:20:56.591		0.60762			4
2024.07.16	02:21:00.380	0.60760				2
2024.07.16	02:21:17.377	0.60759	0.60760			6
2024.07.16	02:21:19.779	0.60758				2
2024.07.16	02:21:26.847	0.60759				2
2024.07.16	02:21:28.989		0.60761			4
2024.07.16	02:21:47.218	0.60760	0.60763			6
2024.07.16	02:22:00.007	0.60760				2
2024.07.16	02:22:07.324	0.60761				2
2024.07.16	02:22:14.583	0.60760				2
2024.07.16	02:22:17.772		0.60761			4
2024.07.16	02:22:18.331		0.60763			4
2024.07.16	02:22:26.421	0.60761				2
2024.07.16	02:22:27.590	0.60762	0.60765			6
2024.07.16	02:22:28.739	0.60765	0.60766			6
2024.07.16	02:22:29.044		0.60767			4
2024.07.16	02:22:36.683		0.60766			4
2024.07.16	02:22:59.882		0.60768			4
2024.07.16	02:23:00.185	0.60765	0.60767			6
2024.07.16	02:23:43.081	0.60762	0.60763			6
2024.07.16	02:23:43.412	0.60761	0.60762			6
2024.07.16	02:23:59.795		0.60764			4
2024.07.16	02:24:00.101	0.60763	0.60765			6
2024.07.16	02:24:00.807	0.60761	0.60763			6
2024.07.16	02:24:04.314		0.60762			4
2024.07.16	02:24:28.328	0.60760	0.60761			6
2024.07.16	02:24:28.634	0.60759				2
2024.07.16	02:24:47.367		0.60762			4
2024.07.16	02:24:48.777		0.60761			4
2024.07.16	02:24:51.165		0.60760			4
2024.07.16	02:24:54.601		0.60761			4
2024.07.16	02:25:00.433	0.60759	0.60760			6
2024.07.16	02:25:01.843		0.60761			4
2024.07.16	02:25:03.970		0.60760			4
2024.07.16	02:25:06.226		0.60761			4
2024.07.16	02:25:07.354		0.60760			4
2024.07.16	02:25:09.606	0.60758				2
2024.07.16	02:25:10.841		0.60761			4
2024.07.16	02:25:11.893	0.60759				2
2024.07.16	02:25:25.385		0.60762			4
2024.07.16	02:25:30.942		0.60761			4
2024.07.16	02:25:38.679		0.60762			4
2024.07.16	02:25:40.580		0.60761			4
2024.07.16	02:25:44.651		0.60760			4
2024.07.16	02:25:45.780		0.60761			4
2024.07.16	02:25:46.839		0.60760			4
2024.07.16	02:25:48.020		0.60761			4
2024.07.16	02:25:48.633	0.60758	0.60762			6
2024.07.16	02:25:49.165	0.60759	0.60761			6
2024.07.16	02:25:50.288		0.60760			4
2024.07.16	02:25:51.410		0.60761			4
2024.07.16	02:26:00.380	0.60759				2
2024.07.16	02:26:16.607	0.60760	0.60762			6
2024.07.16	02:26:25.088	0.60759				2
2024.07.16	02:26:27.729		0.60761			4
2024.07.16	02:26:30.324		0.60760			4
2024.07.16	02:26:31.641		0.60761			4
2024.07.16	02:26:41.780	0.60760	0.60762			6
2024.07.16	02:27:00.228	0.60760	0.60763			6
2024.07.16	02:27:25.667		0.60762			4
2024.07.16	02:27:36.641		0.60761			4
2024.07.16	02:27:37.418		0.60762			4
2024.07.16	02:27:44.187	0.60759	0.60760			6
2024.07.16	02:27:45.700		0.60761			4
2024.07.16	02:27:47.782		0.60760			4
2024.07.16	02:27:50.298		0.60761			4
2024.07.16	02:27:54.022		0.60760			4
2024.07.16	02:27:54.328		0.60761			4
2024.07.16	02:28:02.310	0.60759				2
2024.07.16	02:28:30.419		0.60760			4
2024.07.16	02:28:31.374		0.60761			4
2024.07.16	02:28:36.728	0.60760				2
2024.07.16	02:28:37.046		0.60762			4
2024.07.16	02:28:50.850	0.60759	0.60760			6
2024.07.16	02:29:00.305	0.60760	0.60762			6
2024.07.16	02:29:03.043	0.60759	0.60760			6
2024.07.16	02:29:04.519	0.60756	0.60757			6
2024.07.16	02:29:46.539		0.60758			4
2024.07.16	02:29:59.951		0.60757			4
2024.07.16	02:30:00.261	0.60756				2
2024.07.16	02:30:09.953		0.60758			4
2024.07.16	02:30:10.649	0.60757	0.60759			6
2024.07.16	02:30:13.076	0.60756	0.60757			6
2024.07.16	02:30:15.003		0.60758			4
2024.07.16	02:30:32.804	0.60757				2
2024.07.16	02:30:36.525		0.60759			4
2024.07.16	02:30:40.738	0.60756				2
2024.07.16	02:30:42.355		0.60758			4
2024.07.16	02:31:00.416	0.60756				2
2024.07.16	02:31:02.399	0.60757				2
2024.07.16	02:31:03.472	0.60759	0.60761			6
2024.07.16	02:31:15.503		0.60760			4
2024.07.16	02:31:28.650		0.60762			4
2024.07.16	02:31:38.095	0.60760				2
2024.07.16	02:31:40.445		0.60763			4
2024.07.16	02:31:43.473	0.60761				2
2024.07.16	02:31:43.803	0.60760				2
2024.07.16	02:31:47.206		0.60762			4
2024.07.16	02:32:01.148	0.60760				2
2024.07.16	02:32:03.493		0.60761			4
2024.07.16	02:32:03.847		0.60762			4
2024.07.16	02:32:22.799		0.60763			4
2024.07.16	02:32:38.563		0.60762			4
2024.07.16	02:32:43.005		0.60763			4
2024.07.16	02:32:59.086	0.60761	0.60764			6
2024.07.16	02:33:00.421	0.60761				2
2024.07.16	02:33:21.602	0.60762	0.60765			6
2024.07.16	02:33:31.877		0.60764			4
2024.07.16	02:34:01.059	0.60762				2
2024.07.16	02:34:16.953	0.60761	0.60763			6
2024.07.16	02:34:34.887		0.60762			4
2024.07.16	02:34:37.423		0.60763			4
2024.07.16	02:34:38.170		0.60762			4
2024.07.16	02:35:00.376	0.60761				2
2024.07.16	02:35:31.013		0.60763			4
2024.07.16	02:35:42.103		0.60762			4
2024.07.16	02:36:00.243	0.60761				2
2024.07.16	02:36:08.944	0.60760	0.60761			6
2024.07.16	02:36:55.361		0.60763			4
2024.07.16	02:36:55.666		0.60762			4
2024.07.16	02:37:00.421	0.60760				2
2024.07.16	02:37:46.641		0.60761			4
2024.07.16	02:38:00.426	0.60760				2
2024.07.16	02:38:12.851		0.60762			4
2024.07.16	02:38:32.603	0.60763	0.60765			6
2024.07.16	02:38:33.405	0.60762	0.60764			6
2024.07.16	02:38:46.622	0.60760	0.60762			6
2024.07.16	02:38:47.149		0.60761			4
2024.07.16	02:39:00.418	0.60760				2
2024.07.16	02:39:43.182		0.60762			4
2024.07.16	02:39:47.619	0.60762	0.60765			6
2024.07.16	02:40:00.083	0.60762				2
2024.07.16	02:40:00.420		0.60764			4
2024.07.16	02:40:05.756	0.60761	0.60763			6
2024.07.16	02:40:08.671		0.60762			4
2024.07.16	02:40:16.868		0.60763			4
2024.07.16	02:40:38.211	0.60763	0.60765			6
2024.07.16	02:40:38.860	0.60764	0.60767			6
2024.07.16	02:40:45.213	0.60765				2
2024.07.16	02:40:45.520	0.60764				2
2024.07.16	02:40:58.371		0.60766			4
2024.07.16	02:41:00.461	0.60764				2
2024.07.16	02:41:02.002	0.60762	0.60764			6
2024.07.16	02:41:04.426	0.60761	0.60763			6
2024.07.16	02:41:07.455		0.60762			4
2024.07.16	02:41:13.019	0.60759				2
2024.07.16	02:41:16.637	0.60760				2
2024.07.16	02:41:18.054	0.60763	0.60765			6
2024.07.16	02:41:19.303	0.60762				2
2024.07.16	02:41:27.401	0.60763				2
2024.07.16	02:41:32.810	0.60760	0.60762			6
2024.07.16	02:41:35.138	0.60759	0.60761			6
2024.07.16	02:41:55.607	0.60760				2
2024.07.16	02:41:55.909	0.60759				2
2024.07.16	02:42:00.195	0.60759				2
2024.07.16	02:42:06.666		0.60762			4
2024.07.16	02:42:06.994	0.60760				2
2024.07.16	02:42:17.418	0.60759				2
2024.07.16	02:42:17.742		0.60761			4
2024.07.16	02:42:18.936		0.60762			4
2024.07.16	02:42:19.254		0.60761			4
2024.07.16	02:42:30.171	0.60760	0.60762			6
2024.07.16	02:42:36.624	0.60762	0.60764			6
2024.07.16	02:42:37.285	0.60761	0.60763			6
2024.07.16	02:42:38.086	0.60762	0.60764			6
2024.07.16	02:42:41.659	0.60761	0.60763			6
2024.07.16	02:43:00.507	0.60761				2
2024.07.16	02:43:15.783		0.60764			4
2024.07.16	02:43:16.370		0.60763			4
2024.07.16	02:43:30.558	0.60760	0.60762			6
2024.07.16	02:43:36.812	0.60759				2
2024.07.16	02:43:42.406	0.60760				2
2024.07.16	02:43:45.181	0.60759	0.60761			6
2024.07.16	02:43:46.564	0.60761	0.60763			6
2024.07.16	02:43:46.995	0.60763	0.60765			6
2024.07.16	02:43:57.308		0.60766			4
2024.07.16	02:43:57.621	0.60764				2
2024.07.16	02:44:00.156	0.60764				2
2024.07.16	02:44:22.497		0.60765			4
2024.07.16	02:44:23.184		0.60766			4
2024.07.16	02:44:26.112		0.60765			4
2024.07.16	02:44:30.273		0.60766			4
2024.07.16	02:44:50.213		0.60765			4
2024.07.16	02:44:50.556		0.60766			4
2024.07.16	02:45:00.380	0.60762	0.60764			6
2024.07.16	02:45:01.601	0.60763	0.60765			6
2024.07.16	02:45:05.849	0.60762				2
2024.07.16	02:45:06.223	0.60763				2
2024.07.16	02:45:09.491	0.60762	0.60764			6
2024.07.16	02:45:10.664		0.60765			4
2024.07.16	02:45:11.017		0.60764			4
2024.07.16	02:45:12.357	0.60760	0.60762			6
2024.07.16	02:45:16.541		0.60761			4
2024.07.16	02:45:22.672		0.60762			4
2024.07.16	02:45:25.322		0.60761			4
2024.07.16	02:45:34.114		0.60762			4
2024.07.16	02:45:37.421		0.60761			4
2024.07.16	02:45:58.302		0.60763			4
2024.07.16	02:46:00.528	0.60760				2
2024.07.16	02:46:00.843	0.60761				2
2024.07.16	02:46:01.860	0.60762				2
2024.07.16	02:46:13.737	0.60760	0.60762			6
2024.07.16	02:46:14.043		0.60761			4
2024.07.16	02:46:45.773	0.60759	0.60760			6
2024.07.16	02:46:52.168		0.60761			4
2024.07.16	02:47:00.368	0.60759				2
2024.07.16	02:47:02.447		0.60760			4
2024.07.16	02:47:05.589	0.60754	0.60755			6
2024.07.16	02:47:13.429		0.60756			4
2024.07.16	02:47:15.621	0.60753				2
2024.07.16	02:47:16.537	0.60754				2
2024.07.16	02:47:20.209	0.60753				2
2024.07.16	02:47:27.392	0.60754				2
2024.07.16	02:47:34.018	0.60755	0.60757			6
2024.07.16	02:47:34.355	0.60754				2
2024.07.16	02:47:40.832		0.60756			4
2024.07.16	02:48:00.278	0.60754	0.60755			6
2024.07.16	02:48:00.608		0.60756			4
2024.07.16	02:48:00.939	0.60753				2
2024.07.16	02:48:02.564		0.60754			4
2024.07.16	02:48:02.880	0.60752				2
2024.07.16	02:48:10.608	0.60750	0.60752			6
2024.07.16	02:48:11.679	0.60751				2
2024.07.16	02:48:17.787	0.60750				2
2024.07.16	02:48:20.885	0.60751				2
2024.07.16	02:48:21.678	0.60750				2
2024.07.16	02:48:24.266	0.60751				2
2024.07.16	02:48:27.446		0.60753			4
2024.07.16	02:48:30.338	0.60750	0.60752			6
2024.07.16	02:48:33.746	0.60752	0.60754			6
2024.07.16	02:48:34.100	0.60753				2
2024.07.16	02:48:40.807	0.60752				2
2024.07.16	02:48:43.689	0.60753				2
2024.07.16	02:48:44.003	0.60752				2
2024.07.16	02:48:46.677	0.60751	0.60752			6
2024.07.16	02:48:53.899	0.60750				2
2024.07.16	02:49:00.453	0.60750				2
2024.07.16	02:49:06.013	0.60751				2
2024.07.16	02:49:06.316	0.60750				2
2024.07.16	02:49:06.616		0.60751			4
2024.07.16	02:49:08.448	0.60753	0.60754			6
2024.07.16	02:49:14.345	0.60754	0.60755			6
2024.07.16	02:49:23.809		0.60756			4
2024.07.16	02:49:29.029	0.60755				2
2024.07.16	02:49:34.079	0.60753	0.60755			6
2024.07.16	02:49:34.758	0.60755	0.60756			6
2024.07.16	02:49:37.480	0.60754				2
2024.07.16	02:49:46.806		0.60755			4
2024.07.16	02:49:47.114		0.60756			4
2024.07.16	02:49:56.684	0.60753	0.60755			6
2024.07.16	02:49:58.806		0.60754			4
2024.07.16	02:49:59.108		0.60755			4
2024.07.16	02:50:00.097	0.60753				2
2024.07.16	02:50:01.907	0.60752				2
2024.07.16	02:50:02.213	0.60753				2
2024.07.16	02:50:02.677	0.60752				2
2024.07.16	02:50:03.367	0.60753				2
2024.07.16	02:50:08.286	0.60754				2
2024.07.16	02:50:08.603	0.60753				2
2024.07.16	02:50:12.959	0.60755	0.60756			6
2024.07.16	02:50:28.585	0.60754				2
2024.07.16	02:50:33.168	0.60752	0.60754			6
2024.07.16	02:50:36.380	0.60753				2
2024.07.16	02:50:39.179	0.60750	0.60752			6
2024.07.16	02:50:45.553	0.60751				2
2024.07.16	02:50:49.330	0.60752	0.60753			6
2024.07.16	02:50:49.653	0.60751	0.60752			6
2024.07.16	02:50:55.406	0.60750				2
2024.07.16	02:50:56.626	0.60751				2
2024.07.16	02:50:58.004		0.60753			4
2024.07.16	02:50:58.974	0.60750	0.60752			6
2024.07.16	02:51:00.276	0.60750				2
2024.07.16	02:51:03.002	0.60752	0.60753			6
2024.07.16	02:51:03.949	0.60754	0.60755			6
2024.07.16	02:51:05.091	0.60753	0.60754			6
2024.07.16	02:51:27.921		0.60755			4
2024.07.16	02:51:32.145	0.60754				2
2024.07.16	02:51:33.082	0.60753				2
2024.07.16	02:51:34.247	0.60754				2
2024.07.16	02:51:35.041	0.60755	0.60756			6
2024.07.16	02:51:38.280	0.60754				2
2024.07.16	02:51:38.596		0.60755			4
2024.07.16	02:51:38.959	0.60753				2
2024.07.16	02:51:42.030	0.60754				2
2024.07.16	02:51:46.728	0.60756	0.60757			6
2024.07.16	02:52:00.251	0.60756				2
2024.07.16	02:52:00.936	0.60758	0.60759			6
2024.07.16	02:52:01.239	0.60757				2
2024.07.16	02:52:09.176	0.60756				2
2024.07.16	02:52:10.350	0.60757				2
2024.07.16	02:52:20.416	0.60758				2
2024.07.16	02:52:20.719	0.60757				2
2024.07.16	02:52:31.406	0.60758				2
2024.07.16	02:52:48.044	0.60757	0.60758			6
2024.07.16	02:53:00.535	0.60757	0.60759			6
2024.07.16	02:53:04.193		0.60758			4
2024.07.16	02:53:08.186		0.60759			4
2024.07.16	02:53:22.620	0.60758				2
2024.07.16	02:53:22.927	0.60757				2
2024.07.16	02:53:25.778		0.60758			4
2024.07.16	02:53:27.477		0.60759			4
2024.07.16	02:53:42.855	0.60756	0.60757			6
2024.07.16	02:53:51.119	0.60755				2
2024.07.16	02:53:53.510	0.60756				2
2024.07.16	02:53:54.492		0.60758			4
2024.07.16	02:54:00.054	0.60758	0.60760			6
2024.07.16	02:54:00.362	0.60759				2
2024.07.16	02:54:00.665	0.60758				2
2024.07.16	02:54:01.015	0.60757				2
2024.07.16	02:54:01.434		0.60758			4
2024.07.16	02:54:01.742	0.60758	0.60760			6
2024.07.16	02:54:03.214		0.60759			4
2024.07.16	02:54:13.511	0.60759	0.60760			6
2024.07.16	02:54:32.369	0.60758	0.60759			6
2024.07.16	02:54:33.728	0.60759	0.60760			6
2024.07.16	02:54:38.107	0.60758				2
2024.07.16	02:54:45.488	0.60759				2
2024.07.16	02:54:46.305	0.60757	0.60759			6
2024.07.16	02:54:46.623	0.60759	0.60760			6
2024.07.16	02:54:46.928	0.60760	0.60761			6
2024.07.16	02:54:47.242		0.60762			4
2024.07.16	02:54:51.815	0.60759				2
2024.07.16	02:54:57.617	0.60760				2
2024.07.16	02:55:00.144	0.60761				2
2024.07.16	02:55:06.453	0.60760				2
2024.07.16	02:55:11.009	0.60761	0.60763			6
2024.07.16	02:55:23.991	0.60762				2
2024.07.16	02:55:24.947	0.60764	0.60766			6
2024.07.16	02:55:46.103	0.60763	0.60765			6
2024.07.16	02:55:48.332		0.60766			4
2024.07.16	02:55:49.648	0.60764				2
2024.07.16	02:55:57.551	0.60763				2
2024.07.16	02:55:59.661	0.60764				2
2024.07.16	02:56:00.002	0.60764				2
2024.07.16	02:56:25.333	0.60763	0.60765			6
2024.07.16	02:56:30.342	0.60764	0.60766			6
2024.07.16	02:56:31.474	0.60763	0.60765			6
2024.07.16	02:56:33.863	0.60760	0.60762			6
2024.07.16	02:56:51.324		0.60763			4
2024.07.16	02:57:00.637	0.60760				2
2024.07.16	02:57:04.438		0.60762			4
2024.07.16	02:57:04.740		0.60763			4
2024.07.16	02:57:08.386	0.60764	0.60766			6
2024.07.16	02:57:11.744	0.60765	0.60767			6
2024.07.16	02:57:13.357	0.60764				2
2024.07.16	02:57:14.448		0.60766			4
2024.07.16	02:57:26.630		0.60767			4
2024.07.16	02:57:30.437		0.60766			4
2024.07.16	02:57:33.452	0.60763	0.60765			6
2024.07.16	02:57:48.101	0.60762				2
2024.07.16	02:57:48.435	0.60760	0.60762			6
2024.07.16	02:57:49.063	0.60762	0.60764			6
2024.07.16	02:57:52.956	0.60760	0.60763			6
2024.07.16	02:57:58.735	0.60761				2
2024.07.16	02:58:00.178	0.60761				2
2024.07.16	02:58:14.782	0.60760	0.60762			6
2024.07.16	02:58:32.595		0.60761			4
2024.07.16	02:58:48.323	0.60758	0.60760			6
2024.07.16	02:58:51.681	0.60759	0.60761			6
2024.07.16	02:58:52.304	0.60758				2
2024.07.16	02:59:00.097	0.60757	0.60760			6
2024.07.16	02:59:00.804	0.60758				2
2024.07.16	02:59:11.852	0.60757	0.60759			6
2024.07.16	02:59:12.880		0.60760			4
2024.07.16	02:59:13.990	0.60759				2
2024.07.16	02:59:14.312		0.60761			4
2024.07.16	02:59:40.932	0.60757	0.60760			6
2024.07.16	02:59:42.909		0.60759			4
2024.07.16	02:59:44.206		0.60760			4
2024.07.16	02:59:45.359	0.60758				2
2024.07.16	02:59:48.410	0.60760	0.60762			6
2024.07.16	02:59:53.661	0.60759	0.60761			6
2024.07.16	02:59:58.124	0.60758	0.60760			6
2024.07.16	03:00:00.181	0.60758	0.60761			6
2024.07.16	03:00:00.486		0.60760			4
2024.07.16	03:00:01.126	0.60759	0.60761			6
2024.07.16	03:00:02.219	0.60758				2
2024.07.16	03:00:02.525	0.60759				2
2024.07.16	03:00:02.881		0.60762			4
2024.07.16	03:00:03.619	0.60758	0.60761			6
2024.07.16	03:00:03.930	0.60759				2
2024.07.16	03:00:04.713	0.60758				2
2024.07.16	03:00:06.692	0.60759				2
2024.07.16	03:00:07.899	0.60758	0.60759			6
2024.07.16	03:00:08.205	0.60755	0.60756			6
2024.07.16	03:00:09.283	0.60752	0.60753			6
2024.07.16	03:00:09.603	0.60750	0.60751			6
2024.07.16	03:00:09.954		0.60752			4
2024.07.16	03:00:10.256	0.60751	0.60753			6
2024.07.16	03:00:10.562	0.60752	0.60754			6
2024.07.16	03:00:11.248		0.60755			4
2024.07.16	03:00:11.573		0.60754			4
2024.07.16	03:00:11.893		0.60755			4
2024.07.16	03:00:13.833	0.60754				2
2024.07.16	03:00:14.150	0.60752				2
2024.07.16	03:00:15.955		0.60754			4
2024.07.16	03:00:16.713	0.60754	0.60756			6
2024.07.16	03:00:18.332	0.60753	0.60755			6
2024.07.16	03:00:18.638	0.60752	0.60754			6
2024.07.16	03:00:19.255		0.60753			4
2024.07.16	03:00:20.890	0.60751				2
2024.07.16	03:00:24.376	0.60753	0.60755			6
2024.07.16	03:00:25.990	0.60752	0.60754			6
2024.07.16	03:00:26.309		0.60755			4
2024.07.16	03:00:28.526	0.60753				2
2024.07.16	03:00:30.934	0.60754				2
2024.07.16	03:00:31.243	0.60753				2
2024.07.16	03:00:32.282	0.60755	0.60756			6
2024.07.16	03:00:32.950	0.60756	0.60757			6
2024.07.16	03:00:34.381	0.60759	0.60760			6
2024.07.16	03:00:34.698	0.60758	0.60759			6
2024.07.16	03:00:36.285	0.60757				2
2024.07.16	03:00:37.958	0.60759	0.60760			6
2024.07.16	03:00:38.267	0.60758				2
2024.07.16	03:00:39.051	0.60760	0.60761			6
2024.07.16	03:00:39.363	0.60761	0.60762			6
2024.07.16	03:00:43.060	0.60764	0.60765			6
2024.07.16	03:00:43.816	0.60765	0.60766			6
2024.07.16	03:00:44.121	0.60764	0.60765			6
2024.07.16	03:00:45.882	0.60763				2
2024.07.16	03:00:46.641	0.60764				2
2024.07.16	03:00:48.169	0.60763				2
2024.07.16	03:00:50.326		0.60764			4
2024.07.16	03:00:50.633	0.60761	0.60763			6
2024.07.16	03:00:50.952	0.60762	0.60764			6
2024.07.16	03:00:51.262	0.60763				2
2024.07.16	03:00:52.112	0.60762				2
2024.07.16	03:00:53.065		0.60763			4
2024.07.16	03:00:54.302		0.60764			4
2024.07.16	03:00:54.944		0.60763			4
2024.07.16	03:00:56.280	0.60759	0.60762			6
2024.07.16	03:00:59.281	0.60760				2
2024.07.16	03:01:00.012	0.60760				2
2024.07.16	03:01:00.687	0.60759				2
2024.07.16	03:01:01.084		0.60760			4
2024.07.16	03:01:03.722		0.60761			4
2024.07.16	03:01:05.284		0.60760			4
2024.07.16	03:01:05.620		0.60761			4
2024.07.16	03:01:08.446		0.60760			4
2024.07.16	03:01:09.579	0.60761	0.60762			6
2024.07.16	03:01:09.882		0.60763			4
2024.07.16	03:01:10.762		0.60762			4
2024.07.16	03:01:14.871		0.60763			4
2024.07.16	03:01:15.182	0.60762				2
2024.07.16	03:01:15.508	0.60761				2
2024.07.16	03:01:16.181		0.60762			4
2024.07.16	03:01:17.830	0.60762	0.60763			6
2024.07.16	03:01:23.739	0.60761	0.60762			6
2024.07.16	03:01:25.230	0.60762	0.60763			6
2024.07.16	03:01:25.905		0.60764			4
2024.07.16	03:01:26.905	0.60763				2
2024.07.16	03:01:27.249	0.60762				2
2024.07.16	03:01:28.181	0.60763				2
2024.07.16	03:01:35.957	0.60765	0.60766			6
2024.07.16	03:01:37.261	0.60764				2
2024.07.16	03:01:40.305	0.60763	0.60765			6
2024.07.16	03:01:40.612		0.60764			4
2024.07.16	03:01:40.991		0.60765			4
2024.07.16	03:01:41.306	0.60762				2
2024.07.16	03:01:41.746		0.60764			4
2024.07.16	03:01:43.270	0.60761	0.60763			6
2024.07.16	03:01:46.638	0.60762	0.60764			6
2024.07.16	03:01:51.553	0.60764	0.60765			6
2024.07.16	03:01:52.380		0.60766			4
2024.07.16	03:01:53.805	0.60765				2
2024.07.16	03:01:54.158	0.60764				2
2024.07.16	03:01:54.523	0.60762	0.60764			6
2024.07.16	03:01:55.564	0.60761	0.60763			6
2024.07.16	03:01:59.182	0.60760	0.60762			6
2024.07.16	03:01:59.485	0.60759	0.60761			6
2024.07.16	03:02:00.190	0.60759	0.60762			6
2024.07.16	03:02:02.767	0.60761	0.60764			6
2024.07.16	03:02:03.068		0.60763			4
2024.07.16	03:02:05.001		0.60762			4
2024.07.16	03:02:08.512	0.60760	0.60761			6
2024.07.16	03:02:10.236	0.60759	0.60760			6
2024.07.16	03:02:11.311	0.60757	0.60759			6
2024.07.16	03:02:11.617	0.60756	0.60757			6
2024.07.16	03:02:12.281	0.60755	0.60756			6
2024.07.16	03:02:12.583		0.60757			4
2024.07.16	03:02:12.898	0.60756	0.60758			6
2024.07.16	03:02:13.510	0.60755	0.60757			6
2024.07.16	03:02:15.842	0.60756				2
2024.07.16	03:02:16.169	0.60755	0.60758			6
2024.07.16	03:02:18.656	0.60757	0.60759			6
2024.07.16	03:02:19.462	0.60755	0.60756			6
2024.07.16	03:02:25.456	0.60754				2
2024.07.16	03:02:28.162	0.60757	0.60759			6
2024.07.16	03:02:28.481		0.60758			4
2024.07.16	03:02:32.151	0.60755	0.60757			6
2024.07.16	03:02:32.778	0.60756				2
2024.07.16	03:02:33.082	0.60755				2
2024.07.16	03:02:33.430	0.60756				2
2024.07.16	03:02:34.302		0.60758			4
2024.07.16	03:02:34.604	0.60757	0.60759			6
2024.07.16	03:02:38.781	0.60756				2
2024.07.16	03:02:39.366		0.60758			4
2024.07.16	03:02:40.054	0.60757	0.60759			6
2024.07.16	03:02:40.461	0.60756				2
2024.07.16	03:02:43.767	0.60757				2
2024.07.16	03:02:47.421	0.60756				2
2024.07.16	03:02:47.735		0.60758			4
2024.07.16	03:02:50.221		0.60757			4
2024.07.16	03:02:50.523		0.60758			4
2024.07.16	03:02:51.180	0.60758	0.60759			6
2024.07.16	03:02:53.440	0.60759	0.60760			6
2024.07.16	03:02:54.658	0.60760	0.60761			6
2024.07.16	03:02:54.963	0.60759	0.60760			6
2024.07.16	03:02:55.308	0.60755	0.60756			6
2024.07.16	03:02:58.406		0.60757			4
2024.07.16	03:02:59.216		0.60756			4
2024.07.16	03:03:00.412	0.60755	0.60757			6
2024.07.16	03:03:00.723		0.60756			4
2024.07.16	03:03:02.598		0.60757			4
2024.07.16	03:03:04.474		0.60756			4
2024.07.16	03:03:05.255	0.60754				2
2024.07.16	03:03:08.565	0.60755				2
2024.07.16	03:03:15.391	0.60756	0.60757			6
2024.07.16	03:03:15.700	0.60757	0.60758			6
2024.07.16	03:03:17.070	0.60760	0.60761			6
2024.07.16	03:03:17.449	0.60759	0.60760			6
2024.07.16	03:03:23.185	0.60762	0.60764			6
2024.07.16	03:03:25.360	0.60763				2
2024.07.16	03:03:28.058	0.60762				2
2024.07.16	03:03:31.987	0.60763				2
2024.07.16	03:03:33.064	0.60761				2
2024.07.16	03:03:34.341	0.60763				2
2024.07.16	03:03:35.542	0.60762	0.60763			6
2024.07.16	03:03:36.029	0.60761				2
2024.07.16	03:03:37.123	0.60760	0.60762			6
2024.07.16	03:03:37.479	0.60761	0.60763			6
2024.07.16	03:03:38.175	0.60760	0.60761			6
2024.07.16	03:03:38.495	0.60759				2
2024.07.16	03:03:43.405		0.60760			4
2024.07.16	03:03:44.076		0.60761			4
2024.07.16	03:03:48.510	0.60760				2
2024.07.16	03:03:53.542	0.60759				2
2024.07.16	03:04:00.095	0.60759				2
2024.07.16	03:04:00.785		0.60760			4
2024.07.16	03:04:03.294		0.60761			4
2024.07.16	03:04:05.603	0.60754	0.60756			6
2024.07.16	03:04:06.295		0.60757			4
2024.07.16	03:04:08.360		0.60756			4
2024.07.16	03:04:08.670		0.60755			4
2024.07.16	03:04:08.983		0.60756			4
2024.07.16	03:04:09.285	0.60750	0.60752			6
2024.07.16	03:04:10.800	0.60749				2
2024.07.16	03:04:12.971	0.60751				2
2024.07.16	03:04:13.671	0.60750				2
2024.07.16	03:04:26.048	0.60748	0.60750			6
2024.07.16	03:04:26.363	0.60749				2
2024.07.16	03:04:26.665	0.60745	0.60746			6
2024.07.16	03:04:26.974	0.60747	0.60748			6
2024.07.16	03:04:27.285		0.60749			4
2024.07.16	03:04:31.487		0.60748			4
2024.07.16	03:04:32.472		0.60749			4
2024.07.16	03:04:33.436	0.60748				2
2024.07.16	03:04:33.745	0.60747				2
2024.07.16	03:04:43.278		0.60748			4
2024.07.16	03:04:43.581		0.60749			4
2024.07.16	03:04:43.893		0.60748			4
2024.07.16	03:04:44.542		0.60749			4
2024.07.16	03:04:45.844	0.60746	0.60747			6
2024.07.16	03:04:48.800	0.60745				2
2024.07.16	03:04:53.538	0.60742	0.60743			6
2024.07.16	03:04:53.842		0.60744			4
2024.07.16	03:04:54.177		0.60743			4
2024.07.16	03:04:55.561	0.60741				2
2024.07.16	03:04:56.528	0.60739	0.60741			6
2024.07.16	03:04:59.824	0.60741	0.60743			6
2024.07.16	03:05:00.130	0.60741				2
2024.07.16	03:05:00.904	0.60737	0.60738			6
2024.07.16	03:05:01.222	0.60738	0.60739			6
2024.07.16	03:05:02.945	0.60737				2
2024.07.16	03:05:03.286	0.60738				2
2024.07.16	03:05:09.238	0.60739	0.60740			6
2024.07.16	03:05:16.259	0.60738				2
2024.07.16	03:05:30.667		0.60741			4
2024.07.16	03:05:30.979	0.60739	0.60742			6
2024.07.16	03:05:31.283	0.60738				2
2024.07.16	03:05:31.756	0.60740				2
2024.07.16	03:05:32.063	0.60739	0.60741			6
2024.07.16	03:05:34.251		0.60742			4
2024.07.16	03:05:35.717		0.60741			4
2024.07.16	03:05:41.518	0.60738				2
2024.07.16	03:05:41.863	0.60739				2
2024.07.16	03:05:42.195	0.60740	0.60742			6
2024.07.16	03:05:42.502	0.60739				2
2024.07.16	03:05:42.846		0.60741			4
2024.07.16	03:05:48.399	0.60738				2
2024.07.16	03:05:48.701	0.60739				2
2024.07.16	03:05:51.477	0.60740	0.60742			6
2024.07.16	03:05:52.214	0.60739	0.60741			6
2024.07.16	03:05:52.521	0.60738	0.60740			6
2024.07.16	03:05:54.821		0.60741			4
2024.07.16	03:05:55.181	0.60739				2
2024.07.16	03:05:55.514	0.60738				2
2024.07.16	03:05:57.346	0.60739				2
2024.07.16	03:05:58.733	0.60738				2
2024.07.16	03:06:00.414	0.60739	0.60740			6
2024.07.16	03:06:01.545	0.60738				2
2024.07.16	03:06:04.164	0.60737				2
2024.07.16	03:06:04.604	0.60738				2
2024.07.16	03:06:08.502		0.60741			4
2024.07.16	03:06:08.956		0.60740			4
2024.07.16	03:06:18.236		0.60741			4
2024.07.16	03:06:18.556	0.60739				2
2024.07.16	03:06:19.949	0.60738				2
2024.07.16	03:06:21.481		0.60740			4
2024.07.16	03:06:23.407		0.60741			4
2024.07.16	03:06:23.725		0.60740			4
2024.07.16	03:06:24.099	0.60736	0.60738			6
2024.07.16	03:06:26.410	0.60738	0.60739			6
2024.07.16	03:06:26.723		0.60741			4
2024.07.16	03:06:27.047		0.60740			4
2024.07.16	03:06:27.373	0.60739	0.60741			6
2024.07.16	03:06:31.822	0.60738				2
2024.07.16	03:06:32.147	0.60739				2
2024.07.16	03:06:33.553	0.60738				2
2024.07.16	03:06:34.551	0.60739				2
2024.07.16	03:06:37.188	0.60738				2
2024.07.16	03:06:39.455		0.60740			4
2024.07.16	03:06:39.910		0.60741			4
2024.07.16	03:06:40.249	0.60740				2
2024.07.16	03:06:43.131	0.60741	0.60742			6
2024.07.16	03:06:47.622	0.60740	0.60741			6
2024.07.16	03:06:59.999	0.60742	0.60743			6
2024.07.16	03:07:00.440	0.60742				2
2024.07.16	03:07:01.079	0.60741				2
2024.07.16	03:07:01.438		0.60742			4
2024.07.16	03:07:02.804	0.60742	0.60743			6
2024.07.16	03:07:03.297	0.60744	0.60745			6
2024.07.16	03:07:04.179	0.60743				2
2024.07.16	03:07:05.099	0.60739	0.60741			6
2024.07.16	03:07:05.745	0.60742	0.60744			6
2024.07.16	03:07:06.062		0.60743			4
2024.07.16	03:07:07.207		0.60744			4
2024.07.16	03:07:07.990		0.60743			4
2024.07.16	03:07:08.322		0.60744			4
2024.07.16	03:07:08.637	0.60741				2
2024.07.16	03:07:08.999		0.60743			4
2024.07.16	03:07:09.612		0.60744			4
2024.07.16	03:07:09.968	0.60742				2
2024.07.16	03:07:11.612	0.60741	0.60743			6
2024.07.16	03:07:12.370	0.60742				2
2024.07.16	03:07:12.687		0.60744			4
2024.07.16	03:07:15.637	0.60741				2
2024.07.16	03:07:16.066	0.60740	0.60743			6
2024.07.16	03:07:17.102	0.60742	0.60744			6
2024.07.16	03:07:18.301	0.60741	0.60743			6
2024.07.16	03:07:18.935		0.60744			4
2024.07.16	03:07:20.166	0.60740	0.60742			6
2024.07.16	03:07:21.506	0.60741	0.60744			6
2024.07.16	03:07:22.613	0.60740	0.60742			6
2024.07.16	03:07:22.936	0.60739				2
2024.07.16	03:07:23.527		0.60743			4
2024.07.16	03:07:23.832	0.60740	0.60742			6
2024.07.16	03:07:27.328	0.60739				2
2024.07.16	03:07:28.738	0.60740				2
2024.07.16	03:07:30.412	0.60739	0.60741			6
2024.07.16	03:07:30.737	0.60740	0.60742			6
2024.07.16	03:07:31.366	0.60739				2
2024.07.16	03:07:32.302	0.60740				2
2024.07.16	03:07:33.321	0.60739				2
2024.07.16	03:07:34.985		0.60741			4
2024.07.16	03:07:35.418		0.60742			4
2024.07.16	03:07:37.044	0.60738	0.60741			6
2024.07.16	03:07:38.739	0.60737	0.60740			6
2024.07.16	03:07:39.044	0.60738				2
2024.07.16	03:07:39.353		0.60741			4
2024.07.16	03:07:40.386	0.60739				2
2024.07.16	03:07:44.998	0.60738				2
2024.07.16	03:07:45.609	0.60733	0.60736			6
2024.07.16	03:07:45.922		0.60735			4
2024.07.16	03:07:46.348	0.60734	0.60736			6
2024.07.16	03:07:46.679	0.60735	0.60737			6
2024.07.16	03:07:46.981	0.60736				2
2024.07.16	03:07:47.601	0.60735				2
2024.07.16	03:07:51.675	0.60734	0.60736			6
2024.07.16	03:07:53.212	0.60736	0.60737			6
2024.07.16	03:07:53.520	0.60734	0.60736			6
2024.07.16	03:07:54.704	0.60735	0.60737			6
2024.07.16	03:07:55.908	0.60732	0.60734			6
2024.07.16	03:07:56.935	0.60733	0.60735			6
2024.07.16	03:08:00.362	0.60732	0.60734			6
2024.07.16	03:08:00.663		0.60735			4
2024.07.16	03:08:00.985		0.60734			4
2024.07.16	03:08:05.108	0.60731				2
2024.07.16	03:08:05.496	0.60732				2
2024.07.16	03:08:06.201		0.60735			4
2024.07.16	03:08:06.861		0.60734			4
2024.07.16	03:08:07.206	0.60733	0.60735			6
2024.07.16	03:08:08.464	0.60732	0.60734			6
2024.07.16	03:08:09.139	0.60733	0.60735			6
2024.07.16	03:08:09.745	0.60732				2
2024.07.16	03:08:10.056		0.60734			4
2024.07.16	03:08:11.178		0.60735			4
2024.07.16	03:08:11.482	0.60733				2
2024.07.16	03:08:12.153	0.60732				2
2024.07.16	03:08:14.017		0.60734			4
2024.07.16	03:08:14.464		0.60735			4
2024.07.16	03:08:14.793		0.60734			4
2024.07.16	03:08:15.501	0.60731				2
2024.07.16	03:08:15.806	0.60732				2
2024.07.16	03:08:16.305	0.60733	0.60735			6
2024.07.16	03:08:16.661		0.60734			4
2024.07.16	03:08:21.331		0.60735			4
2024.07.16	03:08:23.586	0.60732				2
2024.07.16	03:08:24.057		0.60734			4
2024.07.16	03:08:24.434		0.60735			4
2024.07.16	03:08:25.849	0.60733				2
2024.07.16	03:08:27.884		0.60734			4
2024.07.16	03:08:28.211		0.60735			4
2024.07.16	03:08:31.350		0.60734			4
2024.07.16	03:08:32.110	0.60732	0.60733			6
2024.07.16	03:08:32.611		0.60734			4
2024.07.16	03:08:32.954		0.60733			4
2024.07.16	03:08:33.581	0.60733	0.60734			6
2024.07.16	03:08:36.344		0.60735			4
2024.07.16	03:08:37.978		0.60734			4
2024.07.16	03:08:38.355		0.60735			4
2024.07.16	03:08:39.372		0.60734			4
2024.07.16	03:08:40.579		0.60735			4
2024.07.16	03:08:42.083	0.60734				2
2024.07.16	03:08:42.738	0.60735	0.60736			6
2024.07.16	03:08:43.042	0.60734	0.60735			6
2024.07.16	03:08:52.414	0.60732	0.60734			6
2024.07.16	03:08:54.313	0.60733	0.60735			6
2024.07.16	03:08:56.621	0.60734				2
2024.07.16	03:08:57.729	0.60733				2
2024.07.16	03:09:00.406	0.60733				2
2024.07.16	03:09:10.400	0.60732	0.60734			6
2024.07.16	03:09:12.584	0.60733				2
2024.07.16	03:09:15.369	0.60734	0.60735			6
2024.07.16	03:09:15.885	0.60733	0.60734			6
2024.07.16	03:09:17.187		0.60735			4
2024.07.16	03:09:17.494	0.60734				2
2024.07.16	03:09:18.508	0.60733				2
2024.07.16	03:09:19.429	0.60734				2
2024.07.16	03:09:20.103	0.60733				2
2024.07.16	03:09:27.256	0.60734	0.60736			6
2024.07.16	03:09:27.557	0.60736	0.60737			6
2024.07.16	03:09:30.985	0.60734	0.60735			6
2024.07.16	03:09:31.320		0.60736			4
2024.07.16	03:09:32.451	0.60733				2
2024.07.16	03:09:32.771	0.60734	0.60735			6
2024.07.16	03:09:33.461		0.60736			4
2024.07.16	03:09:33.864		0.60735			4
2024.07.16	03:09:35.021	0.60733				2
2024.07.16	03:09:45.938	0.60735	0.60736			6
2024.07.16	03:09:46.700	0.60732	0.60733			6
2024.07.16	03:09:47.592	0.60731				2
2024.07.16	03:09:47.937	0.60729	0.60731			6
2024.07.16	03:09:49.404	0.60730	0.60732			6
2024.07.16	03:09:52.024	0.60731				2
2024.07.16	03:09:57.835	0.60730				2
2024.07.16	03:09:58.658		0.60731			4
2024.07.16	03:10:00.437	0.60730				2
2024.07.16	03:10:00.742	0.60729	0.60730			6
2024.07.16	03:10:02.587		0.60731			4
2024.07.16	03:10:03.296		0.60730			4
2024.07.16	03:10:04.248	0.60728				2
2024.07.16	03:10:05.503	0.60729				2
2024.07.16	03:10:05.827	0.60728	0.60731			6
2024.07.16	03:10:06.350	0.60729				2
2024.07.16	03:10:07.235	0.60728	0.60730			6
2024.07.16	03:10:08.336		0.60731			4
2024.07.16	03:10:09.367		0.60729			4
2024.07.16	03:10:10.006		0.60730			4
2024.07.16	03:10:12.762		0.60731			4
2024.07.16	03:10:13.303		0.60730			4
2024.07.16	03:10:14.907		0.60731			4
2024.07.16	03:10:15.585		0.60730			4
2024.07.16	03:10:16.366		0.60731			4
2024.07.16	03:10:16.721	0.60729	0.60730			6
2024.07.16	03:10:17.037		0.60731			4
2024.07.16	03:10:17.343	0.60728				2
2024.07.16	03:10:18.015		0.60730			4
2024.07.16	03:10:18.319		0.60731			4
2024.07.16	03:10:19.087		0.60730			4
2024.07.16	03:10:19.699		0.60731			4
2024.07.16	03:10:20.029	0.60729				2
2024.07.16	03:10:20.333	0.60728				2
2024.07.16	03:10:21.291	0.60729				2
2024.07.16	03:10:23.301	0.60728				2
2024.07.16	03:10:23.616	0.60729				2
2024.07.16	03:10:24.051	0.60728				2
2024.07.16	03:10:26.861		0.60730			4
2024.07.16	03:10:30.890		0.60731			4
2024.07.16	03:10:31.657		0.60730			4
2024.07.16	03:10:31.960		0.60731			4
2024.07.16	03:10:33.044	0.60729				2
2024.07.16	03:10:34.695	0.60728				2
2024.07.16	03:10:35.382	0.60729				2
2024.07.16	03:10:38.472	0.60728				2
2024.07.16	03:10:39.190	0.60726	0.60727			6
2024.07.16	03:10:39.503	0.60724	0.60726			6
2024.07.16	03:10:39.832		0.60725			4
2024.07.16	03:10:40.171		0.60726			4
2024.07.16	03:10:44.027	0.60722	0.60724			6
2024.07.16	03:10:44.391	0.60723				2
2024.07.16	03:10:45.998		0.60725			4
2024.07.16	03:10:58.418	0.60724				2
2024.07.16	03:10:59.441	0.60723				2
2024.07.16	03:11:00.146	0.60723				2
2024.07.16	03:11:00.467	0.60724	0.60726			6
2024.07.16	03:11:00.772	0.60723				2
2024.07.16	03:11:01.517		0.60724			4
2024.07.16	03:11:01.863		0.60725			4
2024.07.16	03:11:02.817	0.60725	0.60726			6
2024.07.16	03:11:03.126	0.60724				2
2024.07.16	03:11:06.328	0.60723				2
2024.07.16	03:11:07.603	0.60725				2
2024.07.16	03:11:10.332	0.60724				2
2024.07.16	03:11:16.960	0.60725				2
2024.07.16	03:11:17.604	0.60726	0.60727			6
2024.07.16	03:11:18.808	0.60725	0.60726			6
2024.07.16	03:11:22.677	0.60726	0.60727			6
2024.07.16	03:11:26.731	0.60723	0.60726			6
2024.07.16	03:11:27.039		0.60725			4
2024.07.16	03:11:28.288		0.60726			4
2024.07.16	03:11:29.844		0.60725			4
2024.07.16	03:11:30.432	0.60722	0.60724			6
2024.07.16	03:11:31.560		0.60725			4
2024.07.16	03:11:32.797	0.60723				2
2024.07.16	03:11:33.658	0.60722				2
2024.07.16	03:11:35.606	0.60723				2
2024.07.16	03:11:36.066	0.60722				2
2024.07.16	03:11:37.134	0.60723				2
2024.07.16	03:11:41.022	0.60724	0.60726			6
2024.07.16	03:11:42.829	0.60723				2
2024.07.16	03:11:43.643		0.60724			4
2024.07.16	03:11:43.952		0.60725			4
2024.07.16	03:11:44.279	0.60724	0.60726			6
2024.07.16	03:11:45.803	0.60723	0.60725			6
2024.07.16	03:11:47.577	0.60724				2
2024.07.16	03:11:47.883		0.60726			4
2024.07.16	03:11:50.615	0.60725				2
2024.07.16	03:11:56.453	0.60724				2
2024.07.16	03:11:56.760	0.60725				2
2024.07.16	03:11:57.130	0.60726	0.60727			6
2024.07.16	03:11:58.156	0.60728	0.60729			6
2024.07.16	03:11:58.803	0.60727				2
2024.07.16	03:12:00.183	0.60726	0.60728			6
2024.07.16	03:12:03.117	0.60727				2
2024.07.16	03:12:23.831		0.60729			4
2024.07.16	03:12:24.898	0.60729	0.60730			6
2024.07.16	03:12:25.287	0.60728	0.60729			6
2024.07.16	03:12:26.045	0.60727				2
2024.07.16	03:12:36.362	0.60729	0.60731			6
2024.07.16	03:12:36.665		0.60732			4
2024.07.16	03:12:37.503	0.60731				2
2024.07.16	03:12:37.867		0.60733			4
2024.07.16	03:12:38.195	0.60732				2
2024.07.16	03:12:38.502	0.60728	0.60731			6
2024.07.16	03:12:38.811		0.60730			4
2024.07.16	03:12:40.453		0.60731			4
2024.07.16	03:12:40.821	0.60729				2
2024.07.16	03:12:47.303	0.60730	0.60732			6
2024.07.16	03:12:49.911	0.60729				2
2024.07.16	03:12:51.374	0.60730				2
2024.07.16	03:12:59.002	0.60731				2
2024.07.16	03:13:00.047	0.60731				2
2024.07.16	03:13:04.325	0.60729	0.60731			6
2024.07.16	03:13:07.774	0.60730				2
2024.07.16	03:13:10.176	0.60731	0.60732			6
2024.07.16	03:13:12.294		0.60733			4
2024.07.16	03:13:12.657	0.60732				2
2024.07.16	03:13:20.648	0.60733	0.60734			6
2024.07.16	03:13:20.969	0.60732	0.60735			6
2024.07.16	03:13:21.637		0.60734			4
2024.07.16	03:13:22.921	0.60733	0.60735			6
2024.07.16	03:13:23.535	0.60734				2
2024.07.16	03:13:25.043	0.60737	0.60738			6
2024.07.16	03:13:25.362		0.60739			4
2024.07.16	03:13:25.676		0.60738			4
2024.07.16	03:13:27.302		0.60739			4
2024.07.16	03:13:33.439	0.60736	0.60738			6
2024.07.16	03:13:35.094		0.60737			4
2024.07.16	03:13:35.782	0.60735	0.60736			6
2024.07.16	03:13:36.198		0.60737			4
2024.07.16	03:13:39.760	0.60736				2
2024.07.16	03:13:43.610		0.60738			4
2024.07.16	03:13:43.964	0.60737				2
2024.07.16	03:13:45.735	0.60736				2
2024.07.16	03:13:47.666	0.60737				2
2024.07.16	03:13:52.910	0.60738	0.60739			6
2024.07.16	03:13:53.499	0.60737	0.60738			6
2024.07.16	03:13:54.178	0.60740	0.60742			6
2024.07.16	03:14:00.062	0.60740				2
2024.07.16	03:14:00.378		0.60741			4
2024.07.16	03:14:00.683	0.60733	0.60735			6
2024.07.16	03:14:03.370	0.60734	0.60736			6
2024.07.16	03:14:05.582	0.60733				2
2024.07.16	03:14:07.364	0.60734				2
2024.07.16	03:14:07.705		0.60737			4
2024.07.16	03:14:11.400	0.60735				2
2024.07.16	03:14:11.880	0.60734				2
2024.07.16	03:14:13.798	0.60735				2
2024.07.16	03:14:23.593	0.60737	0.60739			6
2024.07.16	03:14:23.932	0.60736	0.60737			6
2024.07.16	03:14:24.913	0.60735				2
2024.07.16	03:14:29.481	0.60734	0.60736			6
2024.07.16	03:14:29.883	0.60735				2
2024.07.16	03:14:30.221	0.60734				2
2024.07.16	03:14:30.920	0.60735	0.60738			6
2024.07.16	03:14:32.779		0.60737			4
2024.07.16	03:14:36.478		0.60738			4
2024.07.16	03:14:40.883	0.60737				2
2024.07.16	03:14:42.306	0.60739	0.60741			6
2024.07.16	03:14:43.296	0.60738				2
2024.07.16	03:14:43.713	0.60739				2
2024.07.16	03:14:44.842	0.60736	0.60738			6
2024.07.16	03:14:46.343	0.60735				2
2024.07.16	03:14:47.483	0.60736				2
2024.07.16	03:14:48.995	0.60738	0.60739			6
2024.07.16	03:14:50.406	0.60740	0.60741			6
2024.07.16	03:14:50.732	0.60739	0.60740			6
2024.07.16	03:14:53.552	0.60741	0.60742			6
2024.07.16	03:14:53.861	0.60742	0.60743			6
2024.07.16	03:14:54.263	0.60739	0.60742			6
2024.07.16	03:14:56.429	0.60738	0.60741			6
2024.07.16	03:14:59.291		0.60740			4
2024.07.16	03:14:59.929	0.60737	0.60738			6
2024.07.16	03:15:00.262	0.60735	0.60736			6
2024.07.16	03:15:00.571		0.60737			4
2024.07.16	03:15:01.584	0.60734	0.60736			6
2024.07.16	03:15:02.960		0.60737			4
2024.07.16	03:15:04.134	0.60736	0.60739			6
2024.07.16	03:15:04.444	0.60738	0.60741			6
2024.07.16	03:15:04.774		0.60740			4
2024.07.16	03:15:05.702	0.60736	0.60738			6
2024.07.16	03:15:06.883	0.60735	0.60737			6
2024.07.16	03:15:12.209		0.60736			4
2024.07.16	03:15:12.514	0.60732	0.60733			6
2024.07.16	03:15:21.309		0.60734			4
2024.07.16	03:15:24.690	0.60733				2
2024.07.16	03:15:26.961	0.60732				2
2024.07.16	03:15:29.208	0.60733				2
2024.07.16	03:15:37.985	0.60732				2
2024.07.16	03:15:38.296	0.60731	0.60733			6
2024.07.16	03:15:38.752		0.60734			4
2024.07.16	03:15:40.423	0.60729	0.60732			6
2024.07.16	03:15:43.152	0.60730				2
2024.07.16	03:15:43.932	0.60729				2
2024.07.16	03:15:44.304		0.60731			4
2024.07.16	03:15:48.912	0.60730	0.60732			6
2024.07.16	03:15:56.378	0.60731				2
2024.07.16	03:15:59.548	0.60730	0.60733			6
2024.07.16	03:16:00.174	0.60730	0.60732			6
2024.07.16	03:16:00.477	0.60729	0.60731			6
2024.07.16	03:16:01.534	0.60728	0.60730			6
2024.07.16	03:16:01.888		0.60731			4
2024.07.16	03:16:05.291		0.60730			4
2024.07.16	03:16:07.893		0.60729			4
2024.07.16	03:16:09.311	0.60724	0.60726			6
2024.07.16	03:16:09.658	0.60723				2
2024.07.16	03:16:10.939	0.60724				2
2024.07.16	03:16:12.217	0.60722	0.60724			6
2024.07.16	03:16:15.876	0.60723				2
2024.07.16	03:16:19.245	0.60722				2
2024.07.16	03:16:19.822	0.60721	0.60723			6
2024.07.16	03:16:22.352		0.60722			4
2024.07.16	03:16:22.662	0.60722	0.60723			6
2024.07.16	03:16:23.045	0.60721				2
2024.07.16	03:16:27.525		0.60722			4
2024.07.16	03:16:28.418	0.60720	0.60721			6
2024.07.16	03:16:37.142	0.60722	0.60723			6
2024.07.16	03:16:37.479		0.60724			4
2024.07.16	03:16:37.817	0.60723				2
2024.07.16	03:16:38.453	0.60722				2
2024.07.16	03:16:48.439	0.60723	0.60725			6
2024.07.16	03:16:49.096	0.60722				2
2024.07.16	03:16:54.278	0.60723				2
2024.07.16	03:16:54.812	0.60724				2
2024.07.16	03:17:00.751	0.60728	0.60730			6
2024.07.16	03:17:01.070	0.60726	0.60727			6
2024.07.16	03:17:01.412	0.60724	0.60726			6
2024.07.16	03:17:05.326	0.60725				2
2024.07.16	03:17:05.872	0.60724				2
2024.07.16	03:17:11.303	0.60725				2
2024.07.16	03:17:12.190	0.60724				2
2024.07.16	03:17:13.178	0.60725				2
2024.07.16	03:17:15.397	0.60724	0.60725			6
2024.07.16	03:17:15.704	0.60723				2
2024.07.16	03:17:19.339	0.60724	0.60726			6
2024.07.16	03:17:20.335	0.60723	0.60725			6
2024.07.16	03:17:27.588		0.60726			4
2024.07.16	03:17:27.974	0.60724				2
2024.07.16	03:17:29.942	0.60726	0.60727			6
2024.07.16	03:17:31.940	0.60725	0.60726			6
2024.07.16	03:17:32.331	0.60726	0.60727			6
2024.07.16	03:17:32.650	0.60724	0.60726			6
2024.07.16	03:17:37.712	0.60725				2
2024.07.16	03:17:39.086	0.60724				2
2024.07.16	03:17:41.511	0.60725				2
2024.07.16	03:17:44.479	0.60724				2
2024.07.16	03:17:48.904		0.60725			4
2024.07.16	03:17:49.243	0.60723				2
2024.07.16	03:17:50.377		0.60724			4
2024.07.16	03:17:51.064		0.60725			4
2024.07.16	03:17:53.541	0.60724				2
2024.07.16	03:17:59.301	0.60723				2
2024.07.16	03:18:00.559	0.60723				2
2024.07.16	03:18:01.239	0.60722				2
2024.07.16	03:18:04.154		0.60724			4
2024.07.16	03:18:06.731		0.60723			4
2024.07.16	03:18:07.088		0.60724			4
2024.07.16	03:18:09.337		0.60725			4
2024.07.16	03:18:11.429		0.60724			4
2024.07.16	03:18:21.622	0.60723				2
2024.07.16	03:18:32.893	0.60722				2
2024.07.16	03:18:35.412	0.60721	0.60722			6
2024.07.16	03:18:38.528	0.60720	0.60721			6
2024.07.16	03:18:39.183	0.60719				2
2024.07.16	03:18:39.986		0.60720			4
2024.07.16	03:18:44.822	0.60718				2
2024.07.16	03:18:45.667	0.60716	0.60717			6
2024.07.16	03:18:45.969	0.60715	0.60716			6
2024.07.16	03:18:46.977	0.60716	0.60717			6
2024.07.16	03:18:47.278	0.60715	0.60716			6
2024.07.16	03:18:48.228	0.60717	0.60718			6
2024.07.16	03:18:48.905	0.60716	0.60717			6
2024.07.16	03:18:56.941	0.60715				2
2024.07.16	03:18:58.221		0.60716			4
2024.07.16	03:19:00.235	0.60715				2
2024.07.16	03:19:14.161	0.60717	0.60718			6
2024.07.16	03:19:14.464	0.60715	0.60716			6
2024.07.16	03:19:14.803	0.60714				2
2024.07.16	03:19:19.571	0.60715				2
2024.07.16	03:19:21.830	0.60713	0.60715			6
2024.07.16	03:19:35.628	0.60714				2
2024.07.16	03:19:35.931	0.60713				2
2024.07.16	03:19:40.186	0.60708	0.60709			6
2024.07.16	03:19:40.502	0.60707	0.60708			6
2024.07.16	03:19:40.802	0.60708	0.60709			6
2024.07.16	03:19:41.120	0.60707	0.60708			6
2024.07.16	03:19:42.608	0.60706	0.60707			6
2024.07.16	03:19:49.382	0.60707	0.60708			6
2024.07.16	03:19:50.769	0.60708	0.60709			6
2024.07.16	03:19:56.593	0.60707	0.60708			6
2024.07.16	03:19:59.484	0.60705	0.60706			6
2024.07.16	03:19:59.792	0.60703	0.60704			6
2024.07.16	03:20:00.094	0.60702				2
2024.07.16	03:20:00.435		0.60703			4
2024.07.16	03:20:02.119	0.60701	0.60702			6
2024.07.16	03:20:02.425	0.60702	0.60703			6
2024.07.16	03:20:02.767	0.60701	0.60702			6
2024.07.16	03:20:03.097	0.60702	0.60703			6
2024.07.16	03:20:04.947	0.60701				2
2024.07.16	03:20:05.308	0.60702				2
2024.07.16	03:20:08.498	0.60701				2
2024.07.16	03:20:09.484	0.60702				2
2024.07.16	03:20:09.866	0.60701	0.60702			6
2024.07.16	03:20:16.485	0.60698	0.60699			6
2024.07.16	03:20:18.129	0.60700	0.60701			6
2024.07.16	03:20:21.530	0.60701	0.60702			6
2024.07.16	03:20:21.834	0.60702	0.60703			6
2024.07.16	03:20:26.438	0.60703	0.60704			6
2024.07.16	03:20:38.988	0.60702	0.60703			6
2024.07.16	03:20:41.422	0.60701				2
2024.07.16	03:20:45.879	0.60700	0.60701			6
2024.07.16	03:20:46.312		0.60703			4
2024.07.16	03:20:49.101		0.60702			4
2024.07.16	03:20:53.066	0.60702	0.60703			6
2024.07.16	03:20:53.475	0.60700	0.60702			6
2024.07.16	03:20:54.091	0.60702	0.60703			6
2024.07.16	03:20:55.597	0.60703	0.60704			6
2024.07.16	03:20:56.053	0.60704	0.60705			6
2024.07.16	03:20:56.364	0.60699	0.60700			6
2024.07.16	03:20:57.230	0.60695	0.60696			6
2024.07.16	03:20:58.352	0.60693	0.60694			6
2024.07.16	03:20:58.662	0.60692				2
2024.07.16	03:20:58.966	0.60691				2
2024.07.16	03:21:00.061	0.60691				2
2024.07.16	03:21:00.437	0.60692				2
2024.07.16	03:21:01.233	0.60691				2
2024.07.16	03:21:01.906	0.60690	0.60693			6
2024.07.16	03:21:02.602	0.60689	0.60692			6
2024.07.16	03:21:04.192	0.60688	0.60691			6
2024.07.16	03:21:04.574	0.60689	0.60692			6
2024.07.16	03:21:05.309	0.60690				2
2024.07.16	03:21:07.304	0.60692	0.60695			6
2024.07.16	03:21:08.588	0.60694	0.60696			6
2024.07.16	03:21:09.187	0.60695				2
2024.07.16	03:21:09.503	0.60696	0.60698			6
2024.07.16	03:21:09.889	0.60695	0.60697			6
2024.07.16	03:21:10.958	0.60697	0.60698			6
2024.07.16	03:21:11.280	0.60699	0.60700			6
2024.07.16	03:21:11.585		0.60701			4
2024.07.16	03:21:11.898	0.60704	0.60706			6
2024.07.16	03:21:12.212	0.60705	0.60707			6
2024.07.16	03:21:12.517	0.60704	0.60706			6
2024.07.16	03:21:14.222	0.60705	0.60707			6
2024.07.16	03:21:15.442	0.60706				2
2024.07.16	03:21:15.744	0.60714	0.60716			6
2024.07.16	03:21:16.049	0.60715	0.60717			6
2024.07.16	03:21:16.842		0.60718			4
2024.07.16	03:21:17.302	0.60716				2
2024.07.16	03:21:17.607	0.60720	0.60723			6
2024.07.16	03:21:17.921	0.60721	0.60722			6
2024.07.16	03:21:18.842		0.60723			4
2024.07.16	03:21:19.164		0.60722			4
2024.07.16	03:21:19.779		0.60723			4
2024.07.16	03:21:21.104	0.60719	0.60720			6
2024.07.16	03:21:21.407	0.60717	0.60719			6
2024.07.16	03:21:22.536		0.60718			4
2024.07.16	03:21:22.974		0.60719			4
2024.07.16	03:21:25.317	0.60718	0.60720			6
2024.07.16	03:21:25.649	0.60720	0.60722			6
2024.07.16	03:21:27.863	0.60719	0.60721			6
2024.07.16	03:21:31.322		0.60720			4
2024.07.16	03:21:33.274		0.60721			4
2024.07.16	03:21:33.581	0.60720	0.60722			6
2024.07.16	03:21:37.383	0.60721				2
2024.07.16	03:21:37.799	0.60720				2
2024.07.16	03:21:45.837		0.60721			4
2024.07.16	03:21:46.144	0.60718	0.60719			6
2024.07.16	03:21:47.110	0.60717	0.60718			6
2024.07.16	03:21:58.330		0.60719			4
2024.07.16	03:22:00.500	0.60717				2
2024.07.16	03:22:04.282	0.60718				2
2024.07.16	03:22:04.603	0.60717	0.60720			6
2024.07.16	03:22:09.426	0.60719				2
2024.07.16	03:22:09.780		0.60721			4
2024.07.16	03:22:10.392	0.60716	0.60717			6
