<DATE>	<TIME>	<BID>	<ASK>	<LAST>	<VOLUME>	<FLAGS>
2024.11.22	00:00:00.159	0.58540	0.58625			6
2024.11.22	00:00:00.511	0.58496	0.58686			6
2024.11.22	00:00:02.329	0.58500	0.58684			6
2024.11.22	00:00:10.818	0.58544	0.58614			6
2024.11.22	00:01:00.283	0.58544				2
2024.11.22	00:01:01.193	0.58546	0.58615			6
2024.11.22	00:01:08.771	0.58547				2
2024.11.22	00:01:09.076	0.58546				2
2024.11.22	00:01:09.379	0.58547				2
2024.11.22	00:01:10.288	0.58546				2
2024.11.22	00:01:11.198	0.58547				2
2024.11.22	00:01:12.109	0.58546				2
2024.11.22	00:02:00.069	0.58546				2
2024.11.22	00:02:01.331	0.58548	0.58615			6
2024.11.22	00:03:00.144	0.58548				2
2024.11.22	00:03:01.357		0.58615			4
2024.11.22	00:04:00.175	0.58548				2
2024.11.22	00:04:01.385	0.58547	0.58615			6
2024.11.22	00:05:00.202	0.58547				2
2024.11.22	00:05:01.418		0.58615			4
2024.11.22	00:05:05.661	0.58551	0.58617			6
2024.11.22	00:05:23.851		0.58612			4
2024.11.22	00:05:30.265	0.58555	0.58614			6
2024.11.22	00:05:30.597	0.58557	0.58615			6
2024.11.22	00:05:50.594		0.58616			4
2024.11.22	00:06:00.613	0.58557				2
2024.11.22	00:06:05.354		0.58613			4
2024.11.22	00:06:05.665		0.58615			4
2024.11.22	00:06:06.980		0.58616			4
2024.11.22	00:06:12.758	0.58567				2
2024.11.22	00:06:14.860		0.58617			4
2024.11.22	00:06:54.980		0.58618			4
2024.11.22	00:07:00.364	0.58567				2
2024.11.22	00:07:55.364		0.58618			4
2024.11.22	00:08:05.935	0.58567				2
2024.11.22	00:09:00.623	0.58567	0.58618			6
2024.11.22	00:09:37.573		0.58616			4
2024.11.22	00:10:00.314	0.58567				2
2024.11.22	00:10:00.621		0.58618			4
2024.11.22	00:10:00.922		0.58616			4
2024.11.22	00:10:01.581		0.58618			4
2024.11.22	00:10:01.894		0.58616			4
2024.11.22	00:10:09.042	0.58566				2
2024.11.22	00:10:10.570		0.58620			4
2024.11.22	00:10:21.291	0.58571				2
2024.11.22	00:10:52.749		0.58618			4
2024.11.22	00:10:53.588	0.58559	0.58604			6
2024.11.22	00:10:54.478	0.58560				2
2024.11.22	00:10:55.053	0.58559				2
2024.11.22	00:10:55.379	0.58560				2
2024.11.22	00:10:55.683	0.58559				2
2024.11.22	00:10:56.009	0.58560				2
2024.11.22	00:10:56.322	0.58559				2
2024.11.22	00:10:56.643	0.58560				2
2024.11.22	00:10:56.962	0.58559				2
2024.11.22	00:10:57.295	0.58560				2
2024.11.22	00:10:57.604	0.58559				2
2024.11.22	00:10:57.920	0.58560				2
2024.11.22	00:10:58.234	0.58559	0.58615			6
2024.11.22	00:10:59.376		0.58604			4
2024.11.22	00:11:00.356	0.58559				2
2024.11.22	00:11:03.243		0.58615			4
2024.11.22	00:11:04.328		0.58604			4
2024.11.22	00:11:08.261		0.58615			4
2024.11.22	00:11:09.344		0.58604			4
2024.11.22	00:11:10.359	0.58554	0.58603			6
2024.11.22	00:11:11.954		0.58602			4
2024.11.22	00:11:13.224		0.58605			4
2024.11.22	00:11:14.319		0.58602			4
2024.11.22	00:11:18.130		0.58605			4
2024.11.22	00:11:19.202		0.58602			4
2024.11.22	00:11:35.177	0.58556				2
2024.11.22	00:11:39.360		0.58601			4
2024.11.22	00:11:47.605	0.58561	0.58603			6
2024.11.22	00:11:50.931	0.58567	0.58605			6
2024.11.22	00:12:03.903	0.58567				2
2024.11.22	00:12:35.767	0.58583	0.58620			6
2024.11.22	00:13:43.052	0.58583	0.58620			6
2024.11.22	00:14:00.794	0.58585				2
2024.11.22	00:14:02.047	0.58583	0.58619			6
2024.11.22	00:14:02.993	0.58585	0.58620			6
2024.11.22	00:14:03.993	0.58583	0.58619			6
2024.11.22	00:14:04.480	0.58585	0.58620			6
2024.11.22	00:14:04.791	0.58583				2
2024.11.22	00:14:53.517	0.58567	0.58621			6
2024.11.22	00:14:54.272		0.58620			4
2024.11.22	00:15:00.594	0.58567				2
2024.11.22	00:15:05.411	0.58569				2
2024.11.22	00:15:47.294	0.58564	0.58618			6
2024.11.22	00:16:02.064	0.58564	0.58617			6
2024.11.22	00:16:16.065		0.58618			4
2024.11.22	00:16:18.668	0.58563	0.58616			6
2024.11.22	00:16:27.912		0.58617			4
2024.11.22	00:16:42.896		0.58618			4
2024.11.22	00:16:47.305	0.58567	0.58615			6
2024.11.22	00:17:03.219	0.58566	0.58614			6
2024.11.22	00:17:12.643	0.58568				2
2024.11.22	00:17:14.441	0.58565				2
2024.11.22	00:17:23.949	0.58569	0.58617			6
2024.11.22	00:17:24.952	0.58568	0.58616			6
2024.11.22	00:18:13.523	0.58568				2
2024.11.22	00:18:27.246	0.58566	0.58616			6
2024.11.22	00:18:27.994	0.58568				2
2024.11.22	00:19:01.058	0.58565	0.58614			6
2024.11.22	00:19:03.039	0.58566	0.58615			6
2024.11.22	00:19:15.728	0.58567				2
2024.11.22	00:19:48.861		0.58614			4
2024.11.22	00:19:49.910		0.58615			4
2024.11.22	00:19:50.601	0.58571	0.58616			6
2024.11.22	00:19:53.677	0.58574	0.58620			6
2024.11.22	00:20:00.463	0.58574				2
2024.11.22	00:20:03.830	0.58575				2
2024.11.22	00:20:47.610	0.58572				2
2024.11.22	00:20:48.101	0.58571				2
2024.11.22	00:20:50.639	0.58573				2
2024.11.22	00:20:53.792		0.58620			4
2024.11.22	00:21:02.720	0.58573				2
2024.11.22	00:21:32.836	0.58572				2
2024.11.22	00:22:38.964	0.58572	0.58620			6
2024.11.22	00:22:44.361	0.58574				2
2024.11.22	00:23:27.346	0.58574				2
2024.11.22	00:24:14.421	0.58573	0.58620			6
2024.11.22	00:24:38.682	0.58577				2
2024.11.22	00:24:52.703	0.58578				2
2024.11.22	00:25:08.917	0.58578				2
2024.11.22	00:25:19.128		0.58620			4
2024.11.22	00:25:35.692	0.58579				2
2024.11.22	00:25:54.221	0.58578				2
2024.11.22	00:25:55.525	0.58577				2
2024.11.22	00:26:03.920	0.58577				2
2024.11.22	00:26:20.370		0.58620			4
2024.11.22	00:26:39.222	0.58583				2
2024.11.22	00:26:41.062	0.58577	0.58619			6
2024.11.22	00:26:41.380	0.58583	0.58620			6
2024.11.22	00:26:42.352	0.58577	0.58619			6
2024.11.22	00:26:42.794		0.58620			4
2024.11.22	00:27:00.772	0.58577				2
2024.11.22	00:27:43.100	0.58574	0.58620			6
2024.11.22	00:27:49.976	0.58572				2
2024.11.22	00:27:52.356	0.58573				2
2024.11.22	00:27:55.266	0.58572				2
2024.11.22	00:27:58.406	0.58579				2
2024.11.22	00:27:59.276	0.58572				2
2024.11.22	00:28:03.846	0.58572	0.58622			6
2024.11.22	00:28:06.331	0.58573				2
2024.11.22	00:28:14.746	0.58574				2
2024.11.22	00:28:42.521	0.58573				2
2024.11.22	00:28:47.692	0.58572				2
2024.11.22	00:29:01.125	0.58573				2
2024.11.22	00:29:05.758		0.58622			4
2024.11.22	00:29:24.330	0.58572				2
2024.11.22	00:30:00.448	0.58572				2
2024.11.22	00:30:00.797		0.58623			4
2024.11.22	00:30:06.329	0.58573				2
2024.11.22	00:30:07.237	0.58574				2
2024.11.22	00:30:17.138	0.58575				2
2024.11.22	00:30:29.340	0.58573				2
2024.11.22	00:30:37.601		0.58622			4
2024.11.22	00:30:49.441	0.58574				2
2024.11.22	00:30:56.478		0.58623			4
2024.11.22	00:31:04.024	0.58574				2
2024.11.22	00:31:04.538		0.58622			4
2024.11.22	00:31:27.462	0.58580				2
2024.11.22	00:31:29.378	0.58574				2
2024.11.22	00:31:29.738		0.58621			4
2024.11.22	00:31:30.965	0.58573				2
2024.11.22	00:31:36.944	0.58574				2
2024.11.22	00:31:37.419	0.58573				2
2024.11.22	00:31:42.270	0.58574	0.58622			6
2024.11.22	00:31:43.678		0.58621			4
2024.11.22	00:32:03.138	0.58576				2
2024.11.22	00:32:06.321		0.58622			4
2024.11.22	00:32:24.899	0.58578				2
2024.11.22	00:32:32.740	0.58577				2
2024.11.22	00:32:41.635		0.58624			4
2024.11.22	00:32:42.138	0.58578				2
2024.11.22	00:32:51.508		0.58623			4
2024.11.22	00:32:54.703		0.58622			4
2024.11.22	00:33:07.986	0.58576				2
2024.11.22	00:33:08.590	0.58577				2
2024.11.22	00:33:27.683		0.58623			4
2024.11.22	00:33:27.988		0.58622			4
2024.11.22	00:34:08.969	0.58577				2
2024.11.22	00:34:14.295		0.58624			4
2024.11.22	00:34:27.918	0.58576				2
2024.11.22	00:34:48.711	0.58579				2
2024.11.22	00:34:58.140	0.58578				2
2024.11.22	00:35:21.903	0.58578	0.58626			6
2024.11.22	00:35:27.349	0.58579				2
2024.11.22	00:35:27.918	0.58576				2
2024.11.22	00:35:37.604		0.58625			4
2024.11.22	00:35:38.211		0.58626			4
2024.11.22	00:35:42.341		0.58625			4
2024.11.22	00:35:44.593	0.58579				2
2024.11.22	00:35:44.980	0.58578				2
2024.11.22	00:35:47.672		0.58626			4
2024.11.22	00:35:54.580		0.58625			4
2024.11.22	00:35:59.273	0.58577				2
2024.11.22	00:36:00.033	0.58577				2
2024.11.22	00:36:02.018	0.58578				2
2024.11.22	00:36:17.432	0.58577	0.58624			6
2024.11.22	00:36:26.795	0.58578				2
2024.11.22	00:36:27.446	0.58577				2
2024.11.22	00:36:29.695	0.58578				2
2024.11.22	00:36:35.161	0.58586				2
2024.11.22	00:36:35.488	0.58578				2
2024.11.22	00:36:35.816	0.58586				2
2024.11.22	00:36:36.141	0.58578				2
2024.11.22	00:36:36.468	0.58586				2
2024.11.22	00:36:36.800	0.58578				2
2024.11.22	00:36:37.114	0.58586				2
2024.11.22	00:36:37.439	0.58578				2
2024.11.22	00:36:37.762	0.58586				2
2024.11.22	00:36:38.098	0.58578				2
2024.11.22	00:36:38.411	0.58586				2
2024.11.22	00:36:38.739	0.58578				2
2024.11.22	00:36:42.455		0.58623			4
2024.11.22	00:36:50.913		0.58624			4
2024.11.22	00:36:52.266	0.58579				2
2024.11.22	00:36:52.682	0.58577				2
2024.11.22	00:36:53.520	0.58578				2
2024.11.22	00:37:08.430	0.58578				2
2024.11.22	00:37:09.939	0.58577				2
2024.11.22	00:37:11.807		0.58623			4
2024.11.22	00:37:12.812	0.58578				2
2024.11.22	00:37:22.870	0.58577				2
2024.11.22	00:37:23.259		0.58625			4
2024.11.22	00:37:27.932	0.58575	0.58623			6
2024.11.22	00:37:44.217		0.58624			4
2024.11.22	00:37:50.990		0.58623			4
2024.11.22	00:37:51.708	0.58579				2
2024.11.22	00:37:53.194	0.58578	0.58625			6
2024.11.22	00:37:56.520		0.58624			4
2024.11.22	00:37:57.371	0.58577				2
2024.11.22	00:38:00.032	0.58577				2
2024.11.22	00:38:04.669	0.58575				2
2024.11.22	00:38:06.032	0.58576	0.58625			6
2024.11.22	00:38:06.601	0.58577				2
2024.11.22	00:38:07.118	0.58579				2
2024.11.22	00:38:13.244		0.58626			4
2024.11.22	00:38:13.956		0.58625			4
2024.11.22	00:38:22.190		0.58626			4
2024.11.22	00:38:23.777		0.58625			4
2024.11.22	00:38:28.385		0.58624			4
2024.11.22	00:38:36.433		0.58623			4
2024.11.22	00:38:41.992	0.58578				2
2024.11.22	00:38:42.394		0.58625			4
2024.11.22	00:38:46.530		0.58624			4
2024.11.22	00:38:51.424	0.58577				2
2024.11.22	00:38:51.991	0.58578				2
2024.11.22	00:38:52.859		0.58625			4
2024.11.22	00:39:06.323	0.58578				2
2024.11.22	00:39:07.816		0.58626			4
2024.11.22	00:39:22.881	0.58580				2
2024.11.22	00:39:42.520	0.58578				2
2024.11.22	00:39:45.149		0.58625			4
2024.11.22	00:39:48.402	0.58577				2
2024.11.22	00:39:53.380	0.58578	0.58626			6
2024.11.22	00:40:01.602	0.58578				2
2024.11.22	00:40:15.341		0.58625			4
2024.11.22	00:40:21.561	0.58579	0.58624			6
2024.11.22	00:40:22.747		0.58625			4
2024.11.22	00:40:37.074	0.58578				2
2024.11.22	00:40:42.606	0.58577	0.58624			6
2024.11.22	00:40:52.235	0.58578	0.58625			6
2024.11.22	00:41:00.736	0.58578				2
2024.11.22	00:41:25.475	0.58577				2
2024.11.22	00:41:27.138	0.58579				2
2024.11.22	00:41:30.319		0.58624			4
2024.11.22	00:41:36.901	0.58578				2
2024.11.22	00:41:37.764	0.58579				2
2024.11.22	00:41:41.136	0.58578				2
2024.11.22	00:41:47.355		0.58625			4
2024.11.22	00:42:00.146	0.58579				2
2024.11.22	00:42:00.669	0.58578				2
2024.11.22	00:42:01.288	0.58579				2
2024.11.22	00:42:02.182		0.58624			4
2024.11.22	00:42:02.671	0.58578				2
2024.11.22	00:42:03.738		0.58625			4
2024.11.22	00:42:04.306	0.58579				2
2024.11.22	00:42:06.713	0.58578				2
2024.11.22	00:42:12.344		0.58624			4
2024.11.22	00:42:19.551		0.58625			4
2024.11.22	00:42:22.613	0.58577	0.58623			6
2024.11.22	00:42:25.391	0.58572	0.58616			6
2024.11.22	00:42:32.729	0.58573				2
2024.11.22	00:42:36.370	0.58572				2
2024.11.22	00:42:39.179	0.58570	0.58612			6
2024.11.22	00:42:39.709	0.58572	0.58616			6
2024.11.22	00:42:44.427	0.58573				2
2024.11.22	00:42:54.895	0.58572				2
2024.11.22	00:43:01.324	0.58572	0.58615			6
2024.11.22	00:43:16.220	0.58571				2
2024.11.22	00:43:20.433		0.58616			4
2024.11.22	00:43:27.321	0.58572				2
2024.11.22	00:43:38.431		0.58617			4
2024.11.22	00:43:39.219		0.58615			4
2024.11.22	00:43:49.619	0.58573				2
2024.11.22	00:43:53.093	0.58572				2
2024.11.22	00:44:00.736	0.58572				2
2024.11.22	00:44:04.894	0.58573				2
2024.11.22	00:44:07.226	0.58572				2
2024.11.22	00:44:19.733		0.58616			4
2024.11.22	00:44:21.922	0.58571				2
2024.11.22	00:44:27.333	0.58572				2
2024.11.22	00:44:48.476	0.58571	0.58615			6
2024.11.22	00:44:49.622	0.58569	0.58611			6
2024.11.22	00:44:50.322	0.58568	0.58610			6
2024.11.22	00:44:55.162	0.58567				2
2024.11.22	00:45:00.376	0.58567				2
2024.11.22	00:45:02.137		0.58611			4
2024.11.22	00:45:04.110		0.58610			4
2024.11.22	00:45:08.140	0.58581	0.58596			6
2024.11.22	00:45:10.930	0.58580	0.58597			6
2024.11.22	00:45:39.699	0.58581				2
2024.11.22	00:46:12.102	0.58580	0.58597			6
2024.11.22	00:46:18.686	0.58581				2
2024.11.22	00:46:19.083	0.58578	0.58596			6
2024.11.22	00:46:21.565	0.58577				2
2024.11.22	00:46:24.645	0.58583	0.58599			6
2024.11.22	00:46:29.802	0.58584	0.58600			6
2024.11.22	00:46:31.051	0.58588	0.58607			6
2024.11.22	00:46:32.043	0.58589				2
2024.11.22	00:46:32.683		0.58608			4
2024.11.22	00:46:37.052	0.58590	0.58609			6
2024.11.22	00:46:39.370	0.58589	0.58608			6
2024.11.22	00:46:40.994	0.58590	0.58609			6
2024.11.22	00:46:41.721	0.58591	0.58610			6
2024.11.22	00:46:44.979	0.58590				2
2024.11.22	00:46:45.304	0.58589	0.58609			6
2024.11.22	00:46:52.640	0.58588	0.58608			6
2024.11.22	00:46:54.266	0.58589	0.58609			6
2024.11.22	00:46:55.401	0.58588	0.58608			6
2024.11.22	00:47:02.131	0.58577	0.58614			6
2024.11.22	00:47:03.042	0.58576	0.58613			6
2024.11.22	00:47:03.345	0.58577	0.58614			6
2024.11.22	00:47:03.953	0.58587	0.58608			6
2024.11.22	00:47:04.891	0.58588				2
2024.11.22	00:47:17.688		0.58609			4
2024.11.22	00:47:18.061	0.58587	0.58608			6
2024.11.22	00:47:19.199	0.58588				2
2024.11.22	00:47:20.016	0.58587				2
2024.11.22	00:47:20.325	0.58588	0.58609			6
2024.11.22	00:47:21.431	0.58587	0.58608			6
2024.11.22	00:47:21.785	0.58588	0.58609			6
2024.11.22	00:47:26.932	0.58587	0.58607			6
2024.11.22	00:47:27.296	0.58588	0.58608			6
2024.11.22	00:47:28.434	0.58587				2
2024.11.22	00:47:28.968	0.58588				2
2024.11.22	00:47:33.904	0.58589	0.58609			6
2024.11.22	00:47:39.849	0.58588				2
2024.11.22	00:47:47.305		0.58606			4
2024.11.22	00:47:49.427		0.58607			4
2024.11.22	00:47:55.746	0.58587				2
2024.11.22	00:48:05.171	0.58587				2
2024.11.22	00:48:07.564	0.58588				2
2024.11.22	00:48:14.804	0.58587				2
2024.11.22	00:48:28.262	0.58588				2
2024.11.22	00:48:35.030	0.58587				2
2024.11.22	00:48:50.738		0.58607			4
2024.11.22	00:49:00.597	0.58587				2
2024.11.22	00:49:07.629	0.58586				2
2024.11.22	00:49:28.306	0.58587				2
2024.11.22	00:49:29.438	0.58586				2
2024.11.22	00:49:56.041		0.58607			4
2024.11.22	00:50:01.367	0.58586				2
2024.11.22	00:50:17.059		0.58608			4
2024.11.22	00:51:16.562	0.58586				2
2024.11.22	00:51:20.034		0.58608			4
2024.11.22	00:51:52.449	0.58587				2
2024.11.22	00:51:52.828		0.58609			4
2024.11.22	00:52:05.625	0.58588	0.58610			6
2024.11.22	00:52:16.944	0.58587	0.58609			6
2024.11.22	00:52:37.899	0.58586	0.58608			6
2024.11.22	00:53:01.344	0.58586				2
2024.11.22	00:53:40.738		0.58608			4
2024.11.22	00:54:01.140	0.58587				2
2024.11.22	00:54:05.800	0.58586				2
2024.11.22	00:54:43.047		0.58608			4
2024.11.22	00:55:00.033	0.58586				2
2024.11.22	00:55:00.493	0.58588	0.58609			6
2024.11.22	00:55:01.221	0.58587				2
2024.11.22	00:55:02.070	0.58586	0.58606			6
2024.11.22	00:55:29.499	0.58587				2
2024.11.22	00:55:41.138		0.58608			4
2024.11.22	00:55:49.289	0.58588				2
2024.11.22	00:55:50.622	0.58589				2
2024.11.22	00:55:51.975	0.58590				2
2024.11.22	00:55:52.941	0.58589				2
2024.11.22	00:55:53.244	0.58590				2
2024.11.22	00:56:01.743	0.58590				2
2024.11.22	00:56:09.167		0.58609			4
2024.11.22	00:56:09.525		0.58608			4
2024.11.22	00:56:34.893		0.58607			4
2024.11.22	00:56:35.890	0.58588	0.58606			6
2024.11.22	00:56:41.533	0.58586	0.58602			6
2024.11.22	00:56:52.384	0.58590	0.58607			6
2024.11.22	00:56:53.743	0.58589				2
2024.11.22	00:56:57.151	0.58590				2
2024.11.22	00:56:58.899	0.58586	0.58602			6
2024.11.22	00:57:00.403	0.58586				2
2024.11.22	00:57:03.759	0.58589				2
2024.11.22	00:57:04.120	0.58588				2
2024.11.22	00:57:07.017	0.58593				2
2024.11.22	00:57:22.466	0.58587				2
2024.11.22	00:57:43.012	0.58588				2
2024.11.22	00:57:43.712	0.58587				2
2024.11.22	00:57:47.894	0.58588				2
2024.11.22	00:57:53.310	0.58587				2
2024.11.22	00:57:55.730	0.58586				2
2024.11.22	00:58:03.104	0.58586	0.58602			6
2024.11.22	00:58:05.621	0.58587				2
2024.11.22	00:58:08.208	0.58586				2
2024.11.22	00:58:59.479		0.58603			4
2024.11.22	00:59:01.001	0.58587	0.58602			6
2024.11.22	00:59:26.161	0.58588	0.58605			6
2024.11.22	00:59:39.000		0.58603			4
2024.11.22	00:59:40.596	0.58589				2
2024.11.22	00:59:42.138	0.58588				2
2024.11.22	00:59:57.479		0.58604			4
2024.11.22	01:00:00.313	0.58595	0.58602			6
2024.11.22	01:00:00.617	0.58594	0.58601			6
2024.11.22	01:00:01.222	0.58595	0.58604			6
2024.11.22	01:00:01.526	0.58598	0.58608			6
2024.11.22	01:00:01.829	0.58599	0.58609			6
2024.11.22	01:00:02.436	0.58600	0.58610			6
2024.11.22	01:00:04.255		0.58609			4
2024.11.22	01:00:04.862	0.58598	0.58607			6
2024.11.22	01:00:06.410		0.58606			4
2024.11.22	01:00:07.016	0.58597	0.58605			6
2024.11.22	01:00:09.137	0.58596	0.58604			6
2024.11.22	01:00:09.440	0.58595	0.58603			6
2024.11.22	01:00:10.350	0.58594	0.58602			6
2024.11.22	01:00:14.344		0.58601			4
2024.11.22	01:00:14.647		0.58600			4
2024.11.22	01:00:14.950	0.58591	0.58599			6
2024.11.22	01:00:18.284		0.58600			4
2024.11.22	01:00:19.801	0.58590	0.58599			6
2024.11.22	01:00:20.261	0.58589	0.58597			6
2024.11.22	01:00:21.213		0.58598			4
2024.11.22	01:00:25.157		0.58597			4
2024.11.22	01:00:26.065	0.58590	0.58598			6
2024.11.22	01:00:27.580		0.58599			4
2024.11.22	01:00:27.884	0.58591				2
2024.11.22	01:00:28.189	0.58592				2
2024.11.22	01:00:29.400		0.58598			4
2024.11.22	01:00:30.311	0.58596	0.58601			6
2024.11.22	01:00:30.629	0.58597				2
2024.11.22	01:00:34.461	0.58599	0.58608			6
2024.11.22	01:00:36.930		0.58609			4
2024.11.22	01:00:40.318	0.58601	0.58607			6
2024.11.22	01:00:42.134	0.58602				2
2024.11.22	01:00:47.291		0.58606			4
2024.11.22	01:00:55.172		0.58605			4
2024.11.22	01:00:56.105		0.58606			4
2024.11.22	01:00:58.254		0.58605			4
2024.11.22	01:01:00.073	0.58602				2
2024.11.22	01:01:00.376	0.58601	0.58604			6
2024.11.22	01:01:00.678	0.58599	0.58602			6
2024.11.22	01:01:01.287	0.58598	0.58604			6
2024.11.22	01:01:02.194		0.58603			4
2024.11.22	01:01:05.226	0.58595	0.58600			6
2024.11.22	01:01:05.835	0.58596	0.58601			6
2024.11.22	01:01:11.292		0.58600			4
2024.11.22	01:01:14.020	0.58597	0.58601			6
2024.11.22	01:01:14.326		0.58602			4
2024.11.22	01:01:16.143		0.58601			4
2024.11.22	01:01:21.297	0.58596	0.58600			6
2024.11.22	01:01:33.427	0.58597	0.58601			6
2024.11.22	01:01:40.759	0.58596	0.58600			6
2024.11.22	01:01:49.246	0.58597	0.58601			6
2024.11.22	01:02:00.162	0.58597				2
2024.11.22	01:02:01.377	0.58596	0.58600			6
2024.11.22	01:02:02.285		0.58601			4
2024.11.22	01:02:22.599	0.58592	0.58597			6
2024.11.22	01:02:22.903	0.58593	0.58598			6
2024.11.22	01:02:23.254	0.58592				2
2024.11.22	01:02:25.071	0.58593	0.58599			6
2024.11.22	01:02:34.170		0.58598			4
2024.11.22	01:02:48.420		0.58597			4
2024.11.22	01:02:49.329		0.58598			4
2024.11.22	01:02:54.182		0.58597			4
2024.11.22	01:03:00.248	0.58593				2
2024.11.22	01:03:09.045	0.58589	0.58593			6
2024.11.22	01:03:09.398	0.58588	0.58594			6
2024.11.22	01:03:10.607	0.58587	0.58593			6
2024.11.22	01:03:22.132		0.58592			4
2024.11.22	01:03:27.283	0.58588				2
2024.11.22	01:03:38.201	0.58589				2
2024.11.22	01:04:00.029	0.58589				2
2024.11.22	01:04:03.364		0.58593			4
2024.11.22	01:04:13.368		0.58592			4
2024.11.22	01:04:34.289		0.58593			4
2024.11.22	01:05:00.109	0.58589				2
2024.11.22	01:05:10.417	0.58588				2
2024.11.22	01:05:12.238		0.58592			4
2024.11.22	01:05:12.541		0.58593			4
2024.11.22	01:05:12.847	0.58589				2
2024.11.22	01:05:13.149	0.58588	0.58594			6
2024.11.22	01:05:13.453	0.58589				2
2024.11.22	01:05:34.928	0.58591	0.58596			6
2024.11.22	01:05:36.137	0.58590				2
2024.11.22	01:05:44.744	0.58591				2
2024.11.22	01:05:58.424	0.58592				2
2024.11.22	01:06:00.246	0.58592				2
2024.11.22	01:06:23.896		0.58595			4
2024.11.22	01:06:48.809		0.58596			4
2024.11.22	01:07:00.079	0.58592				2
2024.11.22	01:07:01.290	0.58591				2
2024.11.22	01:07:08.265	0.58592				2
2024.11.22	01:07:22.519	0.58589	0.58594			6
2024.11.22	01:07:22.826	0.58590	0.58595			6
2024.11.22	01:07:24.085		0.58594			4
2024.11.22	01:07:24.386	0.58589				2
2024.11.22	01:07:32.271	0.58588				2
2024.11.22	01:07:41.417	0.58589				2
2024.11.22	01:07:46.268	0.58588	0.58592			6
2024.11.22	01:07:47.180	0.58587	0.58593			6
2024.11.22	01:07:51.167	0.58588	0.58594			6
2024.11.22	01:07:52.380	0.58587	0.58593			6
2024.11.22	01:07:56.627		0.58592			4
2024.11.22	01:07:56.932	0.58586				2
2024.11.22	01:08:00.264	0.58586				2
2024.11.22	01:08:01.173	0.58587				2
2024.11.22	01:08:03.298		0.58593			4
2024.11.22	01:08:05.421		0.58592			4
2024.11.22	01:08:09.412	0.58588				2
2024.11.22	01:08:13.406		0.58591			4
2024.11.22	01:08:14.012	0.58589	0.58592			6
2024.11.22	01:08:15.223		0.58593			4
2024.11.22	01:08:19.777	0.58588				2
2024.11.22	01:08:20.427	0.58589				2
2024.11.22	01:08:29.424	0.58590				2
2024.11.22	01:08:35.186		0.58592			4
2024.11.22	01:08:37.308	0.58589	0.58591			6
2024.11.22	01:08:38.217	0.58587	0.58593			6
2024.11.22	01:08:42.460	0.58588				2
2024.11.22	01:08:47.766	0.58587	0.58592			6
2024.11.22	01:08:49.333		0.58593			4
2024.11.22	01:08:51.760	0.58586	0.58592			6
2024.11.22	01:08:59.339		0.58591			4
2024.11.22	01:09:00.251	0.58584	0.58589			6
2024.11.22	01:09:01.159		0.58590			4
2024.11.22	01:09:02.979	0.58586	0.58592			6
2024.11.22	01:09:03.888	0.58587	0.58593			6
2024.11.22	01:09:15.408		0.58592			4
2024.11.22	01:09:18.137		0.58591			4
2024.11.22	01:09:19.350		0.58592			4
2024.11.22	01:09:20.260		0.58591			4
2024.11.22	01:09:23.291	0.58588				2
2024.11.22	01:09:25.414		0.58592			4
2024.11.22	01:09:28.139		0.58591			4
2024.11.22	01:09:31.477	0.58589	0.58592			6
2024.11.22	01:09:32.385	0.58588	0.58591			6
2024.11.22	01:09:34.205	0.58587				2
2024.11.22	01:09:36.325	0.58588				2
2024.11.22	01:09:42.393		0.58590			4
2024.11.22	01:09:44.211	0.58587	0.58591			6
2024.11.22	01:09:46.334		0.58590			4
2024.11.22	01:09:49.968	0.58585	0.58588			6
2024.11.22	01:09:51.185	0.58584	0.58590			6
2024.11.22	01:09:54.217	0.58583	0.58589			6
2024.11.22	01:09:57.247	0.58584	0.58590			6
2024.11.22	01:09:57.552	0.58583	0.58589			6
2024.11.22	01:10:00.282	0.58583				2
2024.11.22	01:10:03.616	0.58584	0.58590			6
2024.11.22	01:10:04.526	0.58585	0.58591			6
2024.11.22	01:10:04.828	0.58584	0.58590			6
2024.11.22	01:10:05.434	0.58585				2
2024.11.22	01:10:08.464	0.58584	0.58588			6
2024.11.22	01:10:08.770		0.58589			4
2024.11.22	01:10:10.284	0.58583				2
2024.11.22	01:10:10.907	0.58584	0.58590			6
2024.11.22	01:10:11.296		0.58589			4
2024.11.22	01:10:14.325	0.58586				2
2024.11.22	01:10:14.627		0.58590			4
2024.11.22	01:10:16.147		0.58591			4
2024.11.22	01:10:20.998	0.58585				2
2024.11.22	01:10:21.320	0.58586				2
2024.11.22	01:10:23.472		0.58590			4
2024.11.22	01:10:25.593	0.58585				2
2024.11.22	01:10:26.504	0.58586				2
2024.11.22	01:10:29.232		0.58589			4
2024.11.22	01:10:33.175		0.58590			4
2024.11.22	01:10:34.387		0.58589			4
2024.11.22	01:10:38.328		0.58588			4
2024.11.22	01:10:48.030	0.58587				2
2024.11.22	01:10:48.334	0.58588	0.58590			6
2024.11.22	01:10:49.243		0.58592			4
2024.11.22	01:10:49.849		0.58593			4
2024.11.22	01:10:57.382		0.58592			4
2024.11.22	01:10:57.988		0.58593			4
2024.11.22	01:10:59.369	0.58585	0.58590			6
2024.11.22	01:11:00.362	0.58585				2
2024.11.22	01:11:00.737	0.58583	0.58588			6
2024.11.22	01:11:05.779	0.58582	0.58587			6
2024.11.22	01:11:07.213		0.58586			4
2024.11.22	01:11:09.361	0.58581				2
2024.11.22	01:11:13.908	0.58582				2
2024.11.22	01:11:14.215	0.58583	0.58587			6
2024.11.22	01:11:15.125		0.58588			4
2024.11.22	01:11:22.399	0.58584				2
2024.11.22	01:11:24.216	0.58585				2
2024.11.22	01:11:24.523	0.58584	0.58587			6
2024.11.22	01:11:28.162		0.58586			4
2024.11.22	01:11:29.374		0.58587			4
2024.11.22	01:11:30.589	0.58587	0.58588			6
2024.11.22	01:11:30.892	0.58588	0.58590			6
2024.11.22	01:11:32.407		0.58592			4
2024.11.22	01:11:50.396		0.58591			4
2024.11.22	01:11:54.339	0.58589				2
2024.11.22	01:11:57.068	0.58588	0.58590			6
2024.11.22	01:11:57.369		0.58591			4
2024.11.22	01:11:58.281		0.58592			4
2024.11.22	01:12:00.598	0.58588				2
2024.11.22	01:12:01.272		0.58593			4
2024.11.22	01:12:06.416	0.58589				2
2024.11.22	01:12:08.235		0.58592			4
2024.11.22	01:12:08.841	0.58588	0.58591			6
2024.11.22	01:12:10.353		0.58592			4
2024.11.22	01:12:10.960		0.58593			4
2024.11.22	01:12:13.407	0.58589				2
2024.11.22	01:12:16.723		0.58594			4
2024.11.22	01:12:17.376		0.58593			4
2024.11.22	01:12:18.288		0.58594			4
2024.11.22	01:12:19.947	0.58590				2
2024.11.22	01:12:25.411	0.58591				2
2024.11.22	01:12:26.320	0.58589	0.58593			6
2024.11.22	01:12:27.234	0.58588	0.58594			6
2024.11.22	01:12:28.420	0.58591	0.58596			6
2024.11.22	01:12:37.541	0.58592	0.58598			6
2024.11.22	01:12:37.845	0.58593	0.58597			6
2024.11.22	01:12:38.789	0.58594	0.58599			6
2024.11.22	01:12:39.410	0.58593				2
2024.11.22	01:12:40.725	0.58594				2
2024.11.22	01:12:41.029		0.58598			4
2024.11.22	01:12:45.377	0.58595				2
2024.11.22	01:12:49.014	0.58594	0.58597			6
2024.11.22	01:12:52.351	0.58595				2
2024.11.22	01:12:54.472	0.58594	0.58596			6
2024.11.22	01:12:56.596	0.58595	0.58597			6
2024.11.22	01:13:00.234	0.58595				2
2024.11.22	01:13:05.439		0.58596			4
2024.11.22	01:13:05.741	0.58594				2
2024.11.22	01:13:06.349	0.58593	0.58597			6
2024.11.22	01:13:07.279	0.58594				2
2024.11.22	01:13:08.218	0.58593				2
2024.11.22	01:13:09.126	0.58594				2
2024.11.22	01:13:11.249		0.58596			4
2024.11.22	01:13:13.677	0.58598	0.58600			6
2024.11.22	01:13:13.983	0.58601	0.58603			6
2024.11.22	01:13:14.335	0.58602	0.58604			6
2024.11.22	01:13:14.641	0.58601	0.58603			6
2024.11.22	01:13:15.296	0.58599				2
2024.11.22	01:13:19.597		0.58604			4
2024.11.22	01:13:21.765	0.58598				2
2024.11.22	01:13:22.941	0.58599	0.58603			6
2024.11.22	01:13:32.532	0.58601	0.58605			6
2024.11.22	01:13:35.802	0.58600	0.58603			6
2024.11.22	01:13:39.343	0.58601	0.58604			6
2024.11.22	01:13:48.395		0.58603			4
2024.11.22	01:13:56.580	0.58600	0.58602			6
2024.11.22	01:13:57.189		0.58603			4
2024.11.22	01:13:58.706	0.58599	0.58602			6
2024.11.22	01:14:00.222	0.58599				2
2024.11.22	01:14:00.827	0.58597	0.58600			6
2024.11.22	01:14:02.341	0.58596	0.58602			6
2024.11.22	01:14:02.949	0.58594	0.58600			6
2024.11.22	01:14:08.103	0.58593	0.58599			6
2024.11.22	01:14:08.407	0.58594	0.58600			6
2024.11.22	01:14:09.316		0.58599			4
2024.11.22	01:14:11.135	0.58595				2
2024.11.22	01:14:13.259		0.58598			4
2024.11.22	01:14:15.735	0.58594	0.58597			6
2024.11.22	01:14:18.211	0.58595				2
2024.11.22	01:14:20.635	0.58593	0.58594			6
2024.11.22	01:14:20.943	0.58590	0.58592			6
2024.11.22	01:14:21.596	0.58589	0.58591			6
2024.11.22	01:14:22.204		0.58593			4
2024.11.22	01:14:22.931		0.58592			4
2024.11.22	01:14:26.431	0.58588				2
2024.11.22	01:14:30.099	0.58587				2
2024.11.22	01:14:30.896	0.58589				2
2024.11.22	01:14:38.141		0.58591			4
2024.11.22	01:14:53.633	0.58590	0.58592			6
2024.11.22	01:14:53.938	0.58589	0.58591			6
2024.11.22	01:14:57.321		0.58590			4
2024.11.22	01:14:57.625	0.58584	0.58586			6
2024.11.22	01:14:58.231		0.58588			4
2024.11.22	01:15:00.040	0.58584	0.58587			6
2024.11.22	01:15:02.010	0.58586	0.58589			6
2024.11.22	01:15:02.355	0.58585				2
2024.11.22	01:15:07.270	0.58584				2
2024.11.22	01:15:08.307	0.58585				2
2024.11.22	01:15:13.395	0.58586				2
2024.11.22	01:15:16.124	0.58587				2
2024.11.22	01:15:16.424	0.58586	0.58588			6
2024.11.22	01:15:19.761	0.58587	0.58589			6
2024.11.22	01:15:20.367	0.58586	0.58588			6
2024.11.22	01:15:20.669	0.58585	0.58587			6
2024.11.22	01:15:20.979	0.58584	0.58586			6
2024.11.22	01:15:22.287	0.58583	0.58587			6
2024.11.22	01:15:25.409	0.58584				2
2024.11.22	01:15:26.626		0.58586			4
2024.11.22	01:15:33.301	0.58581	0.58583			6
2024.11.22	01:15:34.213		0.58584			4
2024.11.22	01:15:36.621		0.58583			4
2024.11.22	01:15:45.379		0.58582			4
2024.11.22	01:15:49.017	0.58580				2
2024.11.22	01:15:49.322		0.58581			4
2024.11.22	01:15:50.230	0.58584	0.58586			6
2024.11.22	01:15:51.193		0.58587			4
2024.11.22	01:15:53.368	0.58583	0.58586			6
2024.11.22	01:15:53.837	0.58580	0.58583			6
2024.11.22	01:16:00.368	0.58582	0.58584			6
2024.11.22	01:16:01.594	0.58581				2
2024.11.22	01:16:11.401		0.58583			4
2024.11.22	01:16:12.008	0.58582	0.58584			6
2024.11.22	01:16:13.830		0.58583			4
2024.11.22	01:16:14.133		0.58584			4
2024.11.22	01:16:15.043	0.58581	0.58583			6
2024.11.22	01:16:15.346	0.58582	0.58584			6
2024.11.22	01:16:18.982	0.58581	0.58583			6
2024.11.22	01:16:19.589	0.58579	0.58581			6
2024.11.22	01:16:20.197		0.58582			4
2024.11.22	01:16:20.905	0.58580				2
2024.11.22	01:16:22.153	0.58578	0.58581			6
2024.11.22	01:16:23.293	0.58579	0.58582			6
2024.11.22	01:16:30.402		0.58581			4
2024.11.22	01:16:32.523	0.58580				2
2024.11.22	01:16:34.039	0.58581	0.58582			6
2024.11.22	01:16:34.340	0.58580				2
2024.11.22	01:16:41.364		0.58581			4
2024.11.22	01:16:41.667		0.58582			4
2024.11.22	01:16:44.093	0.58581				2
2024.11.22	01:16:44.396		0.58583			4
2024.11.22	01:16:46.521	0.58582				2
2024.11.22	01:16:47.430	0.58581				2
2024.11.22	01:16:54.708	0.58582	0.58584			6
2024.11.22	01:17:00.162	0.58582				2
2024.11.22	01:17:09.864	0.58584	0.58586			6
2024.11.22	01:17:10.171	0.58585	0.58587			6
2024.11.22	01:17:11.384	0.58584				2
2024.11.22	01:17:13.538	0.58585				2
2024.11.22	01:17:14.731	0.58584				2
2024.11.22	01:17:22.005	0.58585				2
2024.11.22	01:17:28.265		0.58586			4
2024.11.22	01:17:31.647	0.58584				2
2024.11.22	01:17:34.377		0.58587			4
2024.11.22	01:17:36.514		0.58586			4
2024.11.22	01:17:37.460		0.58587			4
2024.11.22	01:17:37.764		0.58586			4
2024.11.22	01:17:39.327		0.58587			4
2024.11.22	01:17:44.024		0.58586			4
2024.11.22	01:17:45.542		0.58587			4
2024.11.22	01:17:53.604		0.58586			4
2024.11.22	01:17:54.588	0.58581	0.58584			6
2024.11.22	01:18:00.383	0.58582				2
2024.11.22	01:18:01.507	0.58581				2
2024.11.22	01:18:04.122	0.58583	0.58585			6
2024.11.22	01:18:04.970	0.58582				2
2024.11.22	01:18:09.399		0.58584			4
2024.11.22	01:18:09.734		0.58585			4
2024.11.22	01:18:10.753		0.58584			4
2024.11.22	01:18:11.224		0.58585			4
2024.11.22	01:18:11.614		0.58584			4
2024.11.22	01:18:11.991		0.58585			4
2024.11.22	01:18:14.132		0.58584			4
2024.11.22	01:18:16.844		0.58585			4
2024.11.22	01:18:17.515		0.58584			4
2024.11.22	01:18:21.022	0.58583				2
2024.11.22	01:18:22.284	0.58582				2
2024.11.22	01:18:24.405	0.58584	0.58587			6
2024.11.22	01:18:34.256		0.58586			4
2024.11.22	01:18:35.167		0.58587			4
2024.11.22	01:18:54.337	0.58585				2
2024.11.22	01:18:55.378		0.58586			4
2024.11.22	01:18:59.321	0.58583				2
2024.11.22	01:19:01.101	0.58583				2
2024.11.22	01:19:03.208	0.58584	0.58587			6
2024.11.22	01:19:12.220	0.58582	0.58585			6
2024.11.22	01:19:13.422		0.58584			4
2024.11.22	01:19:17.605		0.58585			4
2024.11.22	01:19:18.830		0.58584			4
2024.11.22	01:19:19.760	0.58581				2
2024.11.22	01:19:20.063	0.58582	0.58585			6
2024.11.22	01:19:21.094	0.58581	0.58584			6
2024.11.22	01:19:44.398		0.58583			4
2024.11.22	01:19:46.218		0.58584			4
2024.11.22	01:19:57.646	0.58580	0.58582			6
2024.11.22	01:19:59.202		0.58583			4
2024.11.22	01:19:59.594	0.58581				2
2024.11.22	01:20:00.302	0.58581	0.58584			6
2024.11.22	01:20:06.521	0.58579	0.58582			6
2024.11.22	01:20:08.688	0.58580	0.58583			6
2024.11.22	01:20:09.581	0.58581				2
2024.11.22	01:20:09.882	0.58582	0.58584			6
2024.11.22	01:20:10.898	0.58581				2
2024.11.22	01:20:21.878		0.58583			4
2024.11.22	01:20:22.280		0.58584			4
2024.11.22	01:20:24.189		0.58583			4
2024.11.22	01:20:24.534		0.58584			4
2024.11.22	01:20:26.088	0.58582				2
2024.11.22	01:20:27.355	0.58581				2
2024.11.22	01:20:31.514	0.58579	0.58582			6
2024.11.22	01:20:31.825	0.58580	0.58583			6
2024.11.22	01:20:33.710	0.58581	0.58584			6
2024.11.22	01:20:38.287	0.58582				2
2024.11.22	01:20:38.803	0.58581	0.58582			6
2024.11.22	01:20:39.264		0.58584			4
2024.11.22	01:20:45.618	0.58582				2
2024.11.22	01:20:46.177	0.58581				2
2024.11.22	01:20:54.392		0.58583			4
2024.11.22	01:20:57.731	0.58582	0.58584			6
2024.11.22	01:20:58.334	0.58581				2
2024.11.22	01:21:00.593	0.58581				2
2024.11.22	01:21:00.937	0.58582				2
2024.11.22	01:21:01.268	0.58581				2
2024.11.22	01:21:03.388	0.58582				2
2024.11.22	01:21:14.254	0.58586	0.58588			6
2024.11.22	01:21:15.163	0.58585				2
2024.11.22	01:21:15.482	0.58586	0.58589			6
2024.11.22	01:21:17.630	0.58585	0.58588			6
2024.11.22	01:21:18.767	0.58586	0.58589			6
2024.11.22	01:21:25.518	0.58584				2
2024.11.22	01:21:26.649	0.58585	0.58588			6
2024.11.22	01:21:42.409		0.58587			4
2024.11.22	01:21:43.362		0.58588			4
2024.11.22	01:21:48.417	0.58586				2
2024.11.22	01:21:49.933	0.58585				2
2024.11.22	01:22:00.001	0.58585				2
2024.11.22	01:22:03.389	0.58586				2
2024.11.22	01:22:29.351	0.58585	0.58587			6
2024.11.22	01:22:30.260		0.58588			4
2024.11.22	01:22:32.287	0.58586	0.58589			6
2024.11.22	01:22:32.685	0.58585	0.58588			6
2024.11.22	01:23:00.583	0.58585				2
2024.11.22	01:23:26.679	0.58587	0.58589			6
2024.11.22	01:23:26.986	0.58586				2
2024.11.22	01:23:57.380	0.58587				2
2024.11.22	01:24:00.110	0.58587				2
2024.11.22	01:24:01.622	0.58586	0.58588			6
2024.11.22	01:24:02.835		0.58589			4
2024.11.22	01:24:12.385	0.58587				2
2024.11.22	01:24:23.603	0.58588	0.58590			6
2024.11.22	01:24:24.211	0.58587				2
2024.11.22	01:24:27.160	0.58589	0.58592			6
2024.11.22	01:24:33.427	0.58590	0.58593			6
2024.11.22	01:24:36.976		0.58595			4
2024.11.22	01:24:37.794	0.58591				2
2024.11.22	01:24:38.927		0.58594			4
2024.11.22	01:24:46.772	0.58590	0.58593			6
2024.11.22	01:24:48.052		0.58594			4
2024.11.22	01:24:48.608	0.58592				2
2024.11.22	01:24:48.919	0.58591				2
2024.11.22	01:24:53.418		0.58593			4
2024.11.22	01:25:00.091	0.58591				2
2024.11.22	01:25:02.214		0.58594			4
2024.11.22	01:25:03.423		0.58593			4
2024.11.22	01:25:07.974		0.58594			4
2024.11.22	01:25:12.165		0.58593			4
2024.11.22	01:25:16.106	0.58592	0.58594			6
2024.11.22	01:25:16.409	0.58591				2
2024.11.22	01:25:18.280	0.58592				2
2024.11.22	01:25:18.885	0.58593				2
2024.11.22	01:25:19.189	0.58594	0.58597			6
2024.11.22	01:25:21.495	0.58593	0.58596			6
2024.11.22	01:25:21.801	0.58594	0.58597			6
2024.11.22	01:25:27.822	0.58595	0.58598			6
2024.11.22	01:25:36.248		0.58597			4
2024.11.22	01:25:40.516	0.58596	0.58598			6
2024.11.22	01:25:40.820	0.58595	0.58597			6
2024.11.22	01:25:43.847	0.58596				2
2024.11.22	01:25:45.063	0.58595				2
2024.11.22	01:25:52.339	0.58596				2
2024.11.22	01:25:53.854		0.58598			4
2024.11.22	01:26:00.022	0.58596				2
2024.11.22	01:26:00.323		0.58599			4
2024.11.22	01:26:01.234		0.58598			4
2024.11.22	01:26:01.840	0.58597	0.58599			6
2024.11.22	01:26:02.145	0.58595	0.58601			6
2024.11.22	01:26:05.380	0.58596				2
2024.11.22	01:26:07.199		0.58600			4
2024.11.22	01:26:08.412	0.58597				2
2024.11.22	01:26:11.139		0.58599			4
2024.11.22	01:26:13.261	0.58596	0.58600			6
2024.11.22	01:26:14.172		0.58599			4
2024.11.22	01:26:15.993	0.58597	0.58600			6
2024.11.22	01:26:16.297	0.58596	0.58601			6
2024.11.22	01:26:17.205		0.58600			4
2024.11.22	01:26:19.074	0.58597	0.58601			6
2024.11.22	01:26:19.378		0.58602			4
2024.11.22	01:26:20.241	0.58598				2
2024.11.22	01:26:25.326		0.58601			4
2024.11.22	01:26:29.602	0.58599	0.58602			6
2024.11.22	01:26:30.531		0.58605			4
2024.11.22	01:26:34.233		0.58604			4
2024.11.22	01:26:34.842		0.58603			4
2024.11.22	01:26:39.090	0.58600				2
2024.11.22	01:26:47.423	0.58601				2
2024.11.22	01:26:48.330	0.58600	0.58602			6
2024.11.22	01:26:49.242	0.58601	0.58603			6
2024.11.22	01:26:49.545	0.58600				2
2024.11.22	01:26:50.149	0.58599	0.58604			6
2024.11.22	01:26:51.365	0.58600				2
2024.11.22	01:26:52.274		0.58603			4
2024.11.22	01:26:53.182	0.58601				2
2024.11.22	01:26:53.789	0.58600	0.58602			6
2024.11.22	01:26:54.398	0.58599				2
2024.11.22	01:26:55.831	0.58596	0.58601			6
2024.11.22	01:27:00.107	0.58596				2
2024.11.22	01:27:05.260		0.58602			4
2024.11.22	01:27:06.171		0.58601			4
2024.11.22	01:27:07.384	0.58597				2
2024.11.22	01:27:08.290		0.58600			4
2024.11.22	01:27:10.415	0.58598				2
2024.11.22	01:27:23.148		0.58603			4
2024.11.22	01:27:27.285	0.58595	0.58601			6
2024.11.22	01:27:30.933		0.58600			4
2024.11.22	01:27:37.299		0.58599			4
2024.11.22	01:27:37.604	0.58596	0.58600			6
2024.11.22	01:27:38.208	0.58595				2
2024.11.22	01:27:39.421	0.58596				2
2024.11.22	01:27:41.242	0.58597	0.58599			6
2024.11.22	01:27:57.914	0.58596	0.58598			6
2024.11.22	01:28:00.036	0.58596				2
2024.11.22	01:28:15.496	0.58594	0.58596			6
2024.11.22	01:28:17.314	0.58592	0.58598			6
2024.11.22	01:28:19.313	0.58590	0.58595			6
2024.11.22	01:28:19.637		0.58594			4
2024.11.22	01:28:20.850	0.58588				2
2024.11.22	01:28:21.156	0.58589	0.58595			6
2024.11.22	01:28:21.598		0.58594			4
2024.11.22	01:28:30.399	0.58590				2
2024.11.22	01:28:32.221		0.58593			4
2024.11.22	01:28:32.523	0.58589				2
2024.11.22	01:28:33.450	0.58590				2
2024.11.22	01:28:36.213		0.58592			4
2024.11.22	01:28:43.488	0.58591	0.58593			6
2024.11.22	01:28:43.789	0.58590	0.58592			6
2024.11.22	01:28:44.700	0.58591	0.58593			6
2024.11.22	01:29:00.161	0.58591				2
2024.11.22	01:29:08.954	0.58592	0.58594			6
2024.11.22	01:29:09.261	0.58589	0.58591			6
2024.11.22	01:29:09.562	0.58587	0.58589			6
2024.11.22	01:29:10.170	0.58585	0.58591			6
2024.11.22	01:29:14.214	0.58584	0.58590			6
2024.11.22	01:29:22.399		0.58589			4
2024.11.22	01:29:23.309	0.58585				2
2024.11.22	01:29:25.128		0.58588			4
2024.11.22	01:29:26.339	0.58586				2
2024.11.22	01:29:27.555	0.58587	0.58589			6
2024.11.22	01:29:28.465	0.58586	0.58588			6
2024.11.22	01:29:29.375	0.58585	0.58591			6
2024.11.22	01:29:30.282	0.58584	0.58590			6
2024.11.22	01:29:35.135	0.58585				2
2024.11.22	01:29:36.346		0.58589			4
2024.11.22	01:29:39.379		0.58588			4
2024.11.22	01:29:40.289	0.58586				2
2024.11.22	01:29:54.538	0.58587	0.58589			6
2024.11.22	01:29:54.841	0.58588	0.58590			6
2024.11.22	01:29:56.356	0.58585	0.58591			6
2024.11.22	01:29:56.662	0.58584	0.58590			6
2024.11.22	01:29:56.963	0.58585	0.58591			6
2024.11.22	01:29:57.266		0.58590			4
2024.11.22	01:29:57.572	0.58584	0.58588			6
2024.11.22	01:29:57.875		0.58589			4
2024.11.22	01:30:00.299	0.58584				2
2024.11.22	01:30:02.119	0.58583				2
2024.11.22	01:30:03.635	0.58584	0.58590			6
2024.11.22	01:30:03.936	0.58587	0.58591			6
2024.11.22	01:30:04.241		0.58592			4
2024.11.22	01:30:04.543	0.58588				2
2024.11.22	01:30:04.845	0.58590	0.58596			6
2024.11.22	01:30:06.058	0.58592	0.58597			6
2024.11.22	01:30:06.363	0.58593				2
2024.11.22	01:30:07.273		0.58598			4
2024.11.22	01:30:09.018	0.58596	0.58600			6
2024.11.22	01:30:09.331	0.58597	0.58602			6
2024.11.22	01:30:09.950	0.58596				2
2024.11.22	01:30:10.254	0.58598				2
2024.11.22	01:30:11.771		0.58603			4
2024.11.22	01:30:12.095	0.58600	0.58605			6
2024.11.22	01:30:13.642	0.58601				2
2024.11.22	01:30:13.943		0.58606			4
2024.11.22	01:30:15.464		0.58605			4
2024.11.22	01:30:16.118		0.58606			4
2024.11.22	01:30:17.719	0.58602				2
2024.11.22	01:30:21.099	0.58601				2
2024.11.22	01:30:22.231		0.58605			4
2024.11.22	01:30:23.613	0.58602				2
2024.11.22	01:30:25.295	0.58600	0.58603			6
2024.11.22	01:30:25.599	0.58598	0.58601			6
2024.11.22	01:30:26.226	0.58595	0.58598			6
2024.11.22	01:30:26.587	0.58597	0.58600			6
2024.11.22	01:30:27.536	0.58596	0.58601			6
2024.11.22	01:30:27.838	0.58597				2
2024.11.22	01:30:28.142		0.58600			4
2024.11.22	01:30:29.961	0.58595				2
2024.11.22	01:30:41.181		0.58599			4
2024.11.22	01:30:46.385	0.58596				2
2024.11.22	01:30:50.022	0.58595	0.58598			6
2024.11.22	01:30:50.933	0.58596	0.58599			6
2024.11.22	01:31:00.078	0.58596				2
2024.11.22	01:31:02.504		0.58597			4
2024.11.22	01:31:02.805	0.58593	0.58596			6
2024.11.22	01:31:03.113	0.58592	0.58595			6
2024.11.22	01:31:03.465	0.58591	0.58594			6
2024.11.22	01:31:03.769	0.58592	0.58595			6
2024.11.22	01:31:04.070	0.58591	0.58594			6
2024.11.22	01:31:04.375		0.58596			4
2024.11.22	01:31:13.266		0.58595			4
2024.11.22	01:31:14.477		0.58596			4
2024.11.22	01:31:16.447	0.58589	0.58593			6
2024.11.22	01:31:22.340	0.58590				2
2024.11.22	01:31:26.603		0.58594			4
2024.11.22	01:31:27.358		0.58593			4
2024.11.22	01:31:30.700	0.58591	0.58594			6
2024.11.22	01:31:35.249	0.58590	0.58593			6
2024.11.22	01:31:36.513	0.58591	0.58594			6
2024.11.22	01:31:37.421	0.58590	0.58593			6
2024.11.22	01:31:39.848	0.58591	0.58594			6
2024.11.22	01:31:41.415	0.58590				2
2024.11.22	01:31:44.143	0.58591				2
2024.11.22	01:31:46.569	0.58590	0.58593			6
2024.11.22	01:31:47.782	0.58591	0.58594			6
2024.11.22	01:31:48.995	0.58590	0.58593			6
2024.11.22	01:31:50.207		0.58594			4
2024.11.22	01:31:51.422	0.58589	0.58592			6
2024.11.22	01:31:51.722	0.58588				2
2024.11.22	01:31:53.288		0.58593			4
2024.11.22	01:31:54.975	0.58589				2
2024.11.22	01:31:55.333		0.58592			4
2024.11.22	01:31:58.091	0.58588				2
2024.11.22	01:32:00.212	0.58588				2
2024.11.22	01:32:01.424	0.58590				2
2024.11.22	01:32:01.730		0.58594			4
2024.11.22	01:32:03.791	0.58589	0.58593			6
2024.11.22	01:32:06.109	0.58588				2
2024.11.22	01:32:06.841	0.58587				2
2024.11.22	01:32:07.145	0.58588				2
2024.11.22	01:32:07.749	0.58589				2
2024.11.22	01:32:11.582	0.58590	0.58594			6
2024.11.22	01:32:15.148	0.58589	0.58592			6
2024.11.22	01:32:15.474	0.58588				2
2024.11.22	01:32:16.078	0.58590	0.58593			6
2024.11.22	01:32:16.384		0.58594			4
2024.11.22	01:32:17.524	0.58591				2
2024.11.22	01:32:18.322	0.58590				2
2024.11.22	01:32:30.383	0.58591				2
2024.11.22	01:32:34.324	0.58590				2
2024.11.22	01:32:35.231	0.58591				2
2024.11.22	01:32:36.141		0.58593			4
2024.11.22	01:32:38.570	0.58590				2
2024.11.22	01:32:39.615	0.58593	0.58594			6
2024.11.22	01:32:39.919	0.58590	0.58593			6
2024.11.22	01:32:44.248	0.58591				2
2024.11.22	01:32:53.379	0.58592	0.58594			6
2024.11.22	01:32:53.733	0.58591	0.58593			6
2024.11.22	01:32:54.337	0.58590	0.58595			6
2024.11.22	01:32:56.459		0.58594			4
2024.11.22	01:32:56.762		0.58595			4
2024.11.22	01:32:57.366		0.58594			4
2024.11.22	01:33:00.098	0.58590				2
2024.11.22	01:33:01.612	0.58591	0.58595			6
2024.11.22	01:33:02.824	0.58592	0.58596			6
2024.11.22	01:33:03.132	0.58593	0.58597			6
2024.11.22	01:33:04.039	0.58592	0.58596			6
2024.11.22	01:33:04.341		0.58597			4
2024.11.22	01:33:05.550	0.58593				2
2024.11.22	01:33:06.296	0.58592				2
2024.11.22	01:33:06.601	0.58588	0.58593			6
2024.11.22	01:33:12.249	0.58590	0.58594			6
2024.11.22	01:33:15.498	0.58588	0.58593			6
2024.11.22	01:33:16.349	0.58589				2
2024.11.22	01:33:18.391	0.58588				2
2024.11.22	01:33:21.421		0.58592			4
2024.11.22	01:33:22.332	0.58589	0.58593			6
2024.11.22	01:33:22.637		0.58592			4
2024.11.22	01:33:27.487		0.58593			4
2024.11.22	01:33:27.891	0.58588	0.58592			6
2024.11.22	01:33:29.410		0.58593			4
2024.11.22	01:33:30.134		0.58592			4
2024.11.22	01:33:30.469	0.58589	0.58593			6
2024.11.22	01:33:32.339	0.58588	0.58592			6
2024.11.22	01:33:35.165	0.58589				2
2024.11.22	01:33:39.414		0.58591			4
2024.11.22	01:33:42.143	0.58586	0.58588			6
2024.11.22	01:33:42.753	0.58583	0.58585			6
2024.11.22	01:33:43.390		0.58587			4
2024.11.22	01:33:48.185	0.58582				2
2024.11.22	01:33:48.582	0.58583				2
2024.11.22	01:33:49.627	0.58580	0.58584			6
2024.11.22	01:33:49.940		0.58583			4
2024.11.22	01:33:50.280		0.58584			4
2024.11.22	01:33:58.418		0.58583			4
2024.11.22	01:34:00.238	0.58581				2
2024.11.22	01:34:03.877		0.58582			4
2024.11.22	01:34:05.392		0.58583			4
2024.11.22	01:34:10.242		0.58582			4
2024.11.22	01:34:11.755	0.58580				2
2024.11.22	01:34:12.971	0.58581	0.58583			6
2024.11.22	01:34:13.274	0.58585	0.58587			6
2024.11.22	01:34:13.878	0.58584	0.58586			6
2024.11.22	01:34:14.181		0.58588			4
2024.11.22	01:34:27.241		0.58587			4
2024.11.22	01:34:30.307	0.58585	0.58588			6
2024.11.22	01:34:31.416	0.58586				2
2024.11.22	01:34:32.564	0.58585	0.58587			6
2024.11.22	01:34:32.882	0.58586	0.58589			6
2024.11.22	01:34:33.488	0.58584	0.58587			6
2024.11.22	01:34:33.795	0.58583	0.58586			6
2024.11.22	01:34:34.122		0.58585			4
2024.11.22	01:34:35.358	0.58584	0.58587			6
2024.11.22	01:34:37.436		0.58586			4
2024.11.22	01:34:40.211	0.58582	0.58585			6
2024.11.22	01:34:43.137		0.58584			4
2024.11.22	01:34:45.568		0.58585			4
2024.11.22	01:34:47.384	0.58584	0.58586			6
2024.11.22	01:34:48.299		0.58587			4
2024.11.22	01:34:52.343	0.58581	0.58585			6
2024.11.22	01:34:53.606	0.58580	0.58586			6
2024.11.22	01:34:54.460	0.58581				2
2024.11.22	01:34:55.780	0.58580				2
2024.11.22	01:34:56.386		0.58585			4
2024.11.22	01:34:56.689	0.58581				2
2024.11.22	01:34:57.017	0.58580				2
2024.11.22	01:34:57.345	0.58584	0.58587			6
2024.11.22	01:34:58.432	0.58585	0.58588			6
2024.11.22	01:35:00.381	0.58584				2
2024.11.22	01:35:03.353		0.58587			4
2024.11.22	01:35:05.801	0.58585				2
2024.11.22	01:35:09.171		0.58586			4
2024.11.22	01:35:12.251		0.58587			4
2024.11.22	01:35:12.860	0.58586	0.58588			6
2024.11.22	01:35:13.160	0.58588	0.58590			6
2024.11.22	01:35:13.465	0.58589	0.58591			6
2024.11.22	01:35:13.768	0.58590	0.58592			6
2024.11.22	01:35:14.376		0.58593			4
2024.11.22	01:35:14.698	0.58591	0.58594			6
2024.11.22	01:35:23.337		0.58593			4
2024.11.22	01:35:25.157		0.58592			4
2024.11.22	01:35:26.066	0.58590				2
2024.11.22	01:35:26.385		0.58591			4
2024.11.22	01:35:27.308		0.58592			4
2024.11.22	01:35:29.381		0.58591			4
2024.11.22	01:35:36.962	0.58591	0.58592			6
2024.11.22	01:35:43.633		0.58593			4
2024.11.22	01:35:43.935		0.58592			4
2024.11.22	01:35:44.237		0.58593			4
2024.11.22	01:35:45.148		0.58594			4
2024.11.22	01:35:49.391		0.58593			4
2024.11.22	01:35:51.817		0.58592			4
2024.11.22	01:35:52.119		0.58593			4
2024.11.22	01:35:53.030		0.58592			4
2024.11.22	01:35:57.576	0.58589	0.58591			6
2024.11.22	01:35:58.184		0.58592			4
2024.11.22	01:36:00.408	0.58589	0.58591			6
2024.11.22	01:36:01.621	0.58590	0.58592			6
2024.11.22	01:36:02.226		0.58594			4
2024.11.22	01:36:02.686	0.58591				2
2024.11.22	01:36:05.409		0.58593			4
2024.11.22	01:36:09.350		0.58592			4
2024.11.22	01:36:10.261		0.58593			4
2024.11.22	01:36:11.171		0.58592			4
2024.11.22	01:36:12.079	0.58590				2
2024.11.22	01:36:12.385		0.58591			4
2024.11.22	01:36:12.698	0.58589				2
2024.11.22	01:36:13.345		0.58592			4
2024.11.22	01:36:16.374	0.58590				2
2024.11.22	01:36:18.195	0.58589				2
2024.11.22	01:36:19.406		0.58591			4
2024.11.22	01:36:20.920	0.58590				2
2024.11.22	01:36:25.468	0.58591	0.58592			6
2024.11.22	01:36:26.376	0.58590	0.58591			6
2024.11.22	01:36:28.197	0.58591	0.58592			6
2024.11.22	01:36:29.409		0.58594			4
2024.11.22	01:36:30.420		0.58593			4
2024.11.22	01:36:32.746	0.58590				2
2024.11.22	01:36:35.754	0.58591				2
2024.11.22	01:36:36.989	0.58590	0.58592			6
2024.11.22	01:36:38.201		0.58593			4
2024.11.22	01:36:42.398		0.58592			4
2024.11.22	01:36:50.636	0.58589				2
2024.11.22	01:37:00.035	0.58589				2
2024.11.22	01:37:01.550	0.58593	0.58594			6
2024.11.22	01:37:01.853	0.58591	0.58593			6
2024.11.22	01:37:02.157		0.58594			4
2024.11.22	01:37:03.838	0.58590				2
2024.11.22	01:37:07.031	0.58589				2
2024.11.22	01:37:13.382		0.58593			4
2024.11.22	01:37:15.242	0.58590				2
2024.11.22	01:37:16.455	0.58589				2
2024.11.22	01:37:18.579	0.58590				2
2024.11.22	01:37:19.488	0.58589				2
2024.11.22	01:37:20.095	0.58590				2
2024.11.22	01:37:29.190	0.58591	0.58594			6
2024.11.22	01:37:30.401		0.58595			4
2024.11.22	01:37:37.188	0.58593	0.58597			6
2024.11.22	01:37:38.021	0.58594	0.58598			6
2024.11.22	01:37:39.882	0.58593	0.58597			6
2024.11.22	01:37:44.430	0.58592	0.58596			6
2024.11.22	01:37:45.327	0.58593				2
2024.11.22	01:37:54.364		0.58595			4
2024.11.22	01:38:00.279	0.58593				2
2024.11.22	01:38:03.351		0.58594			4
2024.11.22	01:38:06.687	0.58591	0.58593			6
2024.11.22	01:38:07.294	0.58589	0.58594			6
2024.11.22	01:38:09.151	0.58590				2
2024.11.22	01:38:10.662	0.58589				2
2024.11.22	01:38:11.386	0.58590				2
2024.11.22	01:38:12.901	0.58591	0.58595			6
2024.11.22	01:38:13.234		0.58594			4
2024.11.22	01:38:22.250	0.58592	0.58595			6
2024.11.22	01:38:24.326	0.58595	0.58599			6
2024.11.22	01:38:25.233		0.58600			4
2024.11.22	01:38:26.797		0.58601			4
2024.11.22	01:38:27.121	0.58599	0.58603			6
2024.11.22	01:38:40.317		0.58602			4
2024.11.22	01:38:42.764	0.58598	0.58601			6
2024.11.22	01:38:45.003	0.58597	0.58599			6
2024.11.22	01:38:45.306	0.58594	0.58597			6
2024.11.22	01:38:46.571	0.58593	0.58596			6
2024.11.22	01:38:53.961	0.58594				2
2024.11.22	01:38:54.348	0.58596	0.58599			6
2024.11.22	01:38:54.646	0.58595	0.58600			6
2024.11.22	01:38:58.407	0.58594	0.58599			6
2024.11.22	01:38:58.713	0.58593	0.58598			6
2024.11.22	01:38:59.735	0.58594				2
2024.11.22	01:39:00.154	0.58594				2
2024.11.22	01:39:02.494	0.58593				2
2024.11.22	01:39:05.844	0.58594				2
2024.11.22	01:39:07.376		0.58597			4
2024.11.22	01:39:07.680	0.58593				2
2024.11.22	01:39:09.196	0.58594				2
2024.11.22	01:39:11.926	0.58593	0.58596			6
2024.11.22	01:39:12.229	0.58594				2
2024.11.22	01:39:18.502	0.58592	0.58594			6
2024.11.22	01:39:19.155		0.58595			4
2024.11.22	01:39:25.419		0.58594			4
2024.11.22	01:39:28.448	0.58594	0.58597			6
2024.11.22	01:39:38.606	0.58595				2
2024.11.22	01:39:39.213	0.58594				2
2024.11.22	01:39:42.361	0.58596	0.58599			6
2024.11.22	01:39:50.202		0.58598			4
2024.11.22	01:39:53.611		0.58599			4
2024.11.22	01:39:54.638		0.58598			4
2024.11.22	01:39:59.222		0.58597			4
2024.11.22	01:40:00.131	0.58596				2
2024.11.22	01:40:00.433		0.58598			4
2024.11.22	01:40:04.678		0.58597			4
2024.11.22	01:40:04.982		0.58598			4
2024.11.22	01:40:05.285		0.58597			4
2024.11.22	01:40:06.192		0.58598			4
2024.11.22	01:40:11.349		0.58597			4
2024.11.22	01:40:22.869		0.58598			4
2024.11.22	01:40:25.747		0.58597			4
2024.11.22	01:40:26.353		0.58598			4
2024.11.22	01:40:31.259		0.58597			4
2024.11.22	01:40:42.171	0.58594	0.58596			6
2024.11.22	01:40:43.386	0.58593				2
2024.11.22	01:40:45.174	0.58594	0.58597			6
2024.11.22	01:40:45.864	0.58596	0.58599			6
2024.11.22	01:41:00.531	0.58596				2
2024.11.22	01:41:01.722	0.58595				2
2024.11.22	01:41:02.634		0.58598			4
2024.11.22	01:41:02.939		0.58599			4
2024.11.22	01:41:04.755	0.58601	0.58602			6
2024.11.22	01:41:05.060		0.58603			4
2024.11.22	01:41:07.811		0.58604			4
2024.11.22	01:41:16.008	0.58600	0.58603			6
2024.11.22	01:41:21.383	0.58599	0.58602			6
2024.11.22	01:41:26.385		0.58601			4
2024.11.22	01:41:26.991	0.58600				2
2024.11.22	01:41:27.297		0.58602			4
2024.11.22	01:41:29.721	0.58603	0.58605			6
2024.11.22	01:41:30.023	0.58604	0.58606			6
2024.11.22	01:41:30.326	0.58603				2
2024.11.22	01:41:47.265		0.58605			4
2024.11.22	01:41:53.069	0.58597	0.58599			6
2024.11.22	01:41:53.373	0.58596	0.58598			6
2024.11.22	01:41:54.282	0.58594	0.58600			6
2024.11.22	01:41:55.757		0.58599			4
2024.11.22	01:42:00.377	0.58595				2
2024.11.22	01:42:02.218	0.58594				2
2024.11.22	01:42:05.798	0.58595				2
2024.11.22	01:42:06.105	0.58594				2
2024.11.22	01:42:06.410	0.58595				2
2024.11.22	01:42:12.172	0.58596				2
2024.11.22	01:42:13.079	0.58595	0.58598			6
2024.11.22	01:42:13.686	0.58597	0.58599			6
2024.11.22	01:42:13.992		0.58600			4
2024.11.22	01:42:16.582	0.58596	0.58599			6
2024.11.22	01:42:17.222	0.58595				2
2024.11.22	01:42:18.132	0.58596				2
2024.11.22	01:42:23.289		0.58598			4
2024.11.22	01:42:43.347	0.58594	0.58596			6
2024.11.22	01:42:44.307	0.58593	0.58597			6
2024.11.22	01:42:47.759	0.58592				2
2024.11.22	01:42:49.325	0.58593				2
2024.11.22	01:42:53.304	0.58594				2
2024.11.22	01:42:58.155		0.58596			4
2024.11.22	01:43:00.276	0.58594				2
2024.11.22	01:43:02.097	0.58596	0.58598			6
2024.11.22	01:43:02.402	0.58595				2
2024.11.22	01:43:03.159	0.58594				2
2024.11.22	01:43:03.461	0.58595	0.58599			6
2024.11.22	01:43:05.329		0.58598			4
2024.11.22	01:43:26.403	0.58596				2
2024.11.22	01:43:37.420	0.58595				2
2024.11.22	01:43:47.826	0.58596				2
2024.11.22	01:43:48.132	0.58595				2
2024.11.22	01:43:49.042	0.58596				2
2024.11.22	01:43:49.344	0.58595				2
2024.11.22	01:43:50.252	0.58596				2
2024.11.22	01:43:50.558	0.58595				2
2024.11.22	01:43:56.926		0.58597			4
2024.11.22	01:43:57.231		0.58599			4
2024.11.22	01:43:58.393		0.58598			4
2024.11.22	01:43:58.695		0.58599			4
2024.11.22	01:43:59.818	0.58594				2
2024.11.22	01:44:00.305	0.58595				2
2024.11.22	01:44:01.899	0.58593	0.58597			6
2024.11.22	01:44:14.009		0.58596			4
2024.11.22	01:44:17.785	0.58595	0.58597			6
2024.11.22	01:44:18.088		0.58598			4
2024.11.22	01:44:19.878	0.58596				2
2024.11.22	01:44:34.942	0.58594	0.58597			6
2024.11.22	01:44:46.956	0.58595	0.58598			6
2024.11.22	01:44:48.666	0.58596				2
2024.11.22	01:44:57.539	0.58594	0.58597			6
2024.11.22	01:44:59.044	0.58591	0.58593			6
2024.11.22	01:44:59.409		0.58594			4
2024.11.22	01:45:00.061	0.58591				2
2024.11.22	01:45:02.462	0.58590	0.58593			6
2024.11.22	01:45:03.113	0.58589	0.58592			6
2024.11.22	01:45:04.155	0.58590	0.58593			6
2024.11.22	01:45:07.437	0.58592	0.58595			6
2024.11.22	01:45:07.745		0.58594			4
2024.11.22	01:45:08.049	0.58593	0.58596			6
2024.11.22	01:45:20.617	0.58594	0.58597			6
2024.11.22	01:45:21.343	0.58597	0.58601			6
2024.11.22	01:45:21.648	0.58598				2
2024.11.22	01:45:22.304	0.58597	0.58599			6
2024.11.22	01:45:23.632		0.58600			4
2024.11.22	01:45:24.057	0.58599	0.58602			6
2024.11.22	01:45:33.618	0.58598	0.58601			6
2024.11.22	01:45:33.958	0.58599	0.58602			6
2024.11.22	01:45:38.992	0.58601	0.58603			6
2024.11.22	01:45:39.299		0.58604			4
2024.11.22	01:45:42.348	0.58600	0.58603			6
2024.11.22	01:45:42.702	0.58601	0.58604			6
2024.11.22	01:45:45.386		0.58603			4
2024.11.22	01:45:46.903	0.58600				2
2024.11.22	01:45:47.207	0.58601				2
2024.11.22	01:45:50.238	0.58600				2
2024.11.22	01:45:51.753	0.58601				2
2024.11.22	01:45:54.788	0.58599	0.58601			6
2024.11.22	01:45:55.090	0.58598	0.58600			6
2024.11.22	01:45:55.392		0.58601			4
2024.11.22	01:45:56.876	0.58596	0.58599			6
2024.11.22	01:46:00.034	0.58596				2
2024.11.22	01:46:03.197	0.58595				2
2024.11.22	01:46:03.938	0.58596				2
2024.11.22	01:46:05.456	0.58590	0.58594			6
2024.11.22	01:46:05.770	0.58591				2
2024.11.22	01:46:06.672	0.58590				2
2024.11.22	01:46:06.984	0.58591				2
2024.11.22	01:46:15.630	0.58590				2
2024.11.22	01:46:20.001	0.58591				2
2024.11.22	01:46:22.386		0.58593			4
2024.11.22	01:46:24.858	0.58590				2
2024.11.22	01:46:25.465		0.58592			4
2024.11.22	01:46:26.376		0.58593			4
2024.11.22	01:46:27.048	0.58587	0.58590			6
2024.11.22	01:46:27.917		0.58592			4
2024.11.22	01:46:30.648	0.58580	0.58584			6
2024.11.22	01:46:30.961	0.58581	0.58583			6
2024.11.22	01:46:31.273		0.58584			4
2024.11.22	01:46:35.542		0.58583			4
2024.11.22	01:46:41.922		0.58584			4
2024.11.22	01:46:45.499	0.58580				2
2024.11.22	01:46:49.202	0.58581				2
2024.11.22	01:46:50.384		0.58583			4
2024.11.22	01:46:54.329		0.58584			4
2024.11.22	01:47:00.089	0.58581				2
2024.11.22	01:47:01.301	0.58582				2
2024.11.22	01:47:07.974	0.58581	0.58583			6
2024.11.22	01:47:10.701	0.58579	0.58581			6
2024.11.22	01:47:11.308	0.58578	0.58582			6
2024.11.22	01:47:11.900		0.58583			4
2024.11.22	01:47:14.390		0.58582			4
2024.11.22	01:47:15.603	0.58575	0.58579			6
2024.11.22	01:47:16.802	0.58576	0.58580			6
2024.11.22	01:47:20.855		0.58581			4
2024.11.22	01:47:21.431		0.58580			4
2024.11.22	01:47:23.222	0.58577	0.58581			6
2024.11.22	01:47:26.268	0.58578				2
2024.11.22	01:47:26.569	0.58577				2
2024.11.22	01:47:28.084	0.58578				2
2024.11.22	01:47:29.301	0.58577				2
2024.11.22	01:47:31.422	0.58578				2
2024.11.22	01:47:32.937		0.58580			4
2024.11.22	01:47:35.365	0.58577	0.58579			6
2024.11.22	01:47:37.183		0.58580			4
2024.11.22	01:47:37.487	0.58578	0.58581			6
2024.11.22	01:47:37.789	0.58579	0.58582			6
2024.11.22	01:47:39.483	0.58578				2
2024.11.22	01:47:43.345	0.58579				2
2024.11.22	01:47:43.677	0.58578				2
2024.11.22	01:47:45.261	0.58579				2
2024.11.22	01:47:45.576	0.58578				2
2024.11.22	01:47:47.361		0.58581			4
2024.11.22	01:47:56.390		0.58580			4
2024.11.22	01:48:00.029	0.58578				2
2024.11.22	01:48:00.330	0.58579	0.58581			6
2024.11.22	01:48:05.842	0.58578	0.58580			6
2024.11.22	01:48:07.052	0.58577	0.58579			6
2024.11.22	01:48:07.359	0.58576				2
2024.11.22	01:48:20.245	0.58575	0.58578			6
2024.11.22	01:48:21.760	0.58576				2
2024.11.22	01:48:22.065		0.58579			4
2024.11.22	01:48:22.974	0.58578	0.58580			6
2024.11.22	01:48:23.277	0.58577	0.58581			6
2024.11.22	01:48:25.503	0.58576	0.58580			6
2024.11.22	01:48:29.201	0.58572	0.58576			6
2024.11.22	01:48:41.842	0.58573				2
2024.11.22	01:48:42.766	0.58572				2
2024.11.22	01:48:44.337	0.58573				2
2024.11.22	01:48:44.667	0.58574				2
2024.11.22	01:48:45.569	0.58572				2
2024.11.22	01:48:48.396		0.58575			4
2024.11.22	01:48:51.733	0.58573				2
2024.11.22	01:48:55.674	0.58577	0.58579			6
2024.11.22	01:48:56.885	0.58576	0.58578			6
2024.11.22	01:48:57.186		0.58579			4
2024.11.22	01:49:00.280	0.58576				2
2024.11.22	01:49:01.715	0.58574	0.58578			6
2024.11.22	01:49:08.322	0.58573	0.58576			6
2024.11.22	01:49:08.998	0.58574	0.58578			6
2024.11.22	01:49:09.422		0.58577			4
2024.11.22	01:49:09.723	0.58575				2
2024.11.22	01:49:10.028		0.58578			4
2024.11.22	01:49:12.402		0.58577			4
2024.11.22	01:49:13.311	0.58574				2
2024.11.22	01:49:14.424		0.58576			4
2024.11.22	01:49:14.733	0.58575				2
2024.11.22	01:49:15.052	0.58574				2
2024.11.22	01:49:15.354		0.58577			4
2024.11.22	01:49:16.394		0.58576			4
2024.11.22	01:49:26.401	0.58572	0.58574			6
2024.11.22	01:49:27.311		0.58575			4
2024.11.22	01:49:28.829	0.58573	0.58576			6
2024.11.22	01:49:31.163		0.58577			4
2024.11.22	01:49:32.414	0.58574	0.58578			6
2024.11.22	01:49:35.848		0.58577			4
2024.11.22	01:49:36.158	0.58573				2
2024.11.22	01:49:39.141	0.58574				2
2024.11.22	01:49:41.009	0.58573	0.58576			6
2024.11.22	01:49:42.220		0.58577			4
2024.11.22	01:49:43.383		0.58576			4
2024.11.22	01:49:49.143		0.58575			4
2024.11.22	01:49:57.637		0.58576			4
2024.11.22	01:50:00.061	0.58573				2
2024.11.22	01:50:05.876	0.58574	0.58577			6
2024.11.22	01:50:07.139	0.58576	0.58580			6
2024.11.22	01:50:09.030	0.58577	0.58581			6
2024.11.22	01:50:09.395	0.58576				2
2024.11.22	01:50:11.771		0.58580			4
2024.11.22	01:50:14.636	0.58577	0.58581			6
2024.11.22	01:50:15.820	0.58576	0.58582			6
2024.11.22	01:50:17.469	0.58577	0.58583			6
2024.11.22	01:50:20.961	0.58578	0.58584			6
2024.11.22	01:50:21.463	0.58577	0.58582			6
2024.11.22	01:50:22.562	0.58578	0.58583			6
2024.11.22	01:50:25.977		0.58582			4
2024.11.22	01:50:26.997		0.58583			4
2024.11.22	01:50:28.429	0.58577	0.58582			6
2024.11.22	01:50:29.097	0.58578				2
2024.11.22	01:50:31.251		0.58583			4
2024.11.22	01:50:33.535	0.58580				2
2024.11.22	01:50:33.846		0.58585			4
2024.11.22	01:50:34.350		0.58584			4
2024.11.22	01:50:35.263	0.58581	0.58585			6
2024.11.22	01:50:35.586	0.58583	0.58587			6
2024.11.22	01:50:35.912	0.58584	0.58589			6
2024.11.22	01:50:36.233	0.58583				2
2024.11.22	01:50:36.550		0.58588			4
2024.11.22	01:50:44.569	0.58584	0.58589			6
2024.11.22	01:50:50.347		0.58588			4
2024.11.22	01:50:52.171	0.58585				2
2024.11.22	01:50:52.778	0.58586				2
2024.11.22	01:50:53.081	0.58588	0.58591			6
2024.11.22	01:50:54.292		0.58593			4
2024.11.22	01:50:55.279	0.58587	0.58592			6
2024.11.22	01:51:00.044	0.58587				2
2024.11.22	01:51:00.471		0.58591			4
2024.11.22	01:51:01.164	0.58588	0.58592			6
2024.11.22	01:51:01.572	0.58589				2
2024.11.22	01:51:03.147	0.58588	0.58593			6
2024.11.22	01:51:03.873		0.58591			4
2024.11.22	01:51:05.225	0.58587				2
2024.11.22	01:51:06.291	0.58586	0.58590			6
2024.11.22	01:51:07.233		0.58591			4
2024.11.22	01:51:07.701		0.58590			4
2024.11.22	01:51:08.338	0.58584	0.58589			6
2024.11.22	01:51:08.647	0.58586	0.58590			6
2024.11.22	01:51:09.303		0.58591			4
2024.11.22	01:51:10.180		0.58590			4
2024.11.22	01:51:13.547		0.58591			4
2024.11.22	01:51:14.327		0.58590			4
2024.11.22	01:51:15.267		0.58589			4
2024.11.22	01:51:19.205		0.58588			4
2024.11.22	01:51:20.116	0.58587	0.58589			6
2024.11.22	01:51:21.331	0.58586				2
2024.11.22	01:51:24.362	0.58587				2
2024.11.22	01:51:30.429	0.58585	0.58587			6
2024.11.22	01:51:31.341	0.58582				2
2024.11.22	01:51:32.949	0.58584	0.58588			6
2024.11.22	01:51:38.368	0.58583	0.58587			6
2024.11.22	01:51:39.173		0.58586			4
2024.11.22	01:51:42.258		0.58585			4
2024.11.22	01:51:43.793	0.58585	0.58586			6
2024.11.22	01:51:44.097		0.58587			4
2024.11.22	01:51:44.403	0.58588	0.58590			6
2024.11.22	01:51:45.338		0.58591			4
2024.11.22	01:51:54.553	0.58590	0.58593			6
2024.11.22	01:51:54.867	0.58592	0.58595			6
2024.11.22	01:51:55.803	0.58590	0.58592			6
2024.11.22	01:51:56.106		0.58591			4
2024.11.22	01:51:56.409	0.58589				2
2024.11.22	01:51:58.675	0.58590				2
2024.11.22	01:52:00.192	0.58590				2
2024.11.22	01:52:01.111	0.58589				2
2024.11.22	01:52:01.487	0.58588	0.58590			6
2024.11.22	01:52:08.692	0.58589	0.58591			6
2024.11.22	01:52:11.370	0.58587	0.58589			6
2024.11.22	01:52:13.142	0.58588				2
2024.11.22	01:52:14.188	0.58587				2
2024.11.22	01:52:14.812	0.58588				2
2024.11.22	01:52:16.161	0.58587				2
2024.11.22	01:52:24.535		0.58588			4
2024.11.22	01:52:30.631	0.58584	0.58585			6
2024.11.22	01:52:30.976		0.58586			4
2024.11.22	01:52:31.494	0.58583	0.58584			6
2024.11.22	01:52:36.154	0.58581	0.58583			6
2024.11.22	01:52:36.853	0.58582				2
2024.11.22	01:52:39.482	0.58583	0.58584			6
2024.11.22	01:52:46.647	0.58580	0.58582			6
2024.11.22	01:52:49.261	0.58583	0.58584			6
2024.11.22	01:52:52.026	0.58585	0.58586			6
2024.11.22	01:52:55.708	0.58586	0.58587			6
2024.11.22	01:52:56.756	0.58585	0.58586			6
2024.11.22	01:53:00.521	0.58585				2
2024.11.22	01:53:01.519	0.58586	0.58587			6
2024.11.22	01:53:11.368	0.58585	0.58586			6
2024.11.22	01:54:00.061	0.58585				2
2024.11.22	01:54:00.399	0.58586	0.58587			6
2024.11.22	01:54:55.607	0.58589	0.58590			6
2024.11.22	01:54:55.914	0.58587	0.58588			6
2024.11.22	01:54:56.355	0.58586				2
2024.11.22	01:54:57.597	0.58585	0.58587			6
2024.11.22	01:55:00.620	0.58585				2
2024.11.22	01:55:01.454	0.58586				2
2024.11.22	01:55:21.663	0.58585				2
2024.11.22	01:55:23.122	0.58586				2
2024.11.22	01:55:49.976	0.58585				2
2024.11.22	01:55:58.606		0.58587			4
2024.11.22	01:55:59.053	0.58586				2
2024.11.22	01:55:59.489	0.58585				2
2024.11.22	01:56:00.381	0.58585				2
2024.11.22	01:56:07.178		0.58586			4
2024.11.22	01:56:17.257	0.58584				2
2024.11.22	01:56:17.927	0.58581	0.58583			6
2024.11.22	01:56:19.379	0.58582				2
2024.11.22	01:56:19.706		0.58584			4
2024.11.22	01:56:20.857	0.58583				2
2024.11.22	01:56:27.502	0.58581	0.58583			6
2024.11.22	01:56:34.445	0.58583	0.58584			6
2024.11.22	01:56:37.263	0.58581				2
2024.11.22	01:56:37.720	0.58583				2
2024.11.22	01:56:50.408	0.58582				2
2024.11.22	01:56:51.633	0.58583				2
2024.11.22	01:56:52.297	0.58582				2
2024.11.22	01:56:57.622	0.58583				2
2024.11.22	01:57:00.306	0.58583				2
2024.11.22	01:57:04.894	0.58582				2
2024.11.22	01:57:06.714	0.58583				2
2024.11.22	01:57:09.518	0.58582				2
2024.11.22	01:57:09.825	0.58581	0.58583			6
2024.11.22	01:57:10.557	0.58580	0.58581			6
2024.11.22	01:57:12.676	0.58579				2
2024.11.22	01:57:16.590	0.58578	0.58580			6
2024.11.22	01:57:17.186	0.58576	0.58579			6
2024.11.22	01:57:17.490	0.58575	0.58577			6
2024.11.22	01:57:21.167	0.58577	0.58578			6
2024.11.22	01:57:22.554	0.58575	0.58576			6
2024.11.22	01:57:22.861	0.58574				2
2024.11.22	01:57:23.550	0.58575				2
2024.11.22	01:57:25.307	0.58574				2
2024.11.22	01:57:25.629	0.58571	0.58574			6
2024.11.22	01:57:25.946	0.58568	0.58569			6
2024.11.22	01:57:26.251	0.58565	0.58567			6
2024.11.22	01:57:26.567	0.58566				2
2024.11.22	01:57:34.301	0.58567	0.58568			6
2024.11.22	01:57:37.718	0.58564	0.58565			6
2024.11.22	01:57:38.347	0.58565	0.58566			6
2024.11.22	01:57:38.669	0.58564	0.58565			6
2024.11.22	01:57:39.421	0.58563	0.58564			6
2024.11.22	01:57:44.912	0.58564	0.58565			6
2024.11.22	01:57:45.225	0.58565	0.58566			6
2024.11.22	01:57:48.219	0.58566	0.58567			6
2024.11.22	01:57:48.530	0.58565	0.58566			6
2024.11.22	01:57:48.833	0.58564				2
2024.11.22	01:57:49.776	0.58566	0.58567			6
2024.11.22	01:57:50.227	0.58567	0.58568			6
2024.11.22	01:57:50.546	0.58568	0.58569			6
2024.11.22	01:57:53.052	0.58567	0.58568			6
2024.11.22	01:57:58.769	0.58566				2
2024.11.22	01:57:59.075	0.58567				2
2024.11.22	01:57:59.698	0.58564	0.58567			6
2024.11.22	01:58:00.007	0.58564				2
2024.11.22	01:58:03.165	0.58565				2
2024.11.22	01:58:13.826	0.58564	0.58566			6
2024.11.22	01:58:15.139	0.58563	0.58564			6
2024.11.22	01:58:15.519	0.58564	0.58565			6
2024.11.22	01:58:16.727	0.58561	0.58563			6
2024.11.22	01:58:17.047	0.58563	0.58564			6
2024.11.22	01:58:20.259	0.58562	0.58563			6
2024.11.22	01:58:20.567	0.58561				2
2024.11.22	01:58:21.512	0.58562				2
2024.11.22	01:58:21.858	0.58561				2
2024.11.22	01:58:23.597		0.58562			4
2024.11.22	01:58:29.911	0.58560				2
2024.11.22	01:58:31.458	0.58563	0.58564			6
2024.11.22	01:58:33.024	0.58565	0.58566			6
2024.11.22	01:58:36.125	0.58562	0.58564			6
2024.11.22	01:58:37.461	0.58563				2
2024.11.22	01:58:38.656	0.58562				2
2024.11.22	01:58:38.994	0.58563				2
2024.11.22	01:58:40.858	0.58565	0.58566			6
2024.11.22	01:58:46.011	0.58562	0.58565			6
2024.11.22	01:58:46.339		0.58564			4
2024.11.22	01:58:47.002	0.58563				2
2024.11.22	01:58:55.276	0.58561	0.58563			6
2024.11.22	01:58:56.192	0.58562				2
2024.11.22	01:58:56.572	0.58561				2
2024.11.22	01:58:58.925	0.58563	0.58564			6
2024.11.22	01:59:00.083	0.58563				2
2024.11.22	01:59:00.468	0.58564	0.58565			6
2024.11.22	01:59:00.783	0.58565	0.58566			6
2024.11.22	01:59:05.884	0.58567	0.58568			6
2024.11.22	01:59:06.635	0.58566	0.58567			6
2024.11.22	01:59:07.082	0.58565				2
2024.11.22	01:59:10.995	0.58566				2
2024.11.22	01:59:12.521	0.58565	0.58566			6
2024.11.22	01:59:14.520	0.58564				2
2024.11.22	01:59:17.048	0.58562	0.58565			6
2024.11.22	01:59:17.348	0.58563				2
2024.11.22	01:59:19.534		0.58566			4
2024.11.22	01:59:20.496	0.58566	0.58567			6
2024.11.22	01:59:24.304	0.58565				2
2024.11.22	01:59:25.413	0.58566	0.58568			6
2024.11.22	01:59:29.116	0.58567				2
2024.11.22	01:59:29.946	0.58566				2
2024.11.22	01:59:31.074	0.58567				2
2024.11.22	01:59:32.198	0.58566				2
2024.11.22	01:59:34.152	0.58567				2
2024.11.22	01:59:35.583	0.58566				2
2024.11.22	01:59:42.282	0.58565	0.58567			6
2024.11.22	01:59:43.367	0.58564	0.58566			6
2024.11.22	01:59:53.340	0.58563	0.58564			6
2024.11.22	01:59:54.223	0.58565	0.58566			6
2024.11.22	01:59:56.420		0.58567			4
2024.11.22	01:59:57.018		0.58566			4
2024.11.22	02:00:00.075	0.58565				2
2024.11.22	02:00:00.702	0.58564	0.58565			6
2024.11.22	02:00:01.386	0.58562	0.58564			6
2024.11.22	02:00:01.706	0.58563				2
2024.11.22	02:00:04.745	0.58566	0.58567			6
2024.11.22	02:00:05.048	0.58565				2
2024.11.22	02:00:05.366	0.58568	0.58569			6
2024.11.22	02:00:05.683	0.58567				2
2024.11.22	02:00:05.988	0.58568				2
2024.11.22	02:00:06.299	0.58567				2
2024.11.22	02:00:07.185	0.58565	0.58567			6
2024.11.22	02:00:10.516	0.58564				2
2024.11.22	02:00:15.858		0.58566			4
2024.11.22	02:00:17.634	0.58565				2
2024.11.22	02:00:19.489	0.58567	0.58568			6
2024.11.22	02:00:20.666	0.58566	0.58567			6
2024.11.22	02:00:22.238	0.58567	0.58568			6
2024.11.22	02:00:22.900	0.58566	0.58567			6
2024.11.22	02:00:23.241	0.58567	0.58568			6
2024.11.22	02:00:24.464	0.58566				2
2024.11.22	02:00:33.628	0.58567				2
2024.11.22	02:00:34.482	0.58566				2
2024.11.22	02:00:36.260	0.58565	0.58566			6
2024.11.22	02:00:39.156	0.58567	0.58568			6
2024.11.22	02:00:40.660	0.58566				2
2024.11.22	02:00:40.989	0.58564	0.58567			6
2024.11.22	02:00:41.293		0.58566			4
2024.11.22	02:00:44.351	0.58565				2
2024.11.22	02:00:45.685	0.58562	0.58563			6
2024.11.22	02:00:45.987	0.58560				2
2024.11.22	02:00:48.937	0.58561				2
2024.11.22	02:00:49.285	0.58559				2
2024.11.22	02:00:50.297	0.58560				2
2024.11.22	02:00:53.345	0.58559				2
2024.11.22	02:00:55.311	0.58558	0.58562			6
2024.11.22	02:00:55.622		0.58561			4
2024.11.22	02:01:00.422	0.58558				2
2024.11.22	02:01:00.787	0.58559				2
2024.11.22	02:01:05.230	0.58560				2
2024.11.22	02:01:05.542	0.58562	0.58563			6
2024.11.22	02:01:07.108	0.58560	0.58562			6
2024.11.22	02:01:08.336	0.58561	0.58563			6
2024.11.22	02:01:10.022	0.58559	0.58561			6
2024.11.22	02:01:10.722	0.58560				2
2024.11.22	02:01:11.427	0.58559				2
2024.11.22	02:01:12.574	0.58558				2
2024.11.22	02:01:12.909	0.58559				2
2024.11.22	02:01:16.072	0.58558				2
2024.11.22	02:01:18.590	0.58559				2
2024.11.22	02:01:19.384	0.58558	0.58560			6
2024.11.22	02:01:20.305	0.58556	0.58558			6
2024.11.22	02:01:20.608	0.58557				2
2024.11.22	02:01:21.214		0.58559			4
2024.11.22	02:01:21.539	0.58556				2
2024.11.22	02:01:23.823	0.58555				2
2024.11.22	02:01:24.396		0.58558			4
2024.11.22	02:01:25.305		0.58557			4
2024.11.22	02:01:26.131	0.58557	0.58558			6
2024.11.22	02:01:31.782	0.58556				2
2024.11.22	02:01:36.658	0.58555	0.58557			6
2024.11.22	02:01:41.218	0.58557	0.58558			6
2024.11.22	02:01:41.520	0.58560	0.58561			6
2024.11.22	02:01:42.410	0.58559	0.58562			6
2024.11.22	02:01:43.047	0.58560				2
2024.11.22	02:01:49.078	0.58559				2
2024.11.22	02:01:49.405	0.58561				2
2024.11.22	02:01:50.653	0.58560				2
2024.11.22	02:01:52.352		0.58561			4
2024.11.22	02:01:52.655	0.58559				2
2024.11.22	02:01:52.957	0.58560	0.58562			6
2024.11.22	02:01:56.422		0.58561			4
2024.11.22	02:01:57.938	0.58559				2
2024.11.22	02:01:58.247	0.58560				2
2024.11.22	02:02:00.108	0.58560				2
2024.11.22	02:02:01.321	0.58556	0.58558			6
2024.11.22	02:02:02.227	0.58555	0.58559			6
2024.11.22	02:02:03.287	0.58556	0.58558			6
2024.11.22	02:02:07.587	0.58555				2
2024.11.22	02:02:10.408		0.58557			4
2024.11.22	02:02:11.319		0.58556			4
2024.11.22	02:02:14.956		0.58557			4
2024.11.22	02:02:15.260	0.58558	0.58559			6
2024.11.22	02:02:17.185	0.58557	0.58560			6
2024.11.22	02:02:17.488	0.58558				2
2024.11.22	02:02:18.755	0.58560	0.58561			6
2024.11.22	02:02:19.548	0.58559				2
2024.11.22	02:02:24.194	0.58560				2
2024.11.22	02:02:27.547	0.58556	0.58557			6
2024.11.22	02:02:27.862	0.58555				2
2024.11.22	02:02:28.207		0.58558			4
2024.11.22	02:02:28.525	0.58557				2
2024.11.22	02:02:28.827	0.58555				2
2024.11.22	02:02:36.328	0.58556				2
2024.11.22	02:02:40.410		0.58557			4
2024.11.22	02:02:40.713	0.58555				2
2024.11.22	02:02:41.014		0.58556			4
2024.11.22	02:02:50.105	0.58554	0.58555			6
2024.11.22	02:02:51.622		0.58556			4
2024.11.22	02:02:54.100	0.58555				2
2024.11.22	02:02:55.359	0.58556	0.58557			6
2024.11.22	02:02:58.692	0.58559	0.58560			6
2024.11.22	02:02:59.300	0.58560	0.58561			6
2024.11.22	02:03:00.321	0.58560				2
2024.11.22	02:03:04.801	0.58559				2
2024.11.22	02:03:05.746	0.58558				2
2024.11.22	02:03:06.134		0.58560			4
2024.11.22	02:03:07.652		0.58559			4
2024.11.22	02:03:08.864	0.58559	0.58560			6
2024.11.22	02:03:15.005	0.58560	0.58561			6
2024.11.22	02:03:15.312	0.58559				2
2024.11.22	02:03:19.148		0.58560			4
2024.11.22	02:03:21.269	0.58558				2
2024.11.22	02:03:24.652	0.58554	0.58556			6
2024.11.22	02:03:25.289	0.58553				2
2024.11.22	02:03:35.617	0.58555				2
2024.11.22	02:03:37.149	0.58556	0.58557			6
2024.11.22	02:03:41.121	0.58555				2
2024.11.22	02:03:41.423		0.58556			4
2024.11.22	02:03:43.240	0.58553	0.58555			6
2024.11.22	02:03:44.150		0.58556			4
2024.11.22	02:03:45.251		0.58555			4
2024.11.22	02:03:46.472	0.58551	0.58553			6
2024.11.22	02:03:46.779	0.58550				2
2024.11.22	02:03:47.130		0.58554			4
2024.11.22	02:03:48.658	0.58549	0.58552			6
2024.11.22	02:03:49.368	0.58551				2
2024.11.22	02:03:49.684		0.58553			4
2024.11.22	02:03:53.976	0.58550				2
2024.11.22	02:03:58.387		0.58552			4
2024.11.22	02:04:00.208	0.58550				2
2024.11.22	02:04:01.722	0.58553	0.58554			6
2024.11.22	02:04:02.329		0.58555			4
2024.11.22	02:04:02.701		0.58556			4
2024.11.22	02:04:04.121	0.58554				2
2024.11.22	02:04:10.153		0.58555			4
2024.11.22	02:04:13.536	0.58555	0.58556			6
2024.11.22	02:04:18.436	0.58556	0.58557			6
2024.11.22	02:04:24.799	0.58555				2
2024.11.22	02:04:25.100	0.58554	0.58556			6
2024.11.22	02:04:25.406	0.58553	0.58555			6
2024.11.22	02:04:26.314	0.58551	0.58557			6
2024.11.22	02:04:26.922	0.58553	0.58556			6
2024.11.22	02:04:32.307		0.58555			4
2024.11.22	02:04:36.927	0.58555	0.58556			6
2024.11.22	02:04:38.181		0.58557			4
2024.11.22	02:04:38.866	0.58556	0.58558			6
2024.11.22	02:04:39.232		0.58557			4
2024.11.22	02:04:40.456	0.58555				2
2024.11.22	02:04:41.062	0.58556				2
2024.11.22	02:04:41.666	0.58555	0.58556			6
2024.11.22	02:04:42.882	0.58556	0.58557			6
2024.11.22	02:04:45.001	0.58555	0.58556			6
2024.11.22	02:04:45.303	0.58556	0.58557			6
2024.11.22	02:04:47.427	0.58558	0.58559			6
2024.11.22	02:04:48.083	0.58557	0.58558			6
2024.11.22	02:04:48.387	0.58556	0.58557			6
2024.11.22	02:04:51.112	0.58557	0.58559			6
2024.11.22	02:04:51.428		0.58558			4
2024.11.22	02:04:52.729		0.58559			4
2024.11.22	02:04:53.384		0.58558			4
2024.11.22	02:04:54.596		0.58559			4
2024.11.22	02:04:56.716		0.58558			4
2024.11.22	02:04:57.319		0.58559			4
2024.11.22	02:04:57.628	0.58559	0.58561			6
2024.11.22	02:04:59.377	0.58560	0.58562			6
2024.11.22	02:05:00.490	0.58560				2
2024.11.22	02:05:00.959	0.58561	0.58563			6
2024.11.22	02:05:01.273	0.58570	0.58573			6
2024.11.22	02:05:01.603	0.58569				2
2024.11.22	02:05:02.018	0.58567	0.58569			6
2024.11.22	02:05:02.320		0.58570			4
2024.11.22	02:05:04.477	0.58570	0.58571			6
2024.11.22	02:05:06.847		0.58573			4
2024.11.22	02:05:07.236	0.58569	0.58571			6
2024.11.22	02:05:08.608	0.58570				2
2024.11.22	02:05:16.255	0.58569	0.58570			6
2024.11.22	02:05:17.169		0.58571			4
2024.11.22	02:05:21.035	0.58570				2
2024.11.22	02:05:21.349	0.58569				2
2024.11.22	02:05:21.976	0.58570				2
2024.11.22	02:05:23.032		0.58572			4
2024.11.22	02:05:23.480		0.58571			4
2024.11.22	02:05:28.984	0.58568	0.58570			6
2024.11.22	02:05:29.894	0.58569	0.58571			6
2024.11.22	02:05:30.197	0.58568	0.58570			6
2024.11.22	02:05:36.257	0.58567	0.58569			6
2024.11.22	02:05:38.983	0.58569	0.58570			6
2024.11.22	02:05:39.288		0.58571			4
2024.11.22	02:05:40.141		0.58570			4
2024.11.22	02:05:41.358		0.58571			4
2024.11.22	02:05:42.115		0.58570			4
2024.11.22	02:05:45.143		0.58571			4
2024.11.22	02:05:46.358		0.58570			4
2024.11.22	02:05:50.902		0.58571			4
2024.11.22	02:05:51.234	0.58570	0.58572			6
2024.11.22	02:05:51.542	0.58574	0.58575			6
2024.11.22	02:05:53.074		0.58576			4
2024.11.22	02:05:53.377	0.58575	0.58578			6
2024.11.22	02:05:53.749		0.58577			4
2024.11.22	02:05:54.060	0.58574				2
2024.11.22	02:05:54.366	0.58573				2
2024.11.22	02:05:54.838		0.58576			4
2024.11.22	02:06:00.857	0.58573				2
2024.11.22	02:06:01.406		0.58575			4
2024.11.22	02:06:02.012	0.58574	0.58576			6
2024.11.22	02:06:04.790		0.58577			4
2024.11.22	02:06:05.396		0.58576			4
2024.11.22	02:06:05.697	0.58575	0.58577			6
2024.11.22	02:06:06.002	0.58574				2
2024.11.22	02:06:06.356		0.58576			4
2024.11.22	02:06:06.963	0.58573				2
2024.11.22	02:06:07.568	0.58570	0.58573			6
2024.11.22	02:06:11.771	0.58569				2
2024.11.22	02:06:12.795	0.58570				2
2024.11.22	02:06:16.207	0.58569				2
2024.11.22	02:06:18.246	0.58571	0.58574			6
2024.11.22	02:06:18.565	0.58570	0.58571			6
2024.11.22	02:06:18.987	0.58566	0.58569			6
2024.11.22	02:06:19.357	0.58565				2
2024.11.22	02:06:19.717	0.58564				2
2024.11.22	02:06:21.681	0.58566				2
2024.11.22	02:06:22.375	0.58567				2
2024.11.22	02:06:23.722		0.58570			4
2024.11.22	02:06:24.490	0.58568	0.58571			6
2024.11.22	02:06:25.383	0.58565	0.58568			6
2024.11.22	02:06:32.453	0.58567	0.58569			6
2024.11.22	02:06:35.751	0.58568				2
2024.11.22	02:06:38.194	0.58567				2
2024.11.22	02:06:39.952	0.58568				2
2024.11.22	02:06:49.231	0.58567				2
2024.11.22	02:06:51.965	0.58566				2
2024.11.22	02:06:52.282	0.58567				2
2024.11.22	02:06:53.133		0.58568			4
2024.11.22	02:06:54.958	0.58568	0.58569			6
2024.11.22	02:06:55.258	0.58567				2
2024.11.22	02:06:59.326		0.58568			4
2024.11.22	02:07:00.240	0.58567				2
2024.11.22	02:07:01.450		0.58569			4
2024.11.22	02:07:10.080	0.58568				2
2024.11.22	02:07:10.597	0.58567				2
2024.11.22	02:07:11.087	0.58569	0.58570			6
2024.11.22	02:07:11.698	0.58568				2
2024.11.22	02:07:12.002	0.58569				2
2024.11.22	02:07:12.607	0.58566	0.58567			6
2024.11.22	02:07:12.920	0.58565				2
2024.11.22	02:07:13.605	0.58564	0.58565			6
2024.11.22	02:07:14.223		0.58566			4
2024.11.22	02:07:14.842	0.58563				2
2024.11.22	02:07:16.140		0.58565			4
2024.11.22	02:07:17.353	0.58564				2
2024.11.22	02:07:20.381		0.58566			4
2024.11.22	02:07:21.274	0.58563				2
2024.11.22	02:07:22.347	0.58564				2
2024.11.22	02:07:32.765	0.58561	0.58562			6
2024.11.22	02:07:33.077	0.58562	0.58563			6
2024.11.22	02:07:33.381	0.58561	0.58562			6
2024.11.22	02:07:34.319		0.58563			4
2024.11.22	02:07:36.023	0.58562				2
2024.11.22	02:07:42.533	0.58561				2
2024.11.22	02:07:44.173	0.58562				2
2024.11.22	02:07:45.766	0.58561				2
2024.11.22	02:07:47.024	0.58559	0.58561			6
2024.11.22	02:07:50.675	0.58558				2
2024.11.22	02:07:51.388	0.58559				2
2024.11.22	02:08:00.179	0.58559				2
2024.11.22	02:08:05.328	0.58561	0.58562			6
2024.11.22	02:08:05.633	0.58555	0.58556			6
2024.11.22	02:08:05.937	0.58552	0.58554			6
2024.11.22	02:08:06.241	0.58553	0.58556			6
2024.11.22	02:08:06.549	0.58554	0.58558			6
2024.11.22	02:08:07.364		0.58557			4
2024.11.22	02:08:08.014		0.58558			4
2024.11.22	02:08:08.321	0.58558	0.58561			6
2024.11.22	02:08:09.993	0.58557				2
2024.11.22	02:08:10.306	0.58553	0.58556			6
2024.11.22	02:08:10.626	0.58551	0.58554			6
2024.11.22	02:08:10.927	0.58550	0.58552			6
2024.11.22	02:08:11.251	0.58553	0.58555			6
2024.11.22	02:08:11.565	0.58555	0.58557			6
2024.11.22	02:08:11.882	0.58557	0.58559			6
2024.11.22	02:08:12.248	0.58558	0.58560			6
2024.11.22	02:08:14.595	0.58557				2
2024.11.22	02:08:22.785		0.58561			4
2024.11.22	02:08:23.592	0.58556	0.58560			6
2024.11.22	02:08:25.287	0.58557				2
2024.11.22	02:08:28.406		0.58559			4
2024.11.22	02:08:28.709	0.58558	0.58560			6
2024.11.22	02:08:29.317	0.58560	0.58562			6
2024.11.22	02:08:30.243	0.58559	0.58563			6
2024.11.22	02:08:31.198		0.58562			4
2024.11.22	02:08:33.103	0.58560	0.58563			6
2024.11.22	02:08:33.900	0.58565	0.58568			6
2024.11.22	02:08:36.333	0.58564	0.58567			6
2024.11.22	02:08:37.044	0.58567	0.58570			6
2024.11.22	02:08:38.105	0.58566				2
2024.11.22	02:08:38.651	0.58567				2
2024.11.22	02:08:39.392	0.58569	0.58571			6
2024.11.22	02:08:39.708		0.58572			4
2024.11.22	02:08:41.575	0.58570	0.58574			6
2024.11.22	02:08:46.386		0.58573			4
2024.11.22	02:08:48.809		0.58572			4
2024.11.22	02:08:49.416		0.58573			4
2024.11.22	02:08:49.717		0.58572			4
2024.11.22	02:08:50.022		0.58573			4
2024.11.22	02:08:52.146		0.58572			4
2024.11.22	02:08:54.619		0.58573			4
2024.11.22	02:08:56.133	0.58571				2
2024.11.22	02:08:56.740	0.58570	0.58572			6
2024.11.22	02:08:57.044	0.58564	0.58566			6
2024.11.22	02:08:57.350	0.58562	0.58564			6
2024.11.22	02:08:58.304		0.58565			4
2024.11.22	02:08:58.956	0.58563	0.58566			6
2024.11.22	02:09:00.314	0.58564	0.58567			6
2024.11.22	02:09:03.339	0.58563				2
2024.11.22	02:09:03.658	0.58566	0.58569			6
2024.11.22	02:09:12.394		0.58568			4
2024.11.22	02:09:14.818	0.58567				2
2024.11.22	02:09:15.118	0.58566				2
2024.11.22	02:09:18.805		0.58567			4
2024.11.22	02:09:19.412		0.58568			4
2024.11.22	02:09:22.440		0.58567			4
2024.11.22	02:09:25.170	0.58567	0.58568			6
2024.11.22	02:09:26.382	0.58566	0.58567			6
2024.11.22	02:09:28.554		0.58568			4
2024.11.22	02:09:28.856		0.58567			4
2024.11.22	02:09:31.280	0.58567	0.58568			6
2024.11.22	02:09:31.887	0.58566	0.58567			6
2024.11.22	02:09:38.906		0.58568			4
2024.11.22	02:09:39.817		0.58567			4
2024.11.22	02:09:40.118		0.58568			4
2024.11.22	02:09:41.028		0.58567			4
2024.11.22	02:09:41.636	0.58564	0.58566			6
2024.11.22	02:09:41.938	0.58566	0.58567			6
2024.11.22	02:09:42.242		0.58569			4
2024.11.22	02:09:48.769		0.58568			4
2024.11.22	02:09:50.320		0.58569			4
2024.11.22	02:09:50.628		0.58568			4
2024.11.22	02:09:54.919		0.58567			4
2024.11.22	02:09:55.828	0.58569	0.58571			6
2024.11.22	02:09:56.134		0.58572			4
2024.11.22	02:09:56.441	0.58570	0.58573			6
2024.11.22	02:09:56.742	0.58569				2
2024.11.22	02:09:57.140		0.58572			4
2024.11.22	02:09:59.171	0.58568	0.58571			6
2024.11.22	02:09:59.888	0.58569	0.58572			6
2024.11.22	02:10:00.189	0.58569				2
2024.11.22	02:10:00.526	0.58567	0.58571			6
2024.11.22	02:10:00.838		0.58570			4
2024.11.22	02:10:01.324	0.58568	0.58571			6
2024.11.22	02:10:02.953	0.58567				2
2024.11.22	02:10:04.368		0.58570			4
2024.11.22	02:10:07.006		0.58571			4
2024.11.22	02:10:07.842	0.58566	0.58570			6
2024.11.22	02:10:08.167	0.58567				2
2024.11.22	02:10:10.761		0.58569			4
2024.11.22	02:10:14.491	0.58568	0.58570			6
2024.11.22	02:10:14.818	0.58567	0.58569			6
2024.11.22	02:10:16.931	0.58566				2
2024.11.22	02:10:18.088	0.58567				2
2024.11.22	02:10:19.328	0.58568				2
2024.11.22	02:10:19.631	0.58567				2
2024.11.22	02:10:21.754	0.58568				2
2024.11.22	02:10:24.181	0.58567				2
2024.11.22	02:10:31.460	0.58566	0.58568			6
2024.11.22	02:10:39.344	0.58565	0.58566			6
2024.11.22	02:10:45.015	0.58564				2
2024.11.22	02:10:51.701	0.58565				2
2024.11.22	02:10:57.234		0.58567			4
2024.11.22	02:11:00.750	0.58566	0.58569			6
2024.11.22	02:11:01.071	0.58567				2
2024.11.22	02:11:01.376	0.58568	0.58570			6
2024.11.22	02:11:01.687	0.58566	0.58569			6
2024.11.22	02:11:05.142	0.58567				2
2024.11.22	02:11:06.983	0.58568	0.58570			6
2024.11.22	02:11:07.605	0.58567				2
2024.11.22	02:11:07.941	0.58566	0.58568			6
2024.11.22	02:11:09.404	0.58565				2
2024.11.22	02:11:09.758	0.58567				2
2024.11.22	02:11:10.077	0.58566				2
2024.11.22	02:11:12.067		0.58567			4
2024.11.22	02:11:13.386	0.58565				2
2024.11.22	02:11:15.566	0.58561	0.58564			6
2024.11.22	02:11:21.088	0.58560				2
2024.11.22	02:11:21.422	0.58561				2
2024.11.22	02:11:23.569		0.58563			4
2024.11.22	02:11:27.505	0.58562				2
2024.11.22	02:11:30.439	0.58561	0.58564			6
2024.11.22	02:11:30.742		0.58563			4
2024.11.22	02:11:31.044	0.58562				2
2024.11.22	02:11:31.853	0.58561				2
2024.11.22	02:11:33.206	0.58560	0.58562			6
2024.11.22	02:11:33.513	0.58561				2
2024.11.22	02:11:35.627	0.58556	0.58559			6
2024.11.22	02:11:35.964		0.58558			4
2024.11.22	02:11:36.268	0.58553	0.58556			6
2024.11.22	02:11:39.390		0.58555			4
2024.11.22	02:11:42.853	0.58552	0.58554			6
2024.11.22	02:11:43.175	0.58551				2
2024.11.22	02:11:44.352	0.58553	0.58555			6
2024.11.22	02:11:44.661	0.58554				2
2024.11.22	02:11:45.427	0.58553				2
2024.11.22	02:11:45.862	0.58551				2
2024.11.22	02:11:46.170	0.58550	0.58553			6
2024.11.22	02:11:47.404	0.58548	0.58552			6
2024.11.22	02:11:48.026		0.58551			4
2024.11.22	02:11:50.649	0.58547	0.58550			6
2024.11.22	02:11:51.471		0.58551			4
2024.11.22	02:11:51.801		0.58550			4
2024.11.22	02:11:52.415		0.58551			4
2024.11.22	02:11:53.985		0.58550			4
2024.11.22	02:11:54.452	0.58548	0.58551			6
2024.11.22	02:11:55.267	0.58547				2
2024.11.22	02:11:55.592	0.58545	0.58549			6
2024.11.22	02:11:56.528		0.58548			4
2024.11.22	02:11:58.850		0.58549			4
2024.11.22	02:12:00.120	0.58545				2
2024.11.22	02:12:00.501	0.58546				2
2024.11.22	02:12:01.145	0.58545				2
2024.11.22	02:12:01.449	0.58546				2
2024.11.22	02:12:04.041	0.58547	0.58550			6
2024.11.22	02:12:04.364	0.58546				2
2024.11.22	02:12:06.346		0.58549			4
2024.11.22	02:12:09.390	0.58547				2
2024.11.22	02:12:11.839	0.58549	0.58551			6
2024.11.22	02:12:12.139	0.58548	0.58552			6
2024.11.22	02:12:12.749	0.58546	0.58550			6
2024.11.22	02:12:15.653	0.58547				2
2024.11.22	02:12:17.639	0.58548	0.58552			6
2024.11.22	02:12:19.396	0.58549				2
2024.11.22	02:12:19.698	0.58556	0.58558			6
2024.11.22	02:12:20.006	0.58557	0.58560			6
2024.11.22	02:12:21.041	0.58555	0.58559			6
2024.11.22	02:12:30.852	0.58556				2
2024.11.22	02:12:31.158	0.58555	0.58558			6
2024.11.22	02:12:31.465	0.58552	0.58555			6
2024.11.22	02:12:31.787	0.58551	0.58554			6
2024.11.22	02:12:32.998	0.58550				2
2024.11.22	02:12:34.123	0.58551				2
2024.11.22	02:12:38.937	0.58547	0.58551			6
2024.11.22	02:12:39.276	0.58548				2
2024.11.22	02:12:41.888	0.58547	0.58549			6
2024.11.22	02:12:42.190		0.58550			4
2024.11.22	02:12:42.575	0.58546				2
2024.11.22	02:12:42.950	0.58547				2
2024.11.22	02:12:43.572	0.58546	0.58549			6
2024.11.22	02:12:44.212	0.58547	0.58550			6
2024.11.22	02:12:48.248		0.58548			4
2024.11.22	02:12:49.163	0.58548	0.58551			6
2024.11.22	02:12:50.926	0.58549				2
2024.11.22	02:12:55.763	0.58551	0.58554			6
2024.11.22	02:12:56.185	0.58552	0.58555			6
2024.11.22	02:12:56.491	0.58551	0.58554			6
2024.11.22	02:12:56.806	0.58550				2
2024.11.22	02:13:00.277	0.58550	0.58553			6
2024.11.22	02:13:01.507	0.58551	0.58554			6
2024.11.22	02:13:01.824	0.58550	0.58553			6
2024.11.22	02:13:03.364	0.58551				2
2024.11.22	02:13:06.450	0.58546	0.58548			6
2024.11.22	02:13:07.358	0.58545	0.58549			6
2024.11.22	02:13:15.605		0.58548			4
2024.11.22	02:13:19.383	0.58546				2
2024.11.22	02:13:20.294	0.58545	0.58547			6
2024.11.22	02:13:20.596	0.58544	0.58546			6
2024.11.22	02:13:21.202	0.58543				2
2024.11.22	02:13:22.637	0.58544	0.58547			6
2024.11.22	02:13:22.970	0.58546	0.58550			6
2024.11.22	02:13:23.324	0.58548	0.58552			6
2024.11.22	02:13:26.063	0.58549				2
2024.11.22	02:13:26.366	0.58548				2
2024.11.22	02:13:26.941	0.58549				2
2024.11.22	02:13:29.942	0.58550	0.58553			6
2024.11.22	02:13:31.740	0.58549	0.58552			6
2024.11.22	02:13:33.828	0.58548				2
2024.11.22	02:13:34.695		0.58551			4
2024.11.22	02:13:35.387	0.58549				2
2024.11.22	02:13:39.041	0.58550				2
2024.11.22	02:13:39.344		0.58552			4
2024.11.22	02:13:46.321	0.58551	0.58553			6
2024.11.22	02:13:47.231	0.58550	0.58552			6
2024.11.22	02:13:49.655	0.58552	0.58553			6
2024.11.22	02:13:50.610		0.58554			4
2024.11.22	02:13:51.525	0.58553	0.58555			6
2024.11.22	02:13:52.739	0.58551	0.58553			6
2024.11.22	02:13:53.345		0.58555			4
2024.11.22	02:13:54.153		0.58554			4
2024.11.22	02:13:54.455	0.58552				2
2024.11.22	02:13:56.577	0.58551				2
2024.11.22	02:13:57.789	0.58553	0.58556			6
2024.11.22	02:14:00.269	0.58553	0.58557			6
2024.11.22	02:14:00.583		0.58556			4
2024.11.22	02:14:00.887		0.58557			4
2024.11.22	02:14:01.211	0.58555	0.58559			6
2024.11.22	02:14:01.596	0.58556				2
2024.11.22	02:14:05.770	0.58555				2
2024.11.22	02:14:06.491	0.58556				2
2024.11.22	02:14:06.895	0.58557				2
2024.11.22	02:14:07.545		0.58560			4
2024.11.22	02:14:09.352	0.58555	0.58558			6
2024.11.22	02:14:09.668	0.58554	0.58556			6
2024.11.22	02:14:10.276		0.58557			4
2024.11.22	02:14:10.621	0.58552	0.58556			6
2024.11.22	02:14:10.923	0.58551	0.58555			6
2024.11.22	02:14:11.235	0.58550	0.58553			6
2024.11.22	02:14:11.607	0.58551	0.58554			6
2024.11.22	02:14:13.767	0.58550				2
2024.11.22	02:14:14.269	0.58551				2
2024.11.22	02:14:14.576		0.58553			4
2024.11.22	02:14:14.900		0.58554			4
2024.11.22	02:14:15.251	0.58550				2
2024.11.22	02:14:16.022	0.58551				2
2024.11.22	02:14:16.346		0.58553			4
2024.11.22	02:14:16.656	0.58553	0.58556			6
2024.11.22	02:14:17.777	0.58552	0.58555			6
2024.11.22	02:14:19.061	0.58551				2
2024.11.22	02:14:20.439	0.58553	0.58556			6
2024.11.22	02:14:21.328	0.58554	0.58557			6
2024.11.22	02:14:27.194	0.58553	0.58556			6
2024.11.22	02:14:27.513	0.58554				2
2024.11.22	02:14:28.423	0.58553				2
2024.11.22	02:14:29.688	0.58554				2
2024.11.22	02:14:29.990	0.58553				2
2024.11.22	02:14:31.203		0.58555			4
2024.11.22	02:14:36.361	0.58554	0.58556			6
2024.11.22	02:14:37.269	0.58556	0.58558			6
2024.11.22	02:14:38.176	0.58555				2
2024.11.22	02:14:38.481	0.58556	0.58559			6
2024.11.22	02:14:40.021	0.58555	0.58558			6
2024.11.22	02:14:44.395		0.58557			4
2024.11.22	02:14:47.124	0.58556	0.58558			6
2024.11.22	02:14:48.639		0.58557			4
2024.11.22	02:14:51.068	0.58557	0.58559			6
2024.11.22	02:14:51.369		0.58560			4
2024.11.22	02:14:53.028	0.58555	0.58558			6
2024.11.22	02:14:54.400	0.58556	0.58559			6
2024.11.22	02:14:55.313		0.58558			4
2024.11.22	02:14:57.738	0.58555	0.58557			6
2024.11.22	02:14:58.342		0.58558			4
2024.11.22	02:15:00.393	0.58555				2
2024.11.22	02:15:00.859	0.58552	0.58554			6
2024.11.22	02:15:01.165		0.58555			4
2024.11.22	02:15:01.484		0.58556			4
2024.11.22	02:15:02.183		0.58555			4
2024.11.22	02:15:05.839		0.58556			4
2024.11.22	02:15:06.971	0.58553				2
2024.11.22	02:15:11.561	0.58552				2
2024.11.22	02:15:11.961		0.58555			4
2024.11.22	02:15:14.380	0.58549	0.58551			6
2024.11.22	02:15:15.294		0.58552			4
2024.11.22	02:15:15.758		0.58553			4
2024.11.22	02:15:20.249	0.58552	0.58555			6
2024.11.22	02:15:21.318	0.58553	0.58556			6
2024.11.22	02:15:27.408		0.58555			4
2024.11.22	02:15:30.155	0.58552	0.58554			6
2024.11.22	02:15:30.461		0.58553			4
2024.11.22	02:15:34.129		0.58554			4
2024.11.22	02:15:34.430	0.58553				2
2024.11.22	02:15:35.039		0.58555			4
2024.11.22	02:15:41.961	0.58555	0.58556			6
2024.11.22	02:15:42.267	0.58557	0.58559			6
2024.11.22	02:15:43.225	0.58556				2
2024.11.22	02:15:46.334	0.58554	0.58557			6
2024.11.22	02:15:52.410	0.58555	0.58558			6
2024.11.22	02:15:54.006		0.58557			4
2024.11.22	02:15:56.685	0.58556	0.58559			6
2024.11.22	02:15:57.003	0.58557	0.58560			6
2024.11.22	02:15:57.425		0.58559			4
2024.11.22	02:15:58.332	0.58558	0.58561			6
2024.11.22	02:16:00.599	0.58556	0.58559			6
2024.11.22	02:16:01.878	0.58557				2
2024.11.22	02:16:03.385	0.58555	0.58558			6
2024.11.22	02:16:03.706	0.58556	0.58559			6
2024.11.22	02:16:07.460	0.58557				2
2024.11.22	02:16:08.283	0.58556	0.58558			6
2024.11.22	02:16:10.411	0.58554	0.58556			6
2024.11.22	02:16:12.333		0.58557			4
2024.11.22	02:16:19.408	0.58555				2
2024.11.22	02:16:20.621	0.58554	0.58556			6
2024.11.22	02:16:20.924	0.58555	0.58557			6
2024.11.22	02:16:21.530	0.58554	0.58556			6
2024.11.22	02:16:21.834	0.58555	0.58557			6
2024.11.22	02:16:22.744	0.58556	0.58558			6
2024.11.22	02:16:27.086	0.58554	0.58556			6
2024.11.22	02:16:28.352		0.58557			4
2024.11.22	02:16:31.771		0.58558			4
2024.11.22	02:16:32.503	0.58552	0.58555			6
2024.11.22	02:16:35.383	0.58554	0.58557			6
2024.11.22	02:16:35.992	0.58556	0.58559			6
2024.11.22	02:16:39.635	0.58557				2
2024.11.22	02:16:40.695	0.58556				2
2024.11.22	02:16:44.425	0.58557				2
2024.11.22	02:16:46.247	0.58558				2
2024.11.22	02:16:48.371	0.58562	0.58563			6
2024.11.22	02:16:48.677		0.58564			4
2024.11.22	02:16:49.328		0.58565			4
2024.11.22	02:16:50.358	0.58561				2
2024.11.22	02:16:50.663	0.58562				2
2024.11.22	02:16:51.494	0.58561	0.58564			6
2024.11.22	02:16:52.401		0.58563			4
2024.11.22	02:16:56.180	0.58560				2
2024.11.22	02:16:57.411		0.58562			4
2024.11.22	02:17:00.161	0.58560				2
2024.11.22	02:17:00.769	0.58562	0.58564			6
2024.11.22	02:17:01.071	0.58561	0.58563			6
2024.11.22	02:17:02.315		0.58564			4
2024.11.22	02:17:04.387		0.58563			4
2024.11.22	02:17:04.690		0.58564			4
2024.11.22	02:17:05.400		0.58563			4
2024.11.22	02:17:07.521	0.58563	0.58564			6
2024.11.22	02:17:08.692	0.58562				2
2024.11.22	02:17:09.195	0.58564	0.58566			6
2024.11.22	02:17:09.542	0.58567	0.58568			6
2024.11.22	02:17:09.845	0.58568	0.58569			6
2024.11.22	02:17:10.509	0.58567				2
2024.11.22	02:17:10.813	0.58566				2
2024.11.22	02:17:18.374	0.58567				2
2024.11.22	02:17:20.533	0.58566				2
2024.11.22	02:17:23.122		0.58568			4
2024.11.22	02:17:23.438	0.58568	0.58570			6
2024.11.22	02:17:25.277		0.58571			4
2024.11.22	02:17:27.436	0.58570	0.58573			6
2024.11.22	02:17:28.111	0.58571				2
2024.11.22	02:17:28.413	0.58570	0.58571			6
2024.11.22	02:17:28.719	0.58571	0.58573			6
2024.11.22	02:17:29.354		0.58574			4
2024.11.22	02:17:32.155		0.58573			4
2024.11.22	02:17:34.350		0.58572			4
2024.11.22	02:17:34.659		0.58573			4
2024.11.22	02:17:35.417	0.58570	0.58572			6
2024.11.22	02:17:35.721	0.58571				2
2024.11.22	02:17:38.754	0.58570				2
2024.11.22	02:17:39.057	0.58571				2
2024.11.22	02:17:40.272	0.58570	0.58571			6
2024.11.22	02:17:40.575	0.58571	0.58572			6
2024.11.22	02:17:43.482		0.58573			4
2024.11.22	02:17:48.406		0.58572			4
2024.11.22	02:17:50.528	0.58570				2
2024.11.22	02:17:53.562	0.58562	0.58564			6
2024.11.22	02:17:53.865	0.58564	0.58566			6
2024.11.22	02:17:55.078	0.58565	0.58567			6
2024.11.22	02:17:55.381		0.58568			4
2024.11.22	02:18:01.314	0.58566	0.58569			6
2024.11.22	02:18:02.470		0.58570			4
2024.11.22	02:18:02.882		0.58571			4
2024.11.22	02:18:03.221	0.58567				2
2024.11.22	02:18:03.944	0.58566	0.58570			6
2024.11.22	02:18:07.770		0.58569			4
2024.11.22	02:18:08.091		0.58570			4
2024.11.22	02:18:08.445	0.58563	0.58567			6
2024.11.22	02:18:09.139	0.58561	0.58565			6
2024.11.22	02:18:12.806	0.58562				2
2024.11.22	02:18:13.502	0.58561				2
2024.11.22	02:18:14.624	0.58562				2
2024.11.22	02:18:15.754	0.58561				2
2024.11.22	02:18:18.367	0.58562				2
2024.11.22	02:18:20.393		0.58564			4
2024.11.22	02:18:21.302		0.58563			4
2024.11.22	02:18:21.607	0.58561	0.58562			6
2024.11.22	02:18:21.910	0.58560	0.58561			6
2024.11.22	02:18:22.215	0.58562	0.58564			6
2024.11.22	02:18:22.525	0.58561	0.58563			6
2024.11.22	02:18:23.477	0.58559	0.58561			6
2024.11.22	02:18:23.781	0.58561	0.58562			6
2024.11.22	02:18:24.085		0.58563			4
2024.11.22	02:18:24.385		0.58562			4
2024.11.22	02:18:28.326	0.58560				2
2024.11.22	02:18:28.630	0.58559	0.58560			6
2024.11.22	02:18:28.933	0.58558				2
2024.11.22	02:18:29.235	0.58557	0.58559			6
2024.11.22	02:18:30.144	0.58555	0.58560			6
2024.11.22	02:18:30.765	0.58556				2
2024.11.22	02:18:35.510	0.58557				2
2024.11.22	02:18:36.704		0.58561			4
2024.11.22	02:18:37.421		0.58560			4
2024.11.22	02:18:40.757	0.58560	0.58563			6
2024.11.22	02:18:41.384	0.58559	0.58561			6
2024.11.22	02:18:41.687	0.58560	0.58562			6
2024.11.22	02:18:42.294	0.58559	0.58563			6
2024.11.22	02:18:43.385		0.58562			4
2024.11.22	02:18:44.598	0.58558	0.58561			6
2024.11.22	02:18:44.901		0.58560			4
2024.11.22	02:18:45.509	0.58559	0.58561			6
2024.11.22	02:18:46.417		0.58562			4
2024.11.22	02:18:49.906	0.58558				2
2024.11.22	02:18:51.422		0.58561			4
2024.11.22	02:18:52.331	0.58557	0.58559			6
2024.11.22	02:18:53.241		0.58560			4
2024.11.22	02:18:53.541	0.58556				2
2024.11.22	02:18:54.176	0.58558	0.58559			6
2024.11.22	02:18:54.485	0.58560	0.58562			6
2024.11.22	02:18:55.161		0.58563			4
2024.11.22	02:18:55.961	0.58561	0.58564			6
2024.11.22	02:18:56.709	0.58563	0.58565			6
2024.11.22	02:18:58.338	0.58565	0.58567			6
2024.11.22	02:18:59.515	0.58566	0.58569			6
2024.11.22	02:19:00.538	0.58566				2
2024.11.22	02:19:03.585	0.58565				2
2024.11.22	02:19:06.720	0.58564	0.58566			6
2024.11.22	02:19:07.060	0.58563				2
2024.11.22	02:19:12.225	0.58565	0.58568			6
2024.11.22	02:19:13.173	0.58563	0.58567			6
2024.11.22	02:19:16.149	0.58560	0.58564			6
2024.11.22	02:19:16.461	0.58561				2
2024.11.22	02:19:18.637	0.58562				2
2024.11.22	02:19:20.363	0.58563	0.58566			6
2024.11.22	02:19:24.568	0.58565				2
2024.11.22	02:19:25.625		0.58567			4
2024.11.22	02:19:25.930	0.58566	0.58568			6
2024.11.22	02:19:27.202		0.58567			4
2024.11.22	02:19:31.447	0.58567	0.58568			6
2024.11.22	02:19:31.752		0.58569			4
2024.11.22	02:19:32.138	0.58568				2
2024.11.22	02:19:32.443	0.58566	0.58568			6
2024.11.22	02:19:32.767	0.58567				2
2024.11.22	02:19:33.117	0.58566				2
2024.11.22	02:19:33.417		0.58569			4
2024.11.22	02:19:34.024	0.58564	0.58568			6
2024.11.22	02:19:34.334	0.58563	0.58567			6
2024.11.22	02:19:37.625	0.58565	0.58568			6
2024.11.22	02:19:41.319	0.58566	0.58569			6
2024.11.22	02:19:45.245		0.58568			4
2024.11.22	02:19:45.546	0.58564	0.58566			6
2024.11.22	02:19:47.366	0.58563	0.58567			6
2024.11.22	02:19:49.782	0.58564				2
2024.11.22	02:19:50.109		0.58566			4
2024.11.22	02:19:50.720	0.58563				2
2024.11.22	02:19:52.268		0.58565			4
2024.11.22	02:19:52.572	0.58566	0.58567			6
2024.11.22	02:19:53.802	0.58565				2
2024.11.22	02:19:54.106		0.58568			4
2024.11.22	02:19:54.411	0.58568	0.58571			6
2024.11.22	02:19:55.046	0.58566	0.58569			6
2024.11.22	02:19:56.493	0.58567				2
2024.11.22	02:19:56.800		0.58571			4
2024.11.22	02:19:58.961	0.58566	0.58570			6
2024.11.22	02:20:00.283	0.58566	0.58568			6
2024.11.22	02:20:06.420		0.58567			4
2024.11.22	02:20:10.109	0.58565				2
2024.11.22	02:20:11.319	0.58562	0.58564			6
2024.11.22	02:20:12.234	0.58561	0.58565			6
2024.11.22	02:20:13.129		0.58564			4
2024.11.22	02:20:14.479	0.58560	0.58563			6
2024.11.22	02:20:15.451		0.58562			4
2024.11.22	02:20:15.769	0.58561				2
2024.11.22	02:20:18.497	0.58562	0.58563			6
2024.11.22	02:20:18.803	0.58561				2
2024.11.22	02:20:19.407		0.58564			4
2024.11.22	02:20:19.958	0.58562				2
2024.11.22	02:20:20.258	0.58561	0.58563			6
2024.11.22	02:20:23.904		0.58562			4
2024.11.22	02:20:25.774		0.58563			4
2024.11.22	02:20:32.444	0.58562				2
2024.11.22	02:20:32.748	0.58561				2
2024.11.22	02:20:36.385	0.58562				2
2024.11.22	02:20:37.295	0.58561				2
2024.11.22	02:20:43.967	0.58562				2
2024.11.22	02:20:44.272	0.58561	0.58562			6
2024.11.22	02:20:45.181		0.58563			4
2024.11.22	02:20:46.089	0.58559	0.58561			6
2024.11.22	02:20:46.394	0.58560				2
2024.11.22	02:20:47.303		0.58562			4
2024.11.22	02:20:50.332		0.58561			4
2024.11.22	02:20:54.326	0.58559				2
2024.11.22	02:20:54.628	0.58558	0.58560			6
2024.11.22	02:20:55.238		0.58561			4
2024.11.22	02:20:55.687	0.58556	0.58559			6
2024.11.22	02:20:56.898	0.58557				2
2024.11.22	02:21:00.248	0.58557				2
2024.11.22	02:21:03.369	0.58558				2
2024.11.22	02:21:03.674		0.58560			4
2024.11.22	02:21:05.240		0.58561			4
2024.11.22	02:21:05.856	0.58557	0.58560			6
2024.11.22	02:21:06.675	0.58558	0.58561			6
2024.11.22	02:21:08.214	0.58557	0.58560			6
2024.11.22	02:21:12.536	0.58558				2
2024.11.22	02:21:13.447	0.58557				2
2024.11.22	02:21:15.669	0.58559	0.58561			6
2024.11.22	02:21:16.713	0.58561	0.58562			6
2024.11.22	02:21:17.963		0.58563			4
2024.11.22	02:21:19.790	0.58562	0.58564			6
2024.11.22	02:21:23.073	0.58561				2
2024.11.22	02:21:23.381		0.58563			4
2024.11.22	02:21:24.290		0.58564			4
2024.11.22	02:21:29.841		0.58563			4
2024.11.22	02:21:30.457	0.58559				2
2024.11.22	02:21:30.761	0.58558	0.58561			6
2024.11.22	02:21:33.967	0.58557	0.58559			6
2024.11.22	02:21:39.740	0.58558				2
2024.11.22	02:21:40.569	0.58559	0.58561			6
