<DATE>	<TIME>	<BID>	<ASK>	<LAST>	<VOLUME>	<FLAGS>
2024.08.15	00:00:00.431	0.59968	0.60048			6
2024.08.15	00:00:01.054	0.59967	0.60046			6
2024.08.15	00:00:06.035		0.60044			4
2024.08.15	00:00:31.767		0.60051			4
2024.08.15	00:00:32.547		0.60043			4
2024.08.15	00:01:00.855	0.59967				2
2024.08.15	00:01:41.015		0.60043			4
2024.08.15	00:01:55.340	0.59969				2
2024.08.15	00:01:55.668	0.59967				2
2024.08.15	00:02:00.848	0.59967				2
2024.08.15	00:02:33.914		0.60049			4
2024.08.15	00:02:41.502	0.59972	0.60043			6
2024.08.15	00:02:41.872		0.60040			4
2024.08.15	00:03:05.039	0.59972				2
2024.08.15	00:03:41.879		0.60038			4
2024.08.15	00:04:00.595	0.59972				2
2024.08.15	00:04:20.096	0.59971				2
2024.08.15	00:04:33.407	0.59972				2
2024.08.15	00:04:33.726	0.59971				2
2024.08.15	00:04:34.042	0.59972				2
2024.08.15	00:04:34.407	0.59971				2
2024.08.15	00:05:00.633	0.59972	0.60038			6
2024.08.15	00:05:13.346		0.60037			4
2024.08.15	00:05:15.629		0.60038			4
2024.08.15	00:05:29.757		0.60037			4
2024.08.15	00:05:30.117	0.59974				2
2024.08.15	00:05:47.526	0.59972				2
2024.08.15	00:05:49.944		0.60038			4
2024.08.15	00:05:55.356		0.60037			4
2024.08.15	00:06:00.848	0.59972	0.60038			6
2024.08.15	00:06:03.318	0.59970				2
2024.08.15	00:07:00.870	0.59970	0.60023			6
2024.08.15	00:07:01.748		0.60038			4
2024.08.15	00:07:22.928		0.60025			4
2024.08.15	00:07:23.248		0.60038			4
2024.08.15	00:07:23.564		0.60025			4
2024.08.15	00:07:23.879		0.60038			4
2024.08.15	00:07:39.918		0.60029			4
2024.08.15	00:08:02.398	0.59970				2
2024.08.15	00:08:40.030		0.60029			4
2024.08.15	00:09:01.152	0.59970				2
2024.08.15	00:09:02.616		0.60031			4
2024.08.15	00:09:43.461		0.60019			4
2024.08.15	00:10:00.310	0.59970				2
2024.08.15	00:10:01.272	0.59973				2
2024.08.15	00:10:01.594		0.60018			4
2024.08.15	00:10:02.979		0.60020			4
2024.08.15	00:10:04.927	0.59978	0.60027			6
2024.08.15	00:10:05.365		0.60026			4
2024.08.15	00:10:16.820		0.60027			4
2024.08.15	00:10:21.050		0.60026			4
2024.08.15	00:10:35.155		0.60025			4
2024.08.15	00:10:43.224		0.60021			4
2024.08.15	00:10:43.561		0.60025			4
2024.08.15	00:11:00.375	0.59978				2
2024.08.15	00:11:24.217		0.60024			4
2024.08.15	00:11:27.939		0.60025			4
2024.08.15	00:12:03.803	0.59978				2
2024.08.15	00:12:07.551		0.60024			4
2024.08.15	00:12:09.276		0.60019			4
2024.08.15	00:12:21.151		0.60023			4
2024.08.15	00:12:26.149		0.60022			4
2024.08.15	00:12:30.751		0.60021			4
2024.08.15	00:12:31.069		0.60022			4
2024.08.15	00:12:37.131		0.60021			4
2024.08.15	00:12:47.147		0.60022			4
2024.08.15	00:12:49.524		0.60020			4
2024.08.15	00:12:50.708		0.60022			4
2024.08.15	00:13:00.282	0.59978				2
2024.08.15	00:13:01.597		0.60024			4
2024.08.15	00:13:02.005	0.59977	0.60020			6
2024.08.15	00:13:02.498		0.60021			4
2024.08.15	00:13:03.870		0.60020			4
2024.08.15	00:13:07.607		0.60021			4
2024.08.15	00:13:12.328		0.60020			4
2024.08.15	00:13:24.348		0.60019			4
2024.08.15	00:13:25.553		0.60020			4
2024.08.15	00:13:27.055		0.60019			4
2024.08.15	00:13:30.002		0.60020			4
2024.08.15	00:13:44.125		0.60021			4
2024.08.15	00:13:44.897		0.60020			4
2024.08.15	00:13:47.167		0.60021			4
2024.08.15	00:13:50.156		0.60022			4
2024.08.15	00:13:50.471		0.60021			4
2024.08.15	00:13:50.781		0.60020			4
2024.08.15	00:13:53.004		0.60019			4
2024.08.15	00:13:53.585		0.60020			4
2024.08.15	00:14:00.378	0.59977				2
2024.08.15	00:14:04.251	0.59973	0.60019			6
2024.08.15	00:14:27.957		0.60021			4
2024.08.15	00:15:00.827	0.59973				2
2024.08.15	00:15:01.157		0.60024			4
2024.08.15	00:15:06.950		0.60023			4
2024.08.15	00:15:20.919		0.60022			4
2024.08.15	00:15:39.647		0.60021			4
2024.08.15	00:16:04.480	0.59973				2
2024.08.15	00:16:07.463		0.60023			4
2024.08.15	00:16:10.883		0.60022			4
2024.08.15	00:16:11.718		0.60023			4
2024.08.15	00:16:38.844		0.60021			4
2024.08.15	00:16:50.133		0.60025			4
2024.08.15	00:17:00.376	0.59973				2
2024.08.15	00:17:01.353		0.60024			4
2024.08.15	00:17:12.648		0.60023			4
2024.08.15	00:17:18.063		0.60022			4
2024.08.15	00:18:00.285	0.59973				2
2024.08.15	00:18:22.351		0.60022			4
2024.08.15	00:18:53.126		0.60021			4
2024.08.15	00:19:00.530	0.59973				2
2024.08.15	00:19:03.537	0.59976	0.60023			6
2024.08.15	00:19:04.318		0.60022			4
2024.08.15	00:19:09.469		0.60023			4
2024.08.15	00:19:17.146		0.60020			4
2024.08.15	00:19:55.604		0.60017			4
2024.08.15	00:20:01.149	0.59976				2
2024.08.15	00:20:08.262		0.60018			4
2024.08.15	00:20:42.486	0.59972	0.60014			6
2024.08.15	00:20:43.534	0.59969				2
2024.08.15	00:20:44.933	0.59966				2
2024.08.15	00:20:45.316	0.59967				2
2024.08.15	00:20:48.620	0.59969				2
2024.08.15	00:20:54.362	0.59965				2
2024.08.15	00:21:00.362	0.59965				2
2024.08.15	00:21:03.365	0.59968				2
2024.08.15	00:21:48.438		0.60014			4
2024.08.15	00:22:03.636	0.59968				2
2024.08.15	00:22:29.746	0.59966				2
2024.08.15	00:22:51.010		0.60014			4
2024.08.15	00:23:00.325	0.59966				2
2024.08.15	00:23:51.237		0.60014			4
2024.08.15	00:23:59.065		0.60013			4
2024.08.15	00:24:00.416	0.59966				2
2024.08.15	00:24:47.452		0.60014			4
2024.08.15	00:25:01.148	0.59966				2
2024.08.15	00:25:32.158		0.60013			4
2024.08.15	00:25:53.002		0.60014			4
2024.08.15	00:26:07.040	0.59966				2
2024.08.15	00:26:54.350		0.60014			4
2024.08.15	00:27:00.362	0.59966				2
2024.08.15	00:27:24.355		0.60013			4
2024.08.15	00:27:52.036		0.60014			4
2024.08.15	00:28:02.508	0.59966				2
2024.08.15	00:28:40.266	0.59967				2
2024.08.15	00:28:57.496		0.60014			4
2024.08.15	00:29:01.148	0.59967				2
2024.08.15	00:30:00.377	0.59967	0.60014			6
2024.08.15	00:30:01.120	0.59966				2
2024.08.15	00:30:01.956	0.59967				2
2024.08.15	00:30:29.576	0.59966				2
2024.08.15	00:30:37.223		0.60013			4
2024.08.15	00:30:39.095		0.60014			4
2024.08.15	00:30:42.600		0.60016			4
2024.08.15	00:31:00.172	0.59966				2
2024.08.15	00:31:10.247		0.60015			4
2024.08.15	00:31:43.787	0.59967				2
2024.08.15	00:31:53.091		0.60013			4
2024.08.15	00:31:55.485	0.59966				2
2024.08.15	00:32:01.380	0.59966				2
2024.08.15	00:32:03.889	0.59967				2
2024.08.15	00:32:04.568	0.59966	0.60014			6
2024.08.15	00:32:05.072		0.60013			4
2024.08.15	00:32:05.479		0.60012			4
2024.08.15	00:32:08.255		0.60013			4
2024.08.15	00:32:15.646		0.60015			4
2024.08.15	00:32:16.928	0.59967				2
2024.08.15	00:32:17.233	0.59966	0.60013			6
2024.08.15	00:32:17.543		0.60014			4
2024.08.15	00:32:18.109		0.60013			4
2024.08.15	00:32:18.409		0.60011			4
2024.08.15	00:32:19.989		0.60013			4
2024.08.15	00:32:31.339		0.60014			4
2024.08.15	00:32:31.787	0.59967				2
2024.08.15	00:33:00.401	0.59967				2
2024.08.15	00:33:17.450		0.60012			4
2024.08.15	00:33:17.783		0.60013			4
2024.08.15	00:33:18.100		0.60012			4
2024.08.15	00:33:31.014		0.60013			4
2024.08.15	00:33:43.168		0.60014			4
2024.08.15	00:33:43.801		0.60013			4
2024.08.15	00:33:44.157		0.60014			4
2024.08.15	00:33:48.039		0.60015			4
2024.08.15	00:33:54.113		0.60014			4
2024.08.15	00:33:58.505	0.59968				2
2024.08.15	00:34:03.408	0.59968				2
2024.08.15	00:34:04.367	0.59969	0.60016			6
2024.08.15	00:34:05.058	0.59968				2
2024.08.15	00:34:15.202	0.59969				2
2024.08.15	00:34:24.524	0.59970				2
2024.08.15	00:34:33.283	0.59971				2
2024.08.15	00:34:34.800	0.59970				2
2024.08.15	00:34:43.332		0.60015			4
2024.08.15	00:34:43.683		0.60016			4
2024.08.15	00:34:44.083		0.60015			4
2024.08.15	00:34:50.389	0.59971				2
2024.08.15	00:34:57.449		0.60016			4
2024.08.15	00:34:58.523	0.59970	0.60015			6
2024.08.15	00:35:00.790	0.59970				2
2024.08.15	00:35:03.521	0.59969				2
2024.08.15	00:35:10.783	0.59970				2
2024.08.15	00:35:13.570		0.60016			4
2024.08.15	00:35:14.570	0.59971				2
2024.08.15	00:35:50.121	0.59970	0.60014			6
2024.08.15	00:35:55.446	0.59969				2
2024.08.15	00:36:00.415	0.59968				2
2024.08.15	00:36:02.277	0.59969	0.60015			6
2024.08.15	00:36:17.152		0.60014			4
2024.08.15	00:36:36.144		0.60013			4
2024.08.15	00:36:38.851	0.59968	0.60014			6
2024.08.15	00:36:52.184		0.60016			4
2024.08.15	00:36:52.486	0.59969				2
2024.08.15	00:36:55.397		0.60014			4
2024.08.15	00:37:00.414	0.59969				2
2024.08.15	00:37:16.318		0.60016			4
2024.08.15	00:37:26.351	0.59968	0.60015			6
2024.08.15	00:37:30.288	0.59969				2
2024.08.15	00:37:37.907	0.59970	0.60016			6
2024.08.15	00:37:38.216	0.59969				2
2024.08.15	00:37:38.524		0.60015			4
2024.08.15	00:37:38.925	0.59970	0.60016			6
2024.08.15	00:37:55.840		0.60015			4
2024.08.15	00:37:58.240	0.59969	0.60016			6
2024.08.15	00:37:58.784	0.59970				2
2024.08.15	00:38:00.452	0.59970				2
2024.08.15	00:38:36.779	0.59971				2
2024.08.15	00:38:46.732	0.59970				2
2024.08.15	00:38:57.886		0.60013			4
2024.08.15	00:39:01.795	0.59970				2
2024.08.15	00:39:07.873		0.60016			4
2024.08.15	00:40:00.881	0.59970				2
2024.08.15	00:40:10.487		0.60016			4
2024.08.15	00:40:43.787	0.59969				2
2024.08.15	00:40:47.146		0.60015			4
2024.08.15	00:40:51.010		0.60014			4
2024.08.15	00:40:51.645		0.60015			4
2024.08.15	00:41:01.015	0.59969				2
2024.08.15	00:41:09.502	0.59970	0.60016			6
2024.08.15	00:41:29.171	0.59969	0.60014			6
2024.08.15	00:41:34.300		0.60015			4
2024.08.15	00:41:41.653		0.60016			4
2024.08.15	00:42:04.490	0.59969				2
2024.08.15	00:42:07.867		0.60015			4
2024.08.15	00:42:14.154		0.60016			4
2024.08.15	00:42:42.430		0.60015			4
2024.08.15	00:42:51.791		0.60014			4
2024.08.15	00:42:52.116		0.60015			4
2024.08.15	00:43:02.868	0.59969				2
2024.08.15	00:43:04.549		0.60016			4
2024.08.15	00:43:28.158		0.60015			4
2024.08.15	00:43:33.693		0.60014			4
2024.08.15	00:43:34.037		0.60016			4
2024.08.15	00:43:34.478		0.60015			4
2024.08.15	00:44:04.484	0.59969				2
2024.08.15	00:44:05.305		0.60016			4
2024.08.15	00:44:16.170		0.60015			4
2024.08.15	00:44:19.506		0.60016			4
2024.08.15	00:44:30.887		0.60015			4
2024.08.15	00:44:38.327		0.60016			4
2024.08.15	00:44:38.705	0.59970				2
2024.08.15	00:44:49.488	0.59969				2
2024.08.15	00:44:58.721	0.59970				2
2024.08.15	00:45:00.421	0.59970				2
2024.08.15	00:45:01.750	0.59968				2
2024.08.15	00:45:02.165	0.59969				2
2024.08.15	00:45:03.168	0.59970				2
2024.08.15	00:45:06.528	0.59985	0.60002			6
2024.08.15	00:45:18.761	0.59984				2
2024.08.15	00:45:21.155	0.59985				2
2024.08.15	00:45:21.936	0.59984				2
2024.08.15	00:45:32.210	0.59985				2
2024.08.15	00:45:53.576	0.59984				2
2024.08.15	00:46:04.846	0.59984				2
2024.08.15	00:46:10.485		0.60002			4
2024.08.15	00:46:16.270	0.59985				2
2024.08.15	00:46:36.836	0.59984				2
2024.08.15	00:47:01.008	0.59984				2
2024.08.15	00:47:01.722	0.59981	0.60005			6
2024.08.15	00:47:03.144	0.59984	0.60002			6
2024.08.15	00:47:19.216	0.59985				2
2024.08.15	00:47:31.399	0.59984				2
2024.08.15	00:47:31.852	0.59985				2
2024.08.15	00:48:02.114	0.59985				2
2024.08.15	00:48:06.572	0.59984	0.60002			6
2024.08.15	00:48:18.140	0.59985				2
2024.08.15	00:48:18.449	0.59984				2
2024.08.15	00:48:29.215	0.59985				2
2024.08.15	00:48:33.794	0.59984				2
2024.08.15	00:49:00.360	0.59984				2
2024.08.15	00:49:07.520		0.60002			4
2024.08.15	00:49:13.872	0.59985				2
2024.08.15	00:49:14.212	0.59984				2
2024.08.15	00:49:14.523	0.59985				2
2024.08.15	00:49:14.858	0.59984				2
2024.08.15	00:49:16.452	0.59985				2
2024.08.15	00:49:21.111	0.59984				2
2024.08.15	00:49:21.543	0.59985				2
2024.08.15	00:49:35.378	0.59984				2
2024.08.15	00:50:02.750	0.59984				2
2024.08.15	00:50:07.730		0.60002			4
2024.08.15	00:50:42.301	0.59989	0.60007			6
2024.08.15	00:50:42.605	0.59993	0.60011			6
2024.08.15	00:50:42.926		0.60013			4
2024.08.15	00:50:51.272	0.59992				2
2024.08.15	00:50:54.350		0.60012			4
2024.08.15	00:50:56.301	0.59991	0.60011			6
2024.08.15	00:51:01.267	0.59991				2
2024.08.15	00:51:05.755	0.59988				2
2024.08.15	00:51:07.170	0.59991				2
2024.08.15	00:51:11.977		0.60010			4
2024.08.15	00:51:12.577	0.59990				2
2024.08.15	00:51:12.924	0.59991	0.60011			6
2024.08.15	00:51:13.548	0.59990				2
2024.08.15	00:51:15.970	0.59991	0.60010			6
2024.08.15	00:51:19.056	0.59990	0.60011			6
2024.08.15	00:51:22.662		0.60010			4
2024.08.15	00:51:27.714		0.60011			4
2024.08.15	00:51:29.384		0.60010			4
2024.08.15	00:51:38.006	0.59992	0.60011			6
2024.08.15	00:51:38.330	0.59991				2
2024.08.15	00:51:38.656		0.60010			4
2024.08.15	00:51:38.960	0.59992	0.60012			6
2024.08.15	00:51:40.524	0.59991	0.60011			6
2024.08.15	00:51:41.111	0.59990	0.60010			6
2024.08.15	00:51:41.649	0.59987	0.60009			6
2024.08.15	00:51:42.354	0.59988	0.60008			6
2024.08.15	00:51:42.837	0.59990				2
2024.08.15	00:51:43.846	0.59987	0.60007			6
2024.08.15	00:51:44.296	0.59988	0.60008			6
2024.08.15	00:51:53.919		0.60006			4
2024.08.15	00:51:54.237	0.59987	0.60007			6
2024.08.15	00:51:54.949	0.59989				2
2024.08.15	00:51:55.312	0.59990	0.60008			6
2024.08.15	00:51:59.273		0.60007			4
2024.08.15	00:51:59.701	0.59987				2
2024.08.15	00:52:00.013	0.59988				2
2024.08.15	00:52:00.322	0.59989				2
2024.08.15	00:52:02.407	0.59990				2
2024.08.15	00:52:04.987	0.59989				2
2024.08.15	00:52:07.880	0.59988				2
2024.08.15	00:52:11.234		0.60008			4
2024.08.15	00:52:22.758		0.60009			4
2024.08.15	00:52:23.072		0.60010			4
2024.08.15	00:52:29.069	0.59987				2
2024.08.15	00:52:34.187	0.59989				2
2024.08.15	00:52:36.727	0.59987	0.60009			6
2024.08.15	00:52:37.027	0.59988	0.60008			6
2024.08.15	00:52:54.348	0.59987	0.60009			6
2024.08.15	00:52:54.657		0.60008			4
2024.08.15	00:53:00.508	0.59987				2
2024.08.15	00:53:03.424	0.59986				2
2024.08.15	00:53:04.422		0.60009			4
2024.08.15	00:53:08.221		0.60010			4
2024.08.15	00:53:10.494		0.60009			4
2024.08.15	00:53:10.951		0.60010			4
2024.08.15	00:53:21.399	0.59985	0.60009			6
2024.08.15	00:53:21.743	0.59987	0.60010			6
2024.08.15	00:53:48.574		0.60009			4
2024.08.15	00:53:49.135		0.60011			4
2024.08.15	00:53:51.883		0.60010			4
2024.08.15	00:53:54.470		0.60008			4
2024.08.15	00:53:56.162		0.60009			4
2024.08.15	00:54:04.454	0.59987				2
2024.08.15	00:54:13.499		0.60008			4
2024.08.15	00:54:13.860		0.60009			4
2024.08.15	00:54:29.640		0.60010			4
2024.08.15	00:54:51.060		0.60012			4
2024.08.15	00:54:51.882		0.60011			4
2024.08.15	00:54:52.458		0.60012			4
2024.08.15	00:54:53.081		0.60010			4
2024.08.15	00:54:53.682		0.60012			4
2024.08.15	00:54:54.426		0.60011			4
2024.08.15	00:55:01.742	0.59987				2
2024.08.15	00:55:04.533		0.60010			4
2024.08.15	00:55:07.109	0.59986	0.60012			6
2024.08.15	00:55:07.667		0.60010			4
2024.08.15	00:55:11.663	0.59985				2
2024.08.15	00:55:12.346	0.59984				2
2024.08.15	00:55:12.823		0.60009			4
2024.08.15	00:55:13.181	0.59982				2
2024.08.15	00:55:15.890		0.60008			4
2024.08.15	00:55:16.986		0.60010			4
2024.08.15	00:55:17.459		0.60009			4
2024.08.15	00:55:21.771	0.59983				2
2024.08.15	00:55:26.173		0.60008			4
2024.08.15	00:55:36.880		0.60009			4
2024.08.15	00:55:38.306	0.59985				2
2024.08.15	00:55:46.309		0.60008			4
2024.08.15	00:55:46.627	0.59986				2
2024.08.15	00:55:54.887	0.59987				2
2024.08.15	00:55:57.319	0.59986				2
2024.08.15	00:55:58.476	0.59985				2
2024.08.15	00:56:00.094	0.59985	0.60007			6
2024.08.15	00:56:06.002		0.60008			4
2024.08.15	00:56:27.914	0.59984	0.60009			6
2024.08.15	00:56:28.266	0.59985	0.60008			6
2024.08.15	00:56:28.659	0.59986	0.60009			6
2024.08.15	00:56:29.269	0.59987	0.60008			6
2024.08.15	00:56:31.193	0.59986				2
2024.08.15	00:56:45.774	0.59985				2
2024.08.15	00:56:46.084		0.60007			4
2024.08.15	00:56:46.385		0.60008			4
2024.08.15	00:56:46.702	0.59986				2
2024.08.15	00:56:47.033	0.59988				2
2024.08.15	00:56:47.393	0.59985				2
2024.08.15	00:56:48.506	0.59987	0.60007			6
2024.08.15	00:56:48.924		0.60008			4
2024.08.15	00:56:49.847	0.59986				2
2024.08.15	00:56:51.679	0.59987				2
2024.08.15	00:56:58.159	0.59988				2
2024.08.15	00:57:02.061	0.59987				2
2024.08.15	00:57:07.221		0.60009			4
2024.08.15	00:57:11.009		0.60008			4
2024.08.15	00:57:11.624	0.59988	0.60009			6
2024.08.15	00:57:16.705	0.59985	0.60008			6
2024.08.15	00:57:17.743	0.59987	0.60007			6
2024.08.15	00:57:19.738	0.59985	0.60008			6
2024.08.15	00:57:20.040		0.60006			4
2024.08.15	00:57:31.722		0.60005			4
2024.08.15	00:57:35.355		0.60006			4
2024.08.15	00:57:40.055	0.59986				2
2024.08.15	00:57:42.032	0.59985				2
2024.08.15	00:57:43.577	0.59986				2
2024.08.15	00:57:43.886	0.59985				2
2024.08.15	00:57:45.097	0.59988	0.60007			6
2024.08.15	00:57:46.499	0.59984	0.60006			6
2024.08.15	00:57:46.924	0.59987	0.60007			6
2024.08.15	00:57:48.552	0.59988				2
2024.08.15	00:57:51.168	0.59987				2
2024.08.15	00:57:51.526	0.59986	0.60006			6
2024.08.15	00:57:51.844	0.59988	0.60007			6
2024.08.15	00:57:53.416	0.59987				2
2024.08.15	00:58:00.424	0.59987	0.60008			6
2024.08.15	00:58:01.585	0.59986				2
2024.08.15	00:58:01.953	0.59987				2
2024.08.15	00:58:02.258	0.59988	0.60009			6
2024.08.15	00:58:05.619	0.59989				2
2024.08.15	00:58:05.923		0.60008			4
2024.08.15	00:58:07.340	0.59988	0.60009			6
2024.08.15	00:58:10.430	0.59989	0.60010			6
2024.08.15	00:58:19.936	0.59990				2
2024.08.15	00:58:21.344	0.59989	0.60011			6
2024.08.15	00:58:24.947		0.60012			4
2024.08.15	00:58:25.911		0.60013			4
2024.08.15	00:58:27.216	0.59992	0.60014			6
2024.08.15	00:58:28.129	0.59989	0.60010			6
2024.08.15	00:58:29.280	0.59990				2
2024.08.15	00:58:31.345	0.59992				2
2024.08.15	00:58:32.361	0.59991				2
2024.08.15	00:58:39.170	0.59995				2
2024.08.15	00:58:42.836	0.59990				2
2024.08.15	00:58:43.391	0.59991				2
2024.08.15	00:58:44.717	0.59992				2
2024.08.15	00:58:45.711	0.59994				2
2024.08.15	00:58:48.651	0.59996				2
2024.08.15	00:58:51.641	0.60001	0.60021			6
2024.08.15	00:58:51.960		0.60022			4
2024.08.15	00:58:52.318	0.60004	0.60024			6
2024.08.15	00:58:52.718	0.60003	0.60026			6
2024.08.15	00:58:53.111	0.60004				2
2024.08.15	00:58:53.468	0.60005	0.60027			6
2024.08.15	00:58:54.070	0.60011	0.60035			6
2024.08.15	00:58:54.407	0.60010	0.60034			6
2024.08.15	00:58:54.719	0.60009	0.60033			6
2024.08.15	00:58:55.065	0.60008				2
2024.08.15	00:58:58.457	0.60009	0.60034			6
2024.08.15	00:58:58.761	0.60008	0.60033			6
2024.08.15	00:59:00.313	0.60008				2
2024.08.15	00:59:01.203		0.60032			4
2024.08.15	00:59:03.233		0.60031			4
2024.08.15	00:59:06.375		0.60032			4
2024.08.15	00:59:08.723	0.60007				2
2024.08.15	00:59:10.074		0.60031			4
2024.08.15	00:59:12.494	0.60003	0.60028			6
2024.08.15	00:59:13.895		0.60025			4
2024.08.15	00:59:14.218	0.60002	0.60023			6
2024.08.15	00:59:14.762		0.60024			4
2024.08.15	00:59:15.081	0.60001	0.60025			6
2024.08.15	00:59:15.384		0.60024			4
2024.08.15	00:59:16.283	0.60002	0.60025			6
2024.08.15	00:59:17.085	0.60001	0.60024			6
2024.08.15	00:59:19.807	0.60002	0.60025			6
2024.08.15	00:59:24.361		0.60024			4
2024.08.15	00:59:27.024		0.60025			4
2024.08.15	00:59:27.340		0.60024			4
2024.08.15	00:59:29.973		0.60025			4
2024.08.15	00:59:32.965		0.60023			4
2024.08.15	00:59:39.511	0.60000				2
2024.08.15	00:59:42.178	0.60001				2
2024.08.15	00:59:44.558	0.60000	0.60022			6
2024.08.15	00:59:45.701	0.59999	0.60021			6
2024.08.15	00:59:47.292	0.59998				2
2024.08.15	00:59:49.340	0.59999				2
2024.08.15	00:59:50.936	0.59997	0.60020			6
2024.08.15	00:59:51.472	0.59998				2
2024.08.15	00:59:52.001		0.60019			4
2024.08.15	00:59:54.569	0.59996	0.60018			6
2024.08.15	00:59:55.906	0.59997				2
2024.08.15	01:00:00.316	0.60001	0.60022			6
2024.08.15	01:00:00.620		0.60017			4
2024.08.15	01:00:00.945		0.60018			4
2024.08.15	01:00:01.338		0.60016			4
2024.08.15	01:00:01.674		0.60015			4
2024.08.15	01:00:02.022		0.60016			4
2024.08.15	01:00:02.379		0.60015			4
2024.08.15	01:00:03.331		0.60016			4
2024.08.15	01:00:03.892		0.60012			4
2024.08.15	01:00:05.513		0.60013			4
2024.08.15	01:00:09.465		0.60012			4
2024.08.15	01:00:10.477		0.60009			4
2024.08.15	01:00:10.778	0.59982	0.60006			6
2024.08.15	01:00:11.082	0.59981	0.60003			6
2024.08.15	01:00:11.402	0.59980	0.60000			6
2024.08.15	01:00:12.096		0.59999			4
2024.08.15	01:00:12.398	0.59981	0.60000			6
2024.08.15	01:00:12.849	0.59982				2
2024.08.15	01:00:13.351	0.59980	0.59998			6
2024.08.15	01:00:13.854	0.59981	0.59994			6
2024.08.15	01:00:14.429		0.59995			4
2024.08.15	01:00:14.981	0.59980				2
2024.08.15	01:00:15.464		0.59992			4
2024.08.15	01:00:16.775	0.59981	0.59999			6
2024.08.15	01:00:17.077	0.59980	0.60001			6
2024.08.15	01:00:17.623	0.59981	0.60003			6
2024.08.15	01:00:18.498	0.60005	0.60014			6
2024.08.15	01:00:18.803	0.60000	0.60017			6
2024.08.15	01:00:19.109		0.60016			4
2024.08.15	01:00:19.816	0.60001				2
2024.08.15	01:00:21.001	0.59990	0.60000			6
2024.08.15	01:00:21.302	0.59988	0.60001			6
2024.08.15	01:00:23.557		0.60003			4
2024.08.15	01:00:29.252	0.59989	0.60002			6
2024.08.15	01:00:29.795		0.60001			4
2024.08.15	01:00:30.401	0.59988				2
2024.08.15	01:00:31.157	0.59989	0.60002			6
2024.08.15	01:00:33.412		0.60003			4
2024.08.15	01:00:36.297		0.60002			4
2024.08.15	01:00:38.930	0.59994				2
2024.08.15	01:00:40.395	0.59996	0.60001			6
2024.08.15	01:00:52.750	0.59997				2
2024.08.15	01:01:00.297	0.59997				2
2024.08.15	01:01:01.019	0.59993				2
2024.08.15	01:01:01.405		0.60002			4
2024.08.15	01:01:03.722		0.60001			4
2024.08.15	01:01:04.320	0.59994				2
2024.08.15	01:01:11.363		0.60000			4
2024.08.15	01:01:11.819		0.60003			4
2024.08.15	01:01:12.120	0.59997	0.60004			6
2024.08.15	01:01:12.831		0.60006			4
2024.08.15	01:01:13.555		0.60000			4
2024.08.15	01:01:13.887		0.60006			4
2024.08.15	01:01:16.224		0.60007			4
2024.08.15	01:01:19.162	0.59998	0.60010			6
2024.08.15	01:01:19.566	0.59999				2
2024.08.15	01:01:30.372	0.59998				2
2024.08.15	01:01:37.951		0.60011			4
2024.08.15	01:01:51.162	0.59999				2
2024.08.15	01:01:54.396		0.60012			4
2024.08.15	01:01:55.081	0.60000				2
2024.08.15	01:01:55.406	0.59999				2
2024.08.15	01:02:00.358	0.59999				2
2024.08.15	01:02:17.420	0.59996				2
2024.08.15	01:02:37.420	0.59997				2
2024.08.15	01:02:38.428	0.59998				2
2024.08.15	01:02:39.394	0.59999				2
2024.08.15	01:02:42.835		0.60011			4
2024.08.15	01:02:45.684		0.60012			4
2024.08.15	01:02:53.505		0.60011			4
2024.08.15	01:02:59.989		0.60012			4
2024.08.15	01:03:00.429	0.59999	0.60011			6
2024.08.15	01:03:01.930		0.60010			4
2024.08.15	01:03:03.544	0.60000				2
2024.08.15	01:03:07.144	0.60001				2
2024.08.15	01:03:18.756	0.60002				2
2024.08.15	01:04:04.236	0.60002	0.60010			6
2024.08.15	01:04:09.672	0.60003				2
2024.08.15	01:04:23.803	0.60005				2
2024.08.15	01:04:26.041	0.60004				2
2024.08.15	01:04:26.852	0.60006				2
2024.08.15	01:04:34.094		0.60011			4
2024.08.15	01:04:41.141	0.60004				2
2024.08.15	01:04:41.892	0.60006				2
2024.08.15	01:05:00.991	0.60006				2
2024.08.15	01:05:21.309	0.60011	0.60012			6
2024.08.15	01:05:21.613	0.60010	0.60011			6
2024.08.15	01:05:22.091		0.60012			4
2024.08.15	01:05:22.402		0.60011			4
2024.08.15	01:05:23.255		0.60013			4
2024.08.15	01:05:31.144	0.60009				2
2024.08.15	01:05:54.401		0.60015			4
2024.08.15	01:05:54.881	0.60011				2
2024.08.15	01:05:55.877		0.60014			4
2024.08.15	01:05:56.216		0.60017			4
2024.08.15	01:05:57.204		0.60018			4
2024.08.15	01:06:01.483	0.60011	0.60015			6
2024.08.15	01:06:17.868	0.60010				2
2024.08.15	01:06:23.004		0.60016			4
2024.08.15	01:06:33.500		0.60015			4
2024.08.15	01:06:51.238		0.60016			4
2024.08.15	01:07:01.013	0.60010				2
2024.08.15	01:07:01.839		0.60012			4
2024.08.15	01:07:02.147		0.60015			4
2024.08.15	01:07:24.923		0.60016			4
2024.08.15	01:07:41.405		0.60015			4
2024.08.15	01:08:01.009	0.60010				2
2024.08.15	01:08:12.283	0.60008				2
2024.08.15	01:08:43.285		0.60015			4
2024.08.15	01:08:53.965	0.60006				2
2024.08.15	01:09:02.697	0.60006				2
2024.08.15	01:09:42.258		0.60016			4
2024.08.15	01:10:14.702	0.60011	0.60020			6
2024.08.15	01:10:15.756	0.60012				2
2024.08.15	01:10:16.325	0.60013				2
2024.08.15	01:10:31.708		0.60019			4
2024.08.15	01:10:32.800		0.60018			4
2024.08.15	01:10:37.108		0.60019			4
2024.08.15	01:10:42.655		0.60014			4
2024.08.15	01:10:43.361		0.60019			4
2024.08.15	01:10:54.255	0.60016	0.60022			6
2024.08.15	01:10:54.559	0.60017	0.60024			6
2024.08.15	01:11:01.060	0.60017				2
2024.08.15	01:11:05.758	0.60019	0.60025			6
2024.08.15	01:11:06.926	0.60020	0.60028			6
2024.08.15	01:11:07.985	0.60019				2
2024.08.15	01:11:08.290	0.60020	0.60026			6
2024.08.15	01:11:13.288	0.60021				2
2024.08.15	01:11:15.255	0.60020	0.60027			6
2024.08.15	01:11:23.407	0.60019				2
2024.08.15	01:11:28.526	0.60020				2
2024.08.15	01:11:33.894	0.60019				2
2024.08.15	01:11:44.981		0.60025			4
2024.08.15	01:11:45.286	0.60018				2
2024.08.15	01:11:46.423		0.60020			4
2024.08.15	01:11:50.318		0.60021			4
2024.08.15	01:11:50.690	0.60016				2
2024.08.15	01:11:51.198	0.60015				2
2024.08.15	01:11:54.308	0.60016	0.60023			6
2024.08.15	01:11:55.410		0.60024			4
2024.08.15	01:12:05.267	0.60019	0.60029			6
2024.08.15	01:12:05.593	0.60020				2
2024.08.15	01:12:45.788	0.60019				2
2024.08.15	01:12:48.270	0.60020				2
2024.08.15	01:12:55.707	0.60019				2
2024.08.15	01:12:58.486	0.60020				2
2024.08.15	01:12:58.939	0.60019				2
2024.08.15	01:12:59.394	0.60020				2
2024.08.15	01:13:00.814	0.60019				2
2024.08.15	01:13:01.421	0.60020				2
2024.08.15	01:13:08.505	0.60019	0.60029			6
2024.08.15	01:13:09.294	0.60020				2
2024.08.15	01:13:11.512		0.60030			4
2024.08.15	01:13:12.259	0.60019	0.60029			6
2024.08.15	01:13:13.166	0.60020				2
2024.08.15	01:13:14.377	0.60019				2
2024.08.15	01:13:15.393	0.60020				2
2024.08.15	01:13:24.750	0.60019				2
2024.08.15	01:13:25.401	0.60020				2
2024.08.15	01:13:29.185	0.60019				2
2024.08.15	01:13:29.709	0.60020				2
2024.08.15	01:13:31.151	0.60019				2
2024.08.15	01:13:32.384	0.60020				2
2024.08.15	01:13:35.576	0.60019				2
2024.08.15	01:13:42.301	0.60020				2
2024.08.15	01:13:51.078	0.60019				2
2024.08.15	01:13:52.863		0.60030			4
2024.08.15	01:13:53.614		0.60029			4
2024.08.15	01:14:01.414	0.60019				2
2024.08.15	01:14:12.069		0.60031			4
2024.08.15	01:14:12.563	0.60024	0.60030			6
2024.08.15	01:14:12.872	0.60026				2
2024.08.15	01:14:14.419		0.60031			4
2024.08.15	01:14:21.081		0.60030			4
2024.08.15	01:14:21.412		0.60029			4
2024.08.15	01:14:22.386		0.60030			4
2024.08.15	01:14:51.072		0.60029			4
2024.08.15	01:15:18.263	0.60026	0.60030			6
2024.08.15	01:15:20.429		0.60031			4
2024.08.15	01:15:22.924		0.60030			4
2024.08.15	01:16:02.420	0.60026				2
2024.08.15	01:16:18.571	0.60023	0.60027			6
2024.08.15	01:16:18.913	0.60022	0.60028			6
2024.08.15	01:16:20.920		0.60027			4
2024.08.15	01:16:23.361		0.60026			4
2024.08.15	01:16:23.676		0.60028			4
2024.08.15	01:16:30.901		0.60027			4
2024.08.15	01:16:37.146	0.60023				2
2024.08.15	01:16:41.362	0.60024	0.60029			6
2024.08.15	01:16:41.703		0.60028			4
2024.08.15	01:17:43.349	0.60025	0.60028			6
2024.08.15	01:17:49.214		0.60029			4
2024.08.15	01:17:58.491		0.60028			4
2024.08.15	01:18:11.093	0.60025				2
2024.08.15	01:18:34.496	0.60026				2
2024.08.15	01:18:40.138	0.60024	0.60027			6
2024.08.15	01:19:00.283	0.60024				2
2024.08.15	01:19:25.525	0.60023	0.60024			6
2024.08.15	01:19:42.358	0.60024	0.60025			6
2024.08.15	01:19:43.221	0.60023	0.60024			6
2024.08.15	01:19:44.113	0.60024	0.60025			6
2024.08.15	01:19:52.402	0.60023	0.60024			6
2024.08.15	01:19:52.745	0.60022	0.60023			6
2024.08.15	01:19:53.881	0.60023	0.60024			6
2024.08.15	01:20:00.108	0.60020	0.60021			6
2024.08.15	01:20:01.113	0.60019	0.60020			6
2024.08.15	01:20:20.954	0.60018	0.60019			6
2024.08.15	01:20:31.237	0.60019	0.60020			6
2024.08.15	01:20:32.225	0.60018	0.60019			6
2024.08.15	01:20:36.827	0.60019	0.60020			6
2024.08.15	01:20:37.183	0.60018	0.60019			6
2024.08.15	01:20:37.666	0.60019	0.60020			6
2024.08.15	01:20:38.023	0.60018	0.60019			6
2024.08.15	01:20:42.642	0.60019	0.60020			6
2024.08.15	01:20:43.383	0.60018	0.60019			6
2024.08.15	01:20:44.670	0.60019	0.60020			6
2024.08.15	01:20:45.318	0.60018	0.60019			6
2024.08.15	01:20:45.676	0.60019	0.60020			6
2024.08.15	01:20:46.420	0.60018	0.60019			6
2024.08.15	01:20:46.828	0.60013	0.60014			6
2024.08.15	01:20:47.165	0.60011	0.60012			6
2024.08.15	01:20:47.788	0.60012	0.60013			6
2024.08.15	01:20:48.351	0.60009	0.60011			6
2024.08.15	01:20:48.686	0.60010	0.60012			6
2024.08.15	01:20:49.463	0.60009				2
2024.08.15	01:20:49.776	0.60010				2
2024.08.15	01:20:50.925	0.60009	0.60010			6
2024.08.15	01:20:52.386	0.60008	0.60009			6
2024.08.15	01:20:56.383	0.60009	0.60010			6
2024.08.15	01:21:00.744	0.60009	0.60011			6
2024.08.15	01:21:12.228	0.60007				2
2024.08.15	01:21:14.004	0.60008	0.60010			6
2024.08.15	01:21:16.196	0.60009				2
2024.08.15	01:21:17.040	0.60010	0.60011			6
2024.08.15	01:21:34.993		0.60012			4
2024.08.15	01:21:52.224		0.60013			4
2024.08.15	01:21:53.400	0.60009	0.60010			6
2024.08.15	01:22:02.413	0.60010	0.60013			6
2024.08.15	01:22:05.347		0.60012			4
2024.08.15	01:22:09.189	0.60008	0.60010			6
2024.08.15	01:22:14.989		0.60011			4
2024.08.15	01:22:15.412	0.60010				2
2024.08.15	01:22:16.981	0.60011	0.60013			6
2024.08.15	01:22:17.388	0.60010	0.60012			6
2024.08.15	01:22:17.758	0.60011				2
2024.08.15	01:22:18.097	0.60010				2
2024.08.15	01:22:20.834	0.60011				2
2024.08.15	01:22:22.209	0.60010				2
2024.08.15	01:22:27.516	0.60011				2
2024.08.15	01:22:28.428	0.60010				2
2024.08.15	01:22:41.043	0.60011				2
2024.08.15	01:22:51.405	0.60009				2
2024.08.15	01:22:53.224	0.60011				2
2024.08.15	01:22:55.379	0.60010				2
2024.08.15	01:22:56.385	0.60011				2
2024.08.15	01:22:59.424	0.60010				2
2024.08.15	01:23:00.396	0.60011				2
2024.08.15	01:23:02.955	0.60010				2
2024.08.15	01:23:03.382	0.60011				2
2024.08.15	01:23:07.506	0.60010				2
2024.08.15	01:23:15.895	0.60011				2
2024.08.15	01:23:16.403	0.60010				2
2024.08.15	01:23:19.031	0.60011	0.60012			6
2024.08.15	01:23:19.389	0.60010				2
2024.08.15	01:23:20.301	0.60011	0.60013			6
2024.08.15	01:23:21.341	0.60010				2
2024.08.15	01:23:22.136	0.60011				2
2024.08.15	01:23:23.337		0.60012			4
2024.08.15	01:23:24.398	0.60010				2
2024.08.15	01:23:26.579	0.60011				2
2024.08.15	01:23:27.423	0.60010				2
2024.08.15	01:23:27.727	0.60011				2
2024.08.15	01:23:28.435	0.60010				2
2024.08.15	01:23:32.452		0.60013			4
2024.08.15	01:23:33.512		0.60012			4
2024.08.15	01:24:14.284	0.60010	0.60013			6
2024.08.15	01:24:15.320		0.60012			4
2024.08.15	01:24:16.053		0.60013			4
2024.08.15	01:24:17.011		0.60011			4
2024.08.15	01:24:18.725		0.60012			4
2024.08.15	01:24:30.042		0.60013			4
2024.08.15	01:24:39.860	0.60014	0.60015			6
2024.08.15	01:24:41.078		0.60016			4
2024.08.15	01:24:43.267		0.60015			4
2024.08.15	01:24:43.661		0.60016			4
2024.08.15	01:24:44.394		0.60015			4
2024.08.15	01:24:44.980		0.60016			4
2024.08.15	01:24:45.521		0.60015			4
2024.08.15	01:24:45.895		0.60016			4
2024.08.15	01:24:46.564	0.60009	0.60010			6
2024.08.15	01:24:47.085		0.60011			4
2024.08.15	01:24:56.993	0.60010				2
2024.08.15	01:24:57.401	0.60009				2
2024.08.15	01:25:00.286	0.60009				2
2024.08.15	01:25:16.634	0.60010				2
2024.08.15	01:25:17.384		0.60013			4
2024.08.15	01:25:22.600	0.60009				2
2024.08.15	01:25:26.406		0.60012			4
2024.08.15	01:25:36.458		0.60013			4
2024.08.15	01:25:37.431	0.60008				2
2024.08.15	01:25:46.606		0.60012			4
2024.08.15	01:25:47.943	0.60010	0.60011			6
2024.08.15	01:25:56.690		0.60012			4
2024.08.15	01:25:59.523	0.60009	0.60011			6
2024.08.15	01:25:59.832		0.60012			4
2024.08.15	01:26:00.762	0.60009				2
2024.08.15	01:26:02.205		0.60011			4
2024.08.15	01:27:00.599	0.60009				2
2024.08.15	01:27:02.307		0.60011			4
2024.08.15	01:27:57.246		0.60010			4
2024.08.15	01:28:00.136	0.60009				2
2024.08.15	01:28:21.347	0.60008				2
2024.08.15	01:28:22.170	0.60009				2
2024.08.15	01:28:22.562	0.60008				2
2024.08.15	01:28:24.673	0.60010	0.60011			6
2024.08.15	01:28:24.993	0.60008				2
2024.08.15	01:28:25.381	0.60009				2
2024.08.15	01:28:30.003	0.60008	0.60012			6
2024.08.15	01:28:32.297	0.60009				2
2024.08.15	01:28:46.413	0.60008				2
2024.08.15	01:28:48.940	0.60009				2
2024.08.15	01:28:53.712		0.60011			4
2024.08.15	01:29:01.553	0.60008				2
2024.08.15	01:29:02.276	0.60009				2
2024.08.15	01:29:02.804	0.60005	0.60007			6
2024.08.15	01:29:03.572	0.60003				2
2024.08.15	01:29:31.009		0.60008			4
2024.08.15	01:29:43.500	0.60002				2
2024.08.15	01:29:49.889		0.60007			4
2024.08.15	01:29:52.044		0.60008			4
2024.08.15	01:30:00.320	0.60002	0.60007			6
2024.08.15	01:30:09.341	0.60001	0.60004			6
2024.08.15	01:30:27.986	0.59997	0.60002			6
2024.08.15	01:30:44.089	0.59998				2
2024.08.15	01:30:49.790	0.59997				2
2024.08.15	01:30:51.180	0.59998				2
2024.08.15	01:30:58.090		0.60001			4
2024.08.15	01:31:00.430	0.59995	0.59999			6
2024.08.15	01:31:00.745	0.59994				2
2024.08.15	01:31:08.113	0.59995				2
2024.08.15	01:31:09.401	0.59994				2
2024.08.15	01:31:11.702	0.59997				2
2024.08.15	01:31:12.005		0.60002			4
2024.08.15	01:31:13.483	0.59998				2
2024.08.15	01:32:00.009	0.59998				2
2024.08.15	01:32:12.640		0.60002			4
2024.08.15	01:32:56.428	0.60000	0.60005			6
2024.08.15	01:32:58.352	0.60001				2
2024.08.15	01:32:58.692	0.60000				2
2024.08.15	01:33:00.430	0.60003	0.60007			6
2024.08.15	01:33:08.650	0.60002				2
2024.08.15	01:33:17.172		0.60006			4
2024.08.15	01:33:33.281	0.60000	0.60002			6
2024.08.15	01:33:36.285		0.60003			4
2024.08.15	01:33:43.420	0.59999	0.60002			6
2024.08.15	01:33:45.000		0.60003			4
2024.08.15	01:33:53.438	0.59998	0.60002			6
2024.08.15	01:34:03.803	0.59998				2
2024.08.15	01:34:33.408		0.60003			4
2024.08.15	01:34:43.330		0.60002			4
2024.08.15	01:34:44.755		0.60001			4
2024.08.15	01:34:47.297	0.59999				2
2024.08.15	01:34:54.875		0.60002			4
2024.08.15	01:34:57.434	0.59998	0.60003			6
2024.08.15	01:34:57.740	0.59999				2
2024.08.15	01:35:00.143	0.59999				2
2024.08.15	01:35:57.914		0.60003			4
2024.08.15	01:35:58.310		0.60002			4
2024.08.15	01:36:00.400	0.59999				2
2024.08.15	01:36:19.501		0.60003			4
2024.08.15	01:36:53.188	0.60000	0.60004			6
2024.08.15	01:36:54.907	0.60001	0.60005			6
2024.08.15	01:36:58.133	0.60002				2
2024.08.15	01:37:00.687	0.60002				2
2024.08.15	01:37:01.480	0.60001				2
2024.08.15	01:37:04.356		0.60004			4
2024.08.15	01:37:05.197	0.60000				2
2024.08.15	01:37:09.729		0.60003			4
2024.08.15	01:37:22.376		0.60004			4
2024.08.15	01:37:27.007		0.60003			4
2024.08.15	01:37:35.113		0.60004			4
2024.08.15	01:37:38.847		0.60003			4
2024.08.15	01:37:39.157		0.60004			4
2024.08.15	01:37:46.039	0.59999	0.60003			6
2024.08.15	01:37:57.367		0.60004			4
2024.08.15	01:38:00.073	0.59999				2
2024.08.15	01:38:02.161	0.60000	0.60003			6
2024.08.15	01:38:13.041	0.59999				2
2024.08.15	01:38:41.634	0.59998	0.60002			6
2024.08.15	01:38:58.238	0.59997	0.60000			6
2024.08.15	01:38:59.422	0.59999	0.60003			6
2024.08.15	01:38:59.726	0.60000				2
2024.08.15	01:39:00.819	0.60000				2
2024.08.15	01:39:04.849		0.60002			4
2024.08.15	01:39:06.787	0.59999	0.60000			6
2024.08.15	01:39:15.050		0.60003			4
2024.08.15	01:39:23.228	0.60000	0.60004			6
2024.08.15	01:39:28.991		0.60005			4
2024.08.15	01:39:33.065		0.60004			4
2024.08.15	01:39:35.644		0.60005			4
2024.08.15	01:39:39.844	0.60001	0.60006			6
2024.08.15	01:39:55.881		0.60005			4
2024.08.15	01:39:57.755	0.60002	0.60007			6
2024.08.15	01:39:58.056	0.60003				2
2024.08.15	01:39:59.209	0.60002				2
2024.08.15	01:39:59.524	0.60003				2
2024.08.15	01:40:00.052	0.60006	0.60010			6
2024.08.15	01:40:04.662	0.60008	0.60012			6
2024.08.15	01:40:05.826	0.60007				2
2024.08.15	01:40:09.806	0.60008	0.60013			6
2024.08.15	01:40:13.128	0.60007				2
2024.08.15	01:40:14.440	0.60008				2
2024.08.15	01:40:24.089	0.60010	0.60015			6
2024.08.15	01:40:27.280		0.60014			4
2024.08.15	01:40:28.449		0.60015			4
2024.08.15	01:40:31.875		0.60013			4
2024.08.15	01:40:32.953		0.60012			4
2024.08.15	01:40:34.000	0.60009				2
2024.08.15	01:40:34.358		0.60013			4
2024.08.15	01:40:41.040	0.60007	0.60010			6
2024.08.15	01:40:41.362	0.60006				2
2024.08.15	01:40:41.877	0.60004				2
2024.08.15	01:41:00.928	0.60004				2
2024.08.15	01:41:15.941	0.60006				2
2024.08.15	01:41:41.459		0.60010			4
2024.08.15	01:42:00.361	0.60006				2
2024.08.15	01:42:14.542		0.60012			4
2024.08.15	01:42:22.834		0.60009			4
2024.08.15	01:42:27.778	0.60010	0.60015			6
2024.08.15	01:42:56.696	0.60009	0.60013			6
2024.08.15	01:42:57.077		0.60014			4
2024.08.15	01:43:00.903	0.60009				2
2024.08.15	01:43:08.986		0.60015			4
2024.08.15	01:43:09.938	0.60010				2
2024.08.15	01:43:20.984		0.60014			4
2024.08.15	01:43:21.302		0.60015			4
2024.08.15	01:43:21.604		0.60016			4
2024.08.15	01:43:22.602		0.60015			4
2024.08.15	01:43:27.216	0.60011				2
2024.08.15	01:43:27.523		0.60016			4
2024.08.15	01:43:28.651		0.60017			4
2024.08.15	01:43:31.078	0.60010	0.60015			6
2024.08.15	01:43:40.328	0.60011	0.60016			6
2024.08.15	01:43:40.925	0.60013	0.60018			6
2024.08.15	01:43:43.718	0.60010	0.60014			6
2024.08.15	01:43:52.103	0.60012	0.60016			6
2024.08.15	01:43:53.142	0.60010				2
2024.08.15	01:43:53.681	0.60012				2
2024.08.15	01:43:59.388	0.60013				2
2024.08.15	01:43:59.715	0.60011				2
2024.08.15	01:44:00.042	0.60011				2
2024.08.15	01:44:01.418	0.60012				2
2024.08.15	01:44:03.728		0.60017			4
2024.08.15	01:44:04.081	0.60011				2
2024.08.15	01:44:08.352		0.60016			4
2024.08.15	01:44:19.279	0.60012				2
2024.08.15	01:44:27.539	0.60011				2
2024.08.15	01:44:30.359	0.60013	0.60017			6
2024.08.15	01:44:30.685	0.60011	0.60013			6
2024.08.15	01:44:31.000	0.60010	0.60015			6
2024.08.15	01:44:31.376		0.60013			4
2024.08.15	01:44:52.562		0.60014			4
2024.08.15	01:44:59.641	0.60016	0.60020			6
2024.08.15	01:44:59.946	0.60015				2
2024.08.15	01:45:00.359	0.60015				2
2024.08.15	01:45:14.547	0.60014				2
2024.08.15	01:45:15.283		0.60019			4
2024.08.15	01:45:18.878		0.60018			4
2024.08.15	01:45:22.712		0.60019			4
2024.08.15	01:45:30.640		0.60018			4
2024.08.15	01:45:32.456		0.60020			4
2024.08.15	01:45:43.141		0.60017			4
2024.08.15	01:45:47.282		0.60018			4
2024.08.15	01:46:00.127	0.60014				2
2024.08.15	01:46:12.415		0.60020			4
2024.08.15	01:46:12.869		0.60019			4
2024.08.15	01:46:14.338		0.60020			4
2024.08.15	01:46:17.994		0.60019			4
2024.08.15	01:46:20.073	0.60015	0.60020			6
2024.08.15	01:46:23.102		0.60019			4
2024.08.15	01:46:25.192		0.60020			4
2024.08.15	01:46:28.359	0.60019	0.60023			6
2024.08.15	01:47:00.834	0.60019	0.60022			6
2024.08.15	01:47:02.399	0.60018	0.60023			6
2024.08.15	01:47:04.518		0.60022			4
2024.08.15	01:47:10.357	0.60017	0.60020			6
2024.08.15	01:47:10.666	0.60016				2
2024.08.15	01:47:23.365	0.60015	0.60019			6
2024.08.15	01:47:24.427	0.60013	0.60018			6
2024.08.15	01:47:34.556	0.60012				2
2024.08.15	01:47:50.303		0.60017			4
2024.08.15	01:47:52.174		0.60016			4
2024.08.15	01:47:52.586		0.60017			4
2024.08.15	01:47:54.081	0.60013				2
2024.08.15	01:48:13.237	0.60012				2
2024.08.15	01:48:14.005	0.60013				2
2024.08.15	01:48:14.401	0.60012				2
2024.08.15	01:48:26.452		0.60016			4
2024.08.15	01:48:35.739		0.60017			4
2024.08.15	01:48:40.724		0.60016			4
2024.08.15	01:48:49.435	0.60011	0.60015			6
2024.08.15	01:48:54.612	0.60012				2
2024.08.15	01:49:00.282	0.60012				2
2024.08.15	01:49:02.493		0.60014			4
2024.08.15	01:49:03.486	0.60011				2
2024.08.15	01:49:04.432	0.60010				2
2024.08.15	01:49:07.510	0.60009	0.60013			6
2024.08.15	01:49:09.314	0.60011	0.60014			6
2024.08.15	01:49:09.668	0.60012				2
2024.08.15	01:49:10.072	0.60011				2
2024.08.15	01:49:10.382		0.60012			4
2024.08.15	01:49:10.702	0.60002	0.60004			6
2024.08.15	01:49:11.083	0.60001				2
2024.08.15	01:49:11.388	0.59998	0.60003			6
2024.08.15	01:49:13.949	0.59999				2
2024.08.15	01:49:15.656		0.60004			4
2024.08.15	01:49:17.462	0.60000				2
2024.08.15	01:49:26.288	0.60001				2
2024.08.15	01:49:27.315		0.60005			4
2024.08.15	01:49:30.878	0.60009	0.60013			6
2024.08.15	01:49:31.271	0.60015	0.60017			6
2024.08.15	01:49:31.579	0.60014				2
2024.08.15	01:49:32.337		0.60016			4
2024.08.15	01:49:33.986		0.60018			4
2024.08.15	01:49:34.939	0.60013	0.60014			6
2024.08.15	01:49:35.241	0.60012	0.60015			6
2024.08.15	01:49:37.236	0.60013				2
2024.08.15	01:49:37.542	0.60012	0.60016			6
2024.08.15	01:49:38.289	0.60013				2
2024.08.15	01:49:40.951	0.60011	0.60014			6
2024.08.15	01:49:42.037		0.60016			4
2024.08.15	01:49:44.661	0.60009	0.60014			6
2024.08.15	01:49:44.965		0.60015			4
2024.08.15	01:49:50.182	0.60010				2
2024.08.15	01:49:56.965	0.60011				2
2024.08.15	01:50:00.313	0.60011				2
2024.08.15	01:50:01.163	0.60012	0.60016			6
2024.08.15	01:50:01.467		0.60017			4
2024.08.15	01:50:09.373	0.60013	0.60018			6
2024.08.15	01:50:16.422		0.60016			4
2024.08.15	01:50:16.792	0.60012	0.60017			6
2024.08.15	01:50:17.097	0.60013				2
2024.08.15	01:50:32.197		0.60018			4
2024.08.15	01:51:00.423	0.60013				2
2024.08.15	01:51:04.136	0.60012				2
2024.08.15	01:51:04.535	0.60013				2
2024.08.15	01:51:05.930	0.60012	0.60017			6
2024.08.15	01:51:13.215		0.60018			4
2024.08.15	01:51:16.804	0.60013				2
2024.08.15	01:51:25.004		0.60019			4
2024.08.15	01:51:27.247		0.60018			4
2024.08.15	01:51:38.059		0.60019			4
2024.08.15	01:51:56.112	0.60014				2
2024.08.15	01:51:57.719	0.60015	0.60020			6
2024.08.15	01:51:58.610	0.60017	0.60021			6
2024.08.15	01:52:00.360	0.60017				2
2024.08.15	01:52:07.346	0.60016	0.60020			6
2024.08.15	01:52:07.680		0.60021			4
2024.08.15	01:52:08.686		0.60020			4
2024.08.15	01:52:12.089	0.60017				2
2024.08.15	01:52:14.332		0.60021			4
2024.08.15	01:52:18.474		0.60022			4
2024.08.15	01:52:25.990		0.60021			4
2024.08.15	01:52:34.824		0.60022			4
2024.08.15	01:52:36.111		0.60021			4
2024.08.15	01:52:43.800		0.60020			4
2024.08.15	01:52:44.104		0.60021			4
2024.08.15	01:52:44.420		0.60020			4
2024.08.15	01:52:49.327		0.60021			4
2024.08.15	01:52:54.394		0.60020			4
2024.08.15	01:53:00.309	0.60017				2
2024.08.15	01:53:02.002		0.60021			4
2024.08.15	01:53:02.348		0.60020			4
2024.08.15	01:53:11.875		0.60019			4
2024.08.15	01:53:12.178		0.60020			4
2024.08.15	01:53:16.533		0.60019			4
2024.08.15	01:53:21.130		0.60020			4
2024.08.15	01:53:30.007		0.60019			4
2024.08.15	01:53:37.925		0.60020			4
2024.08.15	01:53:40.033		0.60019			4
2024.08.15	01:53:40.376		0.60020			4
2024.08.15	01:53:42.530		0.60019			4
2024.08.15	01:53:45.534	0.60016				2
2024.08.15	01:53:46.821		0.60020			4
2024.08.15	01:53:49.348		0.60019			4
2024.08.15	01:53:50.004	0.60015				2
2024.08.15	01:53:50.339	0.60016	0.60018			6
2024.08.15	01:53:50.659	0.60006	0.60009			6
2024.08.15	01:53:53.709		0.60010			4
2024.08.15	01:53:56.073	0.60007				2
2024.08.15	01:53:57.306	0.60006				2
2024.08.15	01:53:57.785	0.60007				2
2024.08.15	01:53:59.135	0.60000	0.60004			6
2024.08.15	01:54:00.300	0.60002				2
2024.08.15	01:54:00.770	0.59999	0.60000			6
2024.08.15	01:54:01.574		0.60001			4
2024.08.15	01:54:01.883	0.60000				2
2024.08.15	01:54:02.205	0.59997	0.60000			6
2024.08.15	01:54:02.548	0.59998	0.60001			6
2024.08.15	01:54:07.831	0.59997	0.59999			6
2024.08.15	01:54:08.140		0.60001			4
2024.08.15	01:54:08.442	0.59998				2
2024.08.15	01:54:12.788		0.60002			4
2024.08.15	01:54:15.681	0.59996	0.59999			6
2024.08.15	01:54:15.990	0.59997				2
2024.08.15	01:54:16.939	0.59996				2
2024.08.15	01:54:17.400	0.59997				2
2024.08.15	01:54:18.539	0.59998	0.60001			6
2024.08.15	01:54:22.150		0.60002			4
2024.08.15	01:54:30.404		0.60003			4
2024.08.15	01:54:36.427	0.59999				2
2024.08.15	01:54:36.738	0.59998				2
2024.08.15	01:54:37.145	0.59999				2
2024.08.15	01:54:37.885	0.59998				2
2024.08.15	01:54:38.375	0.59999				2
2024.08.15	01:54:39.267	0.59998				2
2024.08.15	01:55:00.924	0.59999				2
2024.08.15	01:55:02.197	0.60002	0.60006			6
2024.08.15	01:55:02.560	0.60003				2
2024.08.15	01:55:04.320	0.60004				2
2024.08.15	01:55:05.684	0.60003				2
2024.08.15	01:55:07.219	0.60004				2
2024.08.15	01:55:07.526	0.60003				2
2024.08.15	01:55:08.481	0.60002	0.60005			6
2024.08.15	01:55:08.783	0.60001				2
2024.08.15	01:55:10.665	0.60003	0.60006			6
2024.08.15	01:55:10.987	0.60002				2
2024.08.15	01:55:11.974	0.60001	0.60005			6
2024.08.15	01:55:16.113	0.60002				2
2024.08.15	01:55:19.738	0.60003	0.60006			6
2024.08.15	01:55:33.145	0.60002	0.60005			6
2024.08.15	01:55:33.448	0.60001	0.60006			6
2024.08.15	01:55:34.680		0.60005			4
2024.08.15	01:55:39.671		0.60006			4
2024.08.15	01:55:40.315		0.60005			4
2024.08.15	01:55:47.956	0.60002	0.60006			6
2024.08.15	01:55:50.220	0.60003				2
2024.08.15	01:55:51.422	0.60002				2
2024.08.15	01:55:57.249	0.60003				2
2024.08.15	01:55:58.410	0.60002				2
2024.08.15	01:56:00.714	0.60002				2
2024.08.15	01:56:05.909	0.60001				2
2024.08.15	01:56:06.905	0.60002				2
2024.08.15	01:56:12.433	0.60001				2
2024.08.15	01:56:13.234	0.60002				2
2024.08.15	01:56:16.369	0.60001				2
2024.08.15	01:56:16.882	0.60002				2
2024.08.15	01:56:18.469	0.60001				2
2024.08.15	01:56:18.970	0.60002				2
2024.08.15	01:56:20.317	0.60001				2
2024.08.15	01:56:21.346	0.60002				2
2024.08.15	01:56:21.715	0.60001				2
2024.08.15	01:56:22.182	0.60002				2
2024.08.15	01:56:23.696	0.60001				2
2024.08.15	01:56:24.070	0.60002				2
2024.08.15	01:56:24.821	0.60001				2
2024.08.15	01:56:25.133	0.60002				2
2024.08.15	01:56:26.296	0.60001				2
2024.08.15	01:56:26.906	0.60002				2
2024.08.15	01:56:27.284	0.60001				2
2024.08.15	01:56:28.058	0.60002				2
2024.08.15	01:56:28.653	0.60001				2
2024.08.15	01:56:29.412	0.60002				2
2024.08.15	01:56:41.466	0.60005				2
2024.08.15	01:56:42.742	0.60002				2
2024.08.15	01:56:48.710		0.60006			4
2024.08.15	01:56:49.016	0.60004				2
2024.08.15	01:56:56.746	0.60003				2
2024.08.15	01:56:57.816	0.60002				2
2024.08.15	01:57:00.012	0.60002				2
2024.08.15	01:57:00.322		0.60005			4
2024.08.15	01:57:00.642		0.60006			4
2024.08.15	01:57:03.510	0.60005				2
2024.08.15	01:57:04.756	0.60002				2
2024.08.15	01:57:12.440		0.60005			4
2024.08.15	01:57:12.828		0.60006			4
2024.08.15	01:57:15.170	0.60003				2
2024.08.15	01:57:18.180	0.60002				2
2024.08.15	01:57:18.497	0.60003				2
2024.08.15	01:57:19.126	0.60005				2
2024.08.15	01:57:19.477	0.60002	0.60005			6
2024.08.15	01:57:28.613	0.60001	0.60004			6
2024.08.15	01:57:32.308	0.60004	0.60006			6
2024.08.15	01:57:33.323	0.60003	0.60007			6
2024.08.15	01:57:35.622	0.60005	0.60008			6
2024.08.15	01:57:40.851	0.60006				2
2024.08.15	01:57:41.154	0.60005				2
2024.08.15	01:57:50.062	0.60003				2
2024.08.15	01:58:00.056	0.60003				2
2024.08.15	01:58:06.321		0.60006			4
2024.08.15	01:58:25.478	0.60004	0.60007			6
2024.08.15	01:58:37.325	0.60003				2
2024.08.15	01:58:43.314	0.60004				2
2024.08.15	01:58:44.581	0.60003	0.60008			6
2024.08.15	01:58:50.450	0.60002				2
2024.08.15	01:58:50.768	0.60003				2
2024.08.15	01:58:54.801		0.60007			4
2024.08.15	01:58:58.334	0.60002	0.60006			6
2024.08.15	01:58:58.841	0.60003				2
2024.08.15	01:59:00.196	0.60003				2
2024.08.15	01:59:00.519	0.59998	0.60003			6
2024.08.15	01:59:00.853	0.59999				2
2024.08.15	01:59:04.472	0.59993	0.59998			6
2024.08.15	01:59:05.140	0.59994				2
2024.08.15	01:59:16.497	0.59990	0.59994			6
2024.08.15	01:59:17.251	0.59991	0.59995			6
2024.08.15	01:59:17.562	0.59990	0.59994			6
2024.08.15	01:59:20.734		0.59993			4
2024.08.15	01:59:30.157	0.59989				2
2024.08.15	01:59:30.837		0.59992			4
2024.08.15	01:59:34.658		0.59993			4
2024.08.15	01:59:35.681		0.59992			4
2024.08.15	01:59:42.180	0.59990				2
2024.08.15	01:59:57.380		0.59993			4
2024.08.15	02:00:00.303	0.59990				2
2024.08.15	02:00:06.359	0.59989				2
2024.08.15	02:00:09.333	0.59988	0.59991			6
2024.08.15	02:00:09.643		0.59993			4
2024.08.15	02:00:09.977		0.59992			4
2024.08.15	02:00:10.608		0.59993			4
2024.08.15	02:00:11.067	0.59987	0.59991			6
2024.08.15	02:00:25.125	0.59988				2
2024.08.15	02:00:28.080	0.59987				2
2024.08.15	02:00:28.402	0.59988				2
2024.08.15	02:00:31.150		0.59992			4
2024.08.15	02:00:41.370	0.59987				2
2024.08.15	02:00:45.249	0.59988				2
2024.08.15	02:01:00.198	0.59988				2
2024.08.15	02:01:03.410	0.59989				2
2024.08.15	02:01:12.283	0.59993	0.59997			6
2024.08.15	02:01:20.069	0.59996	0.60000			6
2024.08.15	02:01:21.040	0.59993	0.59997			6
2024.08.15	02:01:31.106		0.59996			4
2024.08.15	02:01:31.805		0.59997			4
2024.08.15	02:01:36.720		0.59996			4
2024.08.15	02:01:45.635		0.59995			4
2024.08.15	02:01:54.392	0.59995	0.59996			6
2024.08.15	02:01:55.425	0.59993	0.59995			6
2024.08.15	02:02:00.348	0.59993				2
2024.08.15	02:02:06.158	0.59985	0.59988			6
2024.08.15	02:02:06.464	0.59983	0.59987			6
2024.08.15	02:02:07.012	0.59984				2
2024.08.15	02:02:07.337	0.59983				2
2024.08.15	02:02:10.038	0.59984				2
2024.08.15	02:02:11.108	0.59983				2
2024.08.15	02:02:25.277	0.59984				2
2024.08.15	02:02:40.561		0.59988			4
2024.08.15	02:02:46.893	0.59985				2
2024.08.15	02:02:56.988	0.59986	0.59990			6
2024.08.15	02:02:57.319	0.59987				2
2024.08.15	02:02:57.898	0.59986				2
2024.08.15	02:02:59.133		0.59989			4
2024.08.15	02:03:00.257	0.59986				2
2024.08.15	02:03:01.718		0.59990			4
2024.08.15	02:03:02.564		0.59991			4
2024.08.15	02:03:03.226		0.59990			4
2024.08.15	02:03:10.389		0.59988			4
2024.08.15	02:03:10.701	0.59984				2
2024.08.15	02:03:12.044	0.59985				2
2024.08.15	02:03:12.348	0.59984				2
2024.08.15	02:03:16.484	0.59985	0.59989			6
2024.08.15	02:03:17.386		0.59990			4
2024.08.15	02:03:18.737		0.59989			4
2024.08.15	02:03:20.670	0.59984	0.59988			6
2024.08.15	02:03:26.915	0.59985	0.59989			6
2024.08.15	02:03:31.240	0.59984	0.59988			6
2024.08.15	02:03:41.369		0.59989			4
2024.08.15	02:03:45.659	0.59985	0.59990			6
2024.08.15	02:03:52.741	0.59984	0.59989			6
2024.08.15	02:03:55.744	0.59985				2
2024.08.15	02:04:00.200	0.59985				2
2024.08.15	02:04:18.508	0.59984				2
2024.08.15	02:04:24.249	0.59978	0.59982			6
2024.08.15	02:04:29.850	0.59979				2
2024.08.15	02:04:50.254		0.59983			4
2024.08.15	02:04:50.563		0.59982			4
2024.08.15	02:05:00.317	0.59979				2
2024.08.15	02:05:00.670		0.59981			4
2024.08.15	02:05:02.154	0.59977	0.59980			6
2024.08.15	02:05:15.547		0.59981			4
2024.08.15	02:05:23.045	0.59978				2
2024.08.15	02:05:26.911		0.59982			4
2024.08.15	02:05:28.979	0.59977	0.59981			6
2024.08.15	02:05:30.328		0.59980			4
2024.08.15	02:05:30.686	0.59976				2
2024.08.15	02:05:39.228	0.59975	0.59979			6
2024.08.15	02:05:39.915	0.59976	0.59980			6
2024.08.15	02:05:40.217	0.59977				2
2024.08.15	02:05:41.383	0.59976				2
2024.08.15	02:05:51.373		0.59979			4
2024.08.15	02:05:54.740		0.59980			4
2024.08.15	02:05:55.589		0.59979			4
2024.08.15	02:06:01.057	0.59976	0.59980			6
2024.08.15	02:06:04.196	0.59977				2
2024.08.15	02:06:10.418	0.59976				2
2024.08.15	02:06:11.110	0.59978	0.59982			6
2024.08.15	02:06:12.329	0.59977				2
2024.08.15	02:06:12.955	0.59978				2
2024.08.15	02:06:13.284	0.59980	0.59984			6
2024.08.15	02:06:14.082	0.59978	0.59983			6
2024.08.15	02:06:14.385	0.59979				2
2024.08.15	02:06:17.549	0.59978				2
2024.08.15	02:06:20.733	0.59979				2
2024.08.15	02:06:24.123	0.59978				2
2024.08.15	02:06:29.648	0.59980				2
2024.08.15	02:06:30.403		0.59984			4
2024.08.15	02:06:37.443	0.59981	0.59986			6
2024.08.15	02:06:38.078		0.59985			4
2024.08.15	02:06:41.165		0.59986			4
2024.08.15	02:06:47.368		0.59985			4
2024.08.15	02:07:00.284	0.59981				2
2024.08.15	02:07:00.636		0.59982			4
2024.08.15	02:07:00.941		0.59985			4
2024.08.15	02:07:01.324		0.59982			4
2024.08.15	02:07:01.933		0.59985			4
2024.08.15	02:07:11.108		0.59986			4
2024.08.15	02:07:14.683		0.59985			4
2024.08.15	02:07:20.843		0.59986			4
2024.08.15	02:07:22.469		0.59985			4
2024.08.15	02:07:31.080		0.59986			4
2024.08.15	02:07:51.133		0.59985			4
2024.08.15	02:08:00.022	0.59981				2
2024.08.15	02:08:49.920	0.59978	0.59981			6
2024.08.15	02:08:50.223	0.59973	0.59977			6
2024.08.15	02:08:50.529	0.59974				2
2024.08.15	02:08:50.842	0.59975	0.59980			6
2024.08.15	02:08:56.632	0.59976				2
2024.08.15	02:08:57.849		0.59981			4
2024.08.15	02:08:58.464	0.59977				2
2024.08.15	02:08:59.492	0.59978				2
2024.08.15	02:09:00.871	0.59979	0.59982			6
2024.08.15	02:09:06.688	0.59978				2
2024.08.15	02:09:07.769		0.59979			4
2024.08.15	02:09:08.079	0.59974	0.59978			6
2024.08.15	02:09:08.621	0.59975				2
2024.08.15	02:09:12.833	0.59976				2
2024.08.15	02:09:13.136	0.59975				2
2024.08.15	02:09:16.251	0.59974				2
2024.08.15	02:09:17.388	0.59975				2
2024.08.15	02:09:18.316	0.59976				2
2024.08.15	02:09:20.301	0.59975				2
2024.08.15	02:09:20.966	0.59976				2
2024.08.15	02:09:23.176	0.59975				2
2024.08.15	02:09:25.174	0.59974	0.59977			6
2024.08.15	02:09:25.503	0.59973				2
2024.08.15	02:09:28.179	0.59974	0.59978			6
2024.08.15	02:09:29.231	0.59975				2
2024.08.15	02:09:30.267	0.59974				2
2024.08.15	02:09:31.306	0.59975				2
2024.08.15	02:09:38.550	0.59974				2
2024.08.15	02:09:40.388	0.59975				2
2024.08.15	02:09:41.427	0.59974				2
2024.08.15	02:09:42.391	0.59975				2
2024.08.15	02:09:51.562	0.59974				2
2024.08.15	02:09:52.300	0.59975				2
2024.08.15	02:09:55.398	0.59974				2
2024.08.15	02:09:55.699	0.59975				2
2024.08.15	02:09:56.026	0.59974				2
2024.08.15	02:09:56.406	0.59975				2
2024.08.15	02:09:56.949	0.59974				2
2024.08.15	02:09:57.421	0.59975				2
2024.08.15	02:09:59.327	0.59974				2
2024.08.15	02:09:59.738	0.59975				2
2024.08.15	02:10:00.400	0.59974				2
2024.08.15	02:10:00.764	0.59975				2
2024.08.15	02:10:01.085	0.59974				2
2024.08.15	02:10:01.426	0.59975				2
2024.08.15	02:10:02.028	0.59974				2
2024.08.15	02:10:10.403	0.59975				2
2024.08.15	02:10:11.558	0.59974				2
2024.08.15	02:10:12.430	0.59975				2
2024.08.15	02:10:14.461	0.59974				2
2024.08.15	02:10:28.178	0.59975	0.59977			6
2024.08.15	02:10:42.994		0.59978			4
2024.08.15	02:10:46.139	0.59976				2
2024.08.15	02:10:49.279	0.59975				2
2024.08.15	02:10:57.250	0.59976				2
2024.08.15	02:10:58.387	0.59975				2
2024.08.15	02:11:00.655	0.59975				2
2024.08.15	02:11:26.420	0.59976				2
2024.08.15	02:11:27.803		0.59979			4
2024.08.15	02:11:35.884	0.59975				2
2024.08.15	02:11:36.241	0.59976				2
2024.08.15	02:11:43.896	0.59975				2
2024.08.15	02:11:44.390	0.59976				2
2024.08.15	02:11:44.891	0.59975				2
2024.08.15	02:11:45.389	0.59976				2
2024.08.15	02:11:45.796	0.59975				2
2024.08.15	02:11:46.661	0.59976				2
2024.08.15	02:11:47.370	0.59975				2
2024.08.15	02:11:48.388	0.59976				2
2024.08.15	02:11:48.995	0.59975				2
2024.08.15	02:11:49.410	0.59976				2
2024.08.15	02:11:50.924	0.59975				2
2024.08.15	02:11:51.309	0.59976				2
2024.08.15	02:11:57.085	0.59975				2
2024.08.15	02:11:57.404	0.59976				2
2024.08.15	02:11:57.934	0.59975				2
2024.08.15	02:12:00.078	0.59975				2
2024.08.15	02:12:01.446		0.59978			4
2024.08.15	02:12:11.311	0.59973	0.59977			6
2024.08.15	02:12:11.648	0.59975	0.59978			6
2024.08.15	02:12:12.016	0.59974				2
2024.08.15	02:13:00.332	0.59974				2
2024.08.15	02:13:06.513		0.59977			4
2024.08.15	02:13:08.274	0.59975				2
2024.08.15	02:13:08.580	0.59974				2
2024.08.15	02:13:09.394	0.59973				2
2024.08.15	02:13:09.707	0.59972	0.59975			6
2024.08.15	02:13:24.821	0.59973				2
2024.08.15	02:13:25.125	0.59972				2
2024.08.15	02:13:28.553	0.59971	0.59973			6
2024.08.15	02:13:48.475	0.59970	0.59972			6
2024.08.15	02:14:00.062	0.59970				2
2024.08.15	02:14:05.619	0.59968				2
2024.08.15	02:14:05.935	0.59970				2
2024.08.15	02:14:07.686	0.59969				2
2024.08.15	02:14:10.502	0.59970				2
2024.08.15	02:14:11.237	0.59963	0.59965			6
2024.08.15	02:14:12.234	0.59961	0.59964			6
2024.08.15	02:14:12.875		0.59965			4
2024.08.15	02:14:16.631		0.59964			4
2024.08.15	02:14:20.348		0.59965			4
2024.08.15	02:14:24.064	0.59962				2
2024.08.15	02:14:25.485	0.59961				2
2024.08.15	02:14:30.347	0.59962				2
2024.08.15	02:14:31.371	0.59963	0.59966			6
2024.08.15	02:14:31.690	0.59962	0.59965			6
2024.08.15	02:14:34.600	0.59961	0.59964			6
2024.08.15	02:14:35.282		0.59963			4
2024.08.15	02:14:35.592	0.59960				2
2024.08.15	02:14:38.292	0.59961				2
2024.08.15	02:14:39.331	0.59960				2
2024.08.15	02:14:45.676	0.59954	0.59959			6
2024.08.15	02:14:46.005	0.59955				2
2024.08.15	02:14:53.638	0.59957				2
2024.08.15	02:14:53.947	0.59955				2
2024.08.15	02:15:00.214	0.59955				2
2024.08.15	02:15:02.372	0.59958	0.59962			6
2024.08.15	02:15:06.358	0.59957				2
2024.08.15	02:15:07.419		0.59961			4
2024.08.15	02:15:09.254		0.59960			4
2024.08.15	02:15:14.280	0.59956	0.59959			6
2024.08.15	02:15:16.478	0.59953	0.59954			6
2024.08.15	02:15:16.783		0.59956			4
2024.08.15	02:15:18.712	0.59957	0.59961			6
2024.08.15	02:15:23.187	0.59958	0.59962			6
2024.08.15	02:15:23.501	0.59959				2
2024.08.15	02:15:29.382	0.59958				2
2024.08.15	02:15:48.675	0.59959				2
2024.08.15	02:16:00.833	0.59959				2
2024.08.15	02:16:06.899	0.59958				2
2024.08.15	02:16:07.202	0.59953	0.59956			6
2024.08.15	02:16:21.997		0.59955			4
2024.08.15	02:16:24.213	0.59950	0.59953			6
2024.08.15	02:16:24.524		0.59952			4
2024.08.15	02:16:24.937	0.59951	0.59954			6
2024.08.15	02:16:25.321	0.59952	0.59956			6
2024.08.15	02:16:32.829	0.59954				2
2024.08.15	02:16:33.134	0.59952				2
2024.08.15	02:16:35.558	0.59953				2
2024.08.15	02:16:35.872	0.59952				2
2024.08.15	02:16:39.316	0.59953	0.59957			6
2024.08.15	02:16:49.314	0.59952				2
2024.08.15	02:16:59.157	0.59953				2
2024.08.15	02:16:59.465	0.59952				2
2024.08.15	02:17:00.089	0.59952				2
2024.08.15	02:17:00.619	0.59953				2
2024.08.15	02:17:13.588		0.59956			4
2024.08.15	02:17:23.175	0.59955				2
2024.08.15	02:17:23.544	0.59953				2
2024.08.15	02:17:28.704		0.59957			4
2024.08.15	02:17:37.017		0.59956			4
2024.08.15	02:17:38.398	0.59955	0.59958			6
2024.08.15	02:17:39.891	0.59953	0.59956			6
2024.08.15	02:17:46.435		0.59955			4
2024.08.15	02:17:46.739		0.59956			4
2024.08.15	02:18:00.455	0.59953				2
2024.08.15	02:18:04.554		0.59957			4
2024.08.15	02:18:11.737	0.59949	0.59953			6
2024.08.15	02:18:12.038		0.59952			4
2024.08.15	02:18:12.749		0.59953			4
2024.08.15	02:18:13.822	0.59951	0.59954			6
2024.08.15	02:18:42.958		0.59955			4
2024.08.15	02:18:51.104	0.59952				2
2024.08.15	02:18:51.532	0.59951				2
2024.08.15	02:19:00.502	0.59951				2
2024.08.15	02:19:09.692		0.59954			4
2024.08.15	02:19:10.005	0.59950				2
2024.08.15	02:19:10.632	0.59952	0.59955			6
2024.08.15	02:19:10.944	0.59953	0.59956			6
2024.08.15	02:19:11.279	0.59952	0.59955			6
2024.08.15	02:19:12.102		0.59956			4
2024.08.15	02:19:13.742	0.59951	0.59955			6
2024.08.15	02:19:14.373		0.59956			4
2024.08.15	02:19:20.349	0.59952	0.59955			6
2024.08.15	02:19:23.283	0.59951				2
2024.08.15	02:19:25.784	0.59952				2
2024.08.15	02:19:35.195	0.59951	0.59953			6
2024.08.15	02:19:36.569		0.59955			4
2024.08.15	02:19:41.021		0.59956			4
2024.08.15	02:19:45.140		0.59954			4
2024.08.15	02:20:01.158	0.59951	0.59955			6
2024.08.15	02:20:01.465		0.59953			4
2024.08.15	02:20:05.606		0.59955			4
2024.08.15	02:20:08.679		0.59954			4
2024.08.15	02:20:11.054		0.59955			4
2024.08.15	02:20:16.622	0.59952				2
2024.08.15	02:20:21.236	0.59951	0.59954			6
2024.08.15	02:20:23.080		0.59953			4
2024.08.15	02:20:25.035	0.59950	0.59952			6
2024.08.15	02:20:25.344	0.59949				2
2024.08.15	02:20:26.333		0.59953			4
2024.08.15	02:20:26.650	0.59950	0.59954			6
2024.08.15	02:20:28.541	0.59951				2
2024.08.15	02:20:29.980	0.59950				2
2024.08.15	02:20:34.786	0.59951				2
2024.08.15	02:20:41.185	0.59950	0.59951			6
2024.08.15	02:20:41.506		0.59952			4
2024.08.15	02:20:42.634		0.59953			4
2024.08.15	02:20:59.912	0.59949	0.59951			6
2024.08.15	02:21:00.385	0.59949				2
2024.08.15	02:21:13.753	0.59950				2
2024.08.15	02:21:18.081		0.59952			4
2024.08.15	02:21:18.699		0.59951			4
2024.08.15	02:21:22.272	0.59937	0.59938			6
2024.08.15	02:21:22.581		0.59940			4
2024.08.15	02:21:22.882	0.59938	0.59942			6
2024.08.15	02:21:24.142	0.59939				2
2024.08.15	02:21:26.999		0.59943			4
2024.08.15	02:21:28.475		0.59942			4
2024.08.15	02:21:28.920		0.59943			4
2024.08.15	02:21:29.425		0.59942			4
2024.08.15	02:21:29.979		0.59943			4
2024.08.15	02:21:33.622		0.59942			4
2024.08.15	02:21:34.712		0.59943			4
2024.08.15	02:21:38.770	0.59940				2
2024.08.15	02:21:40.485	0.59938	0.59942			6
2024.08.15	02:21:41.938	0.59939	0.59943			6
2024.08.15	02:21:58.134	0.59938	0.59939			6
2024.08.15	02:21:59.665	0.59937	0.59938			6
2024.08.15	02:21:59.985	0.59934	0.59937			6
2024.08.15	02:22:00.384	0.59934				2
2024.08.15	02:22:01.039	0.59933				2
2024.08.15	02:22:01.347	0.59930	0.59932			6
2024.08.15	02:22:01.713	0.59929				2
2024.08.15	02:22:02.016	0.59930				2
2024.08.15	02:22:02.368	0.59929				2
2024.08.15	02:22:02.958	0.59927				2
2024.08.15	02:22:03.259	0.59928				2
2024.08.15	02:22:05.706	0.59929				2
2024.08.15	02:22:06.010	0.59933	0.59936			6
2024.08.15	02:22:06.327	0.59931				2
2024.08.15	02:22:06.641		0.59935			4
2024.08.15	02:22:07.347	0.59928	0.59931			6
2024.08.15	02:22:08.349	0.59932	0.59935			6
2024.08.15	02:22:08.663	0.59931	0.59934			6
2024.08.15	02:22:09.841	0.59929	0.59932			6
2024.08.15	02:22:11.362	0.59930	0.59933			6
2024.08.15	02:22:12.855	0.59931				2
2024.08.15	02:22:13.157	0.59930				2
2024.08.15	02:22:13.665		0.59934			4
2024.08.15	02:22:17.610	0.59929				2
2024.08.15	02:22:18.312		0.59933			4
2024.08.15	02:22:19.205	0.59930	0.59934			6
2024.08.15	02:22:19.506	0.59929	0.59933			6
2024.08.15	02:22:25.341	0.59928	0.59932			6
2024.08.15	02:22:29.617	0.59929				2
2024.08.15	02:22:30.280	0.59930	0.59933			6
2024.08.15	02:22:31.301	0.59929				2
2024.08.15	02:22:32.027		0.59932			4
2024.08.15	02:22:35.002	0.59930				2
2024.08.15	02:22:38.030		0.59934			4
2024.08.15	02:22:41.861		0.59931			4
2024.08.15	02:22:42.169		0.59933			4
2024.08.15	02:22:42.515		0.59934			4
2024.08.15	02:22:44.928		0.59933			4
2024.08.15	02:22:45.374		0.59934			4
2024.08.15	02:23:00.165	0.59930				2
2024.08.15	02:23:01.208		0.59933			4
2024.08.15	02:23:07.979	0.59928	0.59930			6
2024.08.15	02:23:17.920		0.59931			4
2024.08.15	02:23:19.634	0.59929	0.59932			6
2024.08.15	02:23:19.939		0.59931			4
2024.08.15	02:23:21.295		0.59933			4
2024.08.15	02:23:21.632		0.59934			4
2024.08.15	02:23:24.922		0.59933			4
2024.08.15	02:23:36.613	0.59928				2
2024.08.15	02:23:41.509	0.59929				2
2024.08.15	02:23:50.946	0.59931	0.59935			6
2024.08.15	02:23:59.447	0.59934	0.59938			6
2024.08.15	02:24:00.133	0.59935	0.59939			6
2024.08.15	02:24:00.442		0.59940			4
2024.08.15	02:24:01.262		0.59939			4
2024.08.15	02:24:03.659		0.59940			4
2024.08.15	02:24:10.814	0.59937	0.59941			6
2024.08.15	02:24:21.327	0.59938				2
2024.08.15	02:24:24.648	0.59937				2
2024.08.15	02:24:36.675	0.59938	0.59942			6
2024.08.15	02:24:36.993		0.59943			4
2024.08.15	02:24:45.391	0.59940				2
2024.08.15	02:24:45.944		0.59944			4
2024.08.15	02:24:47.638	0.59941				2
2024.08.15	02:24:56.344		0.59945			4
2024.08.15	02:25:00.370	0.59941				2
2024.08.15	02:25:24.349		0.59946			4
2024.08.15	02:25:30.954		0.59945			4
2024.08.15	02:25:31.379		0.59946			4
2024.08.15	02:25:36.019		0.59945			4
2024.08.15	02:25:36.322	0.59942	0.59946			6
2024.08.15	02:25:44.761		0.59945			4
2024.08.15	02:26:00.309	0.59942				2
2024.08.15	02:26:01.148	0.59941				2
2024.08.15	02:26:08.891		0.59943			4
2024.08.15	02:26:09.241		0.59944			4
2024.08.15	02:26:24.207	0.59940	0.59942			6
2024.08.15	02:26:44.182	0.59939	0.59941			6
2024.08.15	02:27:03.946	0.59939	0.59943			6
2024.08.15	02:27:04.429		0.59942			4
2024.08.15	02:27:11.150	0.59938				2
2024.08.15	02:27:17.576		0.59943			4
2024.08.15	02:27:17.884	0.59939				2
2024.08.15	02:27:41.720		0.59942			4
2024.08.15	02:27:43.998		0.59943			4
2024.08.15	02:27:45.436	0.59938	0.59942			6
2024.08.15	02:27:52.846	0.59939				2
2024.08.15	02:27:53.146	0.59938				2
2024.08.15	02:27:57.781		0.59941			4
2024.08.15	02:27:58.083	0.59939	0.59942			6
2024.08.15	02:27:58.945		0.59943			4
2024.08.15	02:28:00.462	0.59940				2
2024.08.15	02:28:06.001	0.59939				2
2024.08.15	02:28:06.303		0.59941			4
2024.08.15	02:28:44.315		0.59943			4
2024.08.15	02:28:44.718	0.59940				2
2024.08.15	02:28:46.535	0.59939	0.59942			6
2024.08.15	02:29:00.517	0.59939				2
2024.08.15	02:29:06.741		0.59943			4
2024.08.15	02:29:37.630	0.59941	0.59944			6
2024.08.15	02:29:59.018	0.59947	0.59950			6
2024.08.15	02:29:59.322		0.59951			4
2024.08.15	02:30:00.231	0.59947	0.59949			6
2024.08.15	02:30:00.554		0.59950			4
2024.08.15	02:30:20.461	0.59946				2
2024.08.15	02:30:24.602	0.59942	0.59946			6
2024.08.15	02:30:25.013		0.59947			4
2024.08.15	02:30:25.331		0.59946			4
2024.08.15	02:30:26.639		0.59947			4
2024.08.15	02:30:45.903	0.59943				2
2024.08.15	02:30:58.880	0.59939	0.59941			6
2024.08.15	02:30:59.186		0.59942			4
2024.08.15	02:30:59.858	0.59938				2
2024.08.15	02:31:00.340	0.59939				2
2024.08.15	02:31:02.009	0.59938				2
2024.08.15	02:31:04.568	0.59941	0.59945			6
2024.08.15	02:31:05.961		0.59946			4
2024.08.15	02:31:11.369	0.59942	0.59947			6
2024.08.15	02:31:28.334	0.59947	0.59950			6
2024.08.15	02:31:28.646	0.59948	0.59949			6
2024.08.15	02:31:31.593		0.59951			4
2024.08.15	02:31:42.045	0.59947				2
2024.08.15	02:31:42.355	0.59945	0.59949			6
2024.08.15	02:31:53.888	0.59944	0.59946			6
2024.08.15	02:31:54.195		0.59945			4
2024.08.15	02:31:57.344	0.59942				2
2024.08.15	02:31:58.605		0.59946			4
2024.08.15	02:32:00.372	0.59942				2
2024.08.15	02:32:07.694	0.59940	0.59943			6
2024.08.15	02:32:10.187	0.59938	0.59941			6
2024.08.15	02:32:10.505		0.59940			4
2024.08.15	02:32:10.843		0.59941			4
2024.08.15	02:32:15.433		0.59942			4
2024.08.15	02:32:16.419		0.59941			4
2024.08.15	02:32:54.110	0.59944	0.59948			6
2024.08.15	02:32:56.883		0.59947			4
2024.08.15	02:32:58.534		0.59948			4
2024.08.15	02:32:59.299		0.59947			4
2024.08.15	02:33:00.337	0.59944				2
2024.08.15	02:33:06.065	0.59943				2
2024.08.15	02:33:11.200	0.59942				2
2024.08.15	02:33:12.745	0.59943				2
2024.08.15	02:33:22.492		0.59948			4
2024.08.15	02:33:28.232	0.59944				2
2024.08.15	02:33:29.082	0.59946	0.59951			6
2024.08.15	02:33:29.436	0.59947				2
2024.08.15	02:33:29.963	0.59946				2
2024.08.15	02:33:30.380	0.59947				2
2024.08.15	02:33:41.196	0.59945	0.59948			6
2024.08.15	02:33:41.647	0.59943	0.59947			6
2024.08.15	02:33:43.697	0.59944	0.59948			6
2024.08.15	02:33:44.861	0.59943	0.59947			6
2024.08.15	02:33:50.402	0.59944	0.59948			6
2024.08.15	02:34:00.173	0.59944				2
2024.08.15	02:34:16.383	0.59946	0.59949			6
2024.08.15	02:34:29.569	0.59945	0.59948			6
2024.08.15	02:34:35.222	0.59946				2
2024.08.15	02:34:35.521	0.59945				2
2024.08.15	02:34:37.655	0.59946				2
2024.08.15	02:34:37.958	0.59945				2
2024.08.15	02:34:48.923	0.59944	0.59947			6
2024.08.15	02:34:49.349	0.59945	0.59948			6
2024.08.15	02:34:50.372	0.59948	0.59951			6
2024.08.15	02:34:50.700	0.59949	0.59952			6
2024.08.15	02:35:00.181	0.59949				2
2024.08.15	02:35:07.637	0.59950	0.59955			6
2024.08.15	02:35:07.942	0.59954	0.59960			6
2024.08.15	02:35:08.588		0.59958			4
2024.08.15	02:35:17.580	0.59955				2
2024.08.15	02:35:24.730		0.59960			4
2024.08.15	02:35:27.154		0.59959			4
2024.08.15	02:35:27.711		0.59958			4
2024.08.15	02:35:29.191	0.59956	0.59961			6
2024.08.15	02:35:29.529		0.59960			4
2024.08.15	02:35:30.167		0.59959			4
2024.08.15	02:35:33.096		0.59960			4
2024.08.15	02:35:34.797		0.59959			4
2024.08.15	02:35:40.601	0.59966	0.59969			6
2024.08.15	02:35:41.235	0.59965	0.59968			6
2024.08.15	02:35:52.966	0.59966				2
2024.08.15	02:35:53.788	0.59965				2
2024.08.15	02:35:57.916		0.59969			4
2024.08.15	02:35:58.585		0.59967			4
2024.08.15	02:36:00.413	0.59965				2
2024.08.15	02:36:00.749		0.59968			4
2024.08.15	02:36:23.898	0.59969	0.59972			6
2024.08.15	02:36:25.133	0.59968				2
2024.08.15	02:36:27.055	0.59969	0.59975			6
2024.08.15	02:36:28.403		0.59972			4
2024.08.15	02:36:32.598	0.59968				2
2024.08.15	02:36:33.347	0.59969				2
2024.08.15	02:36:33.655	0.59968				2
2024.08.15	02:36:54.383	0.59969				2
2024.08.15	02:36:54.725	0.59968				2
2024.08.15	02:36:59.135		0.59971			4
2024.08.15	02:36:59.527		0.59972			4
2024.08.15	02:37:00.275	0.59968				2
2024.08.15	02:37:05.972	0.59969				2
2024.08.15	02:37:12.125	0.59967	0.59969			6
2024.08.15	02:37:15.749		0.59971			4
2024.08.15	02:37:20.691	0.59966				2
2024.08.15	02:37:30.245		0.59970			4
2024.08.15	02:37:30.579		0.59971			4
2024.08.15	02:37:35.184	0.59963	0.59968			6
2024.08.15	02:37:35.537	0.59964				2
2024.08.15	02:37:39.655	0.59965	0.59970			6
2024.08.15	02:37:40.613	0.59966	0.59971			6
2024.08.15	02:37:49.197		0.59970			4
2024.08.15	02:37:49.940	0.59965	0.59969			6
2024.08.15	02:37:50.368		0.59970			4
2024.08.15	02:37:55.447		0.59969			4
2024.08.15	02:37:55.779		0.59968			4
2024.08.15	02:38:03.689	0.59965				2
2024.08.15	02:38:04.031		0.59966			4
2024.08.15	02:38:04.336		0.59968			4
2024.08.15	02:38:08.423		0.59970			4
2024.08.15	02:38:21.950	0.59966	0.59971			6
2024.08.15	02:38:22.330		0.59970			4
2024.08.15	02:38:26.963		0.59971			4
2024.08.15	02:38:27.620	0.59965	0.59969			6
2024.08.15	02:38:28.406		0.59970			4
2024.08.15	02:38:43.781		0.59971			4
2024.08.15	02:38:45.195		0.59970			4
2024.08.15	02:38:46.589		0.59969			4
2024.08.15	02:38:47.003		0.59970			4
2024.08.15	02:38:47.337		0.59969			4
2024.08.15	02:38:48.259		0.59970			4
2024.08.15	02:38:54.177		0.59969			4
2024.08.15	02:38:54.833		0.59970			4
2024.08.15	02:38:56.303		0.59969			4
2024.08.15	02:38:56.691		0.59967			4
2024.08.15	02:38:57.112	0.59964	0.59965			6
2024.08.15	02:39:00.368	0.59964				2
2024.08.15	02:39:06.526		0.59968			4
2024.08.15	02:39:10.600	0.59965	0.59970			6
2024.08.15	02:39:14.081	0.59966				2
2024.08.15	02:39:32.749		0.59971			4
2024.08.15	02:39:33.056		0.59970			4
2024.08.15	02:39:33.398		0.59971			4
2024.08.15	02:39:34.835		0.59970			4
2024.08.15	02:39:43.282		0.59969			4
2024.08.15	02:39:43.682		0.59970			4
2024.08.15	02:39:51.254	0.59968	0.59972			6
2024.08.15	02:39:52.370	0.59967				2
2024.08.15	02:39:57.214	0.59968				2
2024.08.15	02:40:00.263	0.59968				2
2024.08.15	02:40:08.452	0.59970	0.59973			6
2024.08.15	02:40:08.764	0.59971	0.59975			6
2024.08.15	02:40:19.940	0.59970				2
2024.08.15	02:40:22.429	0.59968	0.59971			6
2024.08.15	02:40:24.592		0.59973			4
2024.08.15	02:40:42.424	0.59969	0.59975			6
2024.08.15	02:40:42.728		0.59974			4
2024.08.15	02:40:43.643		0.59973			4
2024.08.15	02:40:46.045		0.59974			4
2024.08.15	02:40:46.350	0.59970	0.59975			6
2024.08.15	02:40:46.662	0.59971	0.59976			6
2024.08.15	02:40:49.541	0.59972	0.59977			6
2024.08.15	02:40:51.709	0.59970	0.59975			6
2024.08.15	02:40:52.012	0.59969	0.59973			6
2024.08.15	02:40:58.285		0.59974			4
2024.08.15	02:41:00.352	0.59969				2
2024.08.15	02:41:01.711		0.59973			4
2024.08.15	02:41:18.370		0.59975			4
2024.08.15	02:41:18.672		0.59974			4
2024.08.15	02:41:20.674		0.59972			4
2024.08.15	02:41:20.982	0.59971	0.59976			6
2024.08.15	02:41:21.283	0.59976	0.59981			6
2024.08.15	02:41:50.080		0.59982			4
2024.08.15	02:41:51.009		0.59981			4
2024.08.15	02:41:51.364		0.59982			4
2024.08.15	02:41:55.190		0.59981			4
2024.08.15	02:42:00.090	0.59976				2
2024.08.15	02:42:01.197		0.59978			4
2024.08.15	02:42:01.502		0.59979			4
2024.08.15	02:42:01.951		0.59980			4
2024.08.15	02:42:02.321		0.59979			4
2024.08.15	02:42:11.591		0.59981			4
2024.08.15	02:42:28.206	0.59978	0.59983			6
2024.08.15	02:42:28.536	0.59980	0.59984			6
2024.08.15	02:42:29.687		0.59983			4
2024.08.15	02:42:34.751	0.59979				2
2024.08.15	02:42:35.599		0.59984			4
2024.08.15	02:42:42.351		0.59982			4
2024.08.15	02:42:43.228		0.59984			4
2024.08.15	02:43:00.129	0.59979				2
2024.08.15	02:43:07.022	0.59968	0.59972			6
2024.08.15	02:43:07.980	0.59967	0.59971			6
2024.08.15	02:43:09.205		0.59970			4
2024.08.15	02:43:10.093	0.59968	0.59972			6
2024.08.15	02:43:46.702	0.59967				2
2024.08.15	02:43:50.854	0.59968				2
2024.08.15	02:44:00.205	0.59968				2
2024.08.15	02:44:02.261	0.59969				2
2024.08.15	02:44:02.575	0.59968				2
2024.08.15	02:44:10.399		0.59972			4
2024.08.15	02:44:11.764		0.59973			4
2024.08.15	02:44:14.075	0.59969				2
2024.08.15	02:44:16.493	0.59968	0.59972			6
2024.08.15	02:44:24.477		0.59973			4
2024.08.15	02:44:26.550	0.59969				2
2024.08.15	02:44:35.113	0.59974	0.59978			6
2024.08.15	02:44:35.423		0.59977			4
2024.08.15	02:44:39.606		0.59978			4
2024.08.15	02:44:42.170		0.59977			4
2024.08.15	02:44:45.733		0.59978			4
2024.08.15	02:44:50.785		0.59977			4
2024.08.15	02:45:00.461	0.59974				2
2024.08.15	02:45:00.964	0.59976	0.59981			6
2024.08.15	02:45:01.594		0.59979			4
2024.08.15	02:45:04.518	0.59978	0.59982			6
2024.08.15	02:45:07.387		0.59980			4
2024.08.15	02:45:08.318	0.59979				2
2024.08.15	02:45:08.670		0.59981			4
2024.08.15	02:45:14.941		0.59980			4
2024.08.15	02:45:21.009	0.59978				2
2024.08.15	02:46:00.056	0.59978				2
2024.08.15	02:46:02.040	0.59976	0.59978			6
2024.08.15	02:46:02.342	0.59973	0.59976			6
2024.08.15	02:46:02.696		0.59977			4
2024.08.15	02:46:19.771	0.59974				2
2024.08.15	02:46:20.082	0.59982	0.59985			6
2024.08.15	02:46:24.116	0.59989	0.59992			6
2024.08.15	02:46:24.421	0.59990	0.59993			6
2024.08.15	02:46:37.216	0.59987	0.59990			6
2024.08.15	02:46:37.609	0.59988	0.59992			6
2024.08.15	02:46:37.936	0.59989	0.59993			6
2024.08.15	02:46:38.244	0.59990	0.59992			6
2024.08.15	02:46:44.885		0.59993			4
2024.08.15	02:46:52.178	0.59991	0.59994			6
2024.08.15	02:47:00.075	0.59991				2
2024.08.15	02:47:01.933		0.59995			4
2024.08.15	02:47:06.557		0.59994			4
2024.08.15	02:47:07.209	0.59990	0.59993			6
2024.08.15	02:47:09.167	0.59989				2
2024.08.15	02:47:11.300		0.59992			4
2024.08.15	02:47:12.412		0.59993			4
2024.08.15	02:47:24.728	0.59988	0.59992			6
2024.08.15	02:47:36.349	0.59989	0.59993			6
2024.08.15	02:47:38.315	0.59990				2
2024.08.15	02:47:39.623	0.59988				2
2024.08.15	02:47:47.377	0.59989				2
2024.08.15	02:47:55.216	0.59988	0.59992			6
2024.08.15	02:48:01.326	0.59988				2
2024.08.15	02:48:24.721	0.59991	0.59994			6
2024.08.15	02:48:38.702	0.59990	0.59993			6
2024.08.15	02:48:44.337		0.59994			4
2024.08.15	02:49:03.316	0.59990				2
2024.08.15	02:49:07.463		0.59991			4
2024.08.15	02:49:35.474	0.59989				2
2024.08.15	02:49:38.585		0.59993			4
2024.08.15	02:49:39.438		0.59991			4
2024.08.15	02:50:00.277	0.59989				2
2024.08.15	02:50:02.344	0.59984	0.59988			6
2024.08.15	02:50:02.663	0.59983	0.59986			6
2024.08.15	02:50:02.966	0.59984	0.59987			6
2024.08.15	02:50:03.273	0.59985	0.59988			6
2024.08.15	02:50:03.582	0.59987	0.59991			6
2024.08.15	02:50:03.883		0.59992			4
2024.08.15	02:50:07.320	0.59986	0.59990			6
2024.08.15	02:50:10.022	0.59987	0.59992			6
2024.08.15	02:50:10.323	0.59988				2
2024.08.15	02:50:12.821	0.59989	0.59994			6
2024.08.15	02:50:13.559	0.59994	0.59998			6
2024.08.15	02:50:14.339	0.59995				2
2024.08.15	02:50:15.303	0.59992	0.59996			6
2024.08.15	02:50:15.623		0.59995			4
2024.08.15	02:50:18.792	0.59991	0.59994			6
2024.08.15	02:50:22.515	0.59988	0.59992			6
2024.08.15	02:50:43.198	0.59991	0.59994			6
2024.08.15	02:50:52.794		0.59995			4
2024.08.15	02:50:55.748		0.59996			4
2024.08.15	02:50:56.713		0.59995			4
2024.08.15	02:50:58.380		0.59996			4
2024.08.15	02:50:59.426		0.59995			4
2024.08.15	02:51:00.370	0.59991				2
2024.08.15	02:51:01.016	0.59992				2
2024.08.15	02:51:01.404	0.59991	0.59993			6
2024.08.15	02:51:06.117	0.59992				2
2024.08.15	02:51:10.612		0.59994			4
2024.08.15	02:51:11.565		0.59995			4
2024.08.15	02:51:12.708	0.59996	0.59998			6
2024.08.15	02:51:13.017	0.59998	0.60002			6
2024.08.15	02:51:13.373		0.60001			4
2024.08.15	02:51:17.301	0.59996	0.60000			6
2024.08.15	02:51:17.607		0.59999			4
2024.08.15	02:51:19.600		0.60000			4
2024.08.15	02:51:20.390		0.59999			4
2024.08.15	02:51:23.248		0.60000			4
2024.08.15	02:51:25.242		0.59999			4
2024.08.15	02:51:27.328		0.60000			4
2024.08.15	02:51:28.374		0.59999			4
2024.08.15	02:51:30.156		0.60000			4
2024.08.15	02:51:31.149		0.59999			4
2024.08.15	02:51:38.584		0.59998			4
2024.08.15	02:52:00.253	0.59996				2
2024.08.15	02:52:39.390		0.59998			4
2024.08.15	02:52:39.744		0.60000			4
2024.08.15	02:52:40.228	0.60001	0.60004			6
2024.08.15	02:52:42.100	0.60004	0.60006			6
2024.08.15	02:52:42.403		0.60007			4
2024.08.15	02:52:43.863	0.60002	0.60004			6
2024.08.15	02:53:00.798	0.60003	0.60006			6
2024.08.15	02:53:01.106		0.60007			4
2024.08.15	02:53:05.602	0.60001	0.60004			6
2024.08.15	02:53:06.603		0.60005			4
2024.08.15	02:53:06.908	0.60003	0.60007			6
2024.08.15	02:53:09.763		0.60008			4
2024.08.15	02:53:11.963		0.60007			4
2024.08.15	02:53:13.630	0.60002				2
2024.08.15	02:53:13.938	0.60003				2
2024.08.15	02:53:24.825		0.60006			4
2024.08.15	02:53:25.126		0.60007			4
2024.08.15	02:53:27.614	0.60002	0.60005			6
2024.08.15	02:53:27.921	0.59999	0.60002			6
2024.08.15	02:53:28.724	0.59998				2
2024.08.15	02:53:44.300	0.59995	0.59998			6
2024.08.15	02:53:44.662	0.59994				2
2024.08.15	02:53:44.966		0.59997			4
2024.08.15	02:53:46.665		0.59996			4
2024.08.15	02:53:46.969	0.59993	0.59997			6
2024.08.15	02:53:48.339		0.59998			4
2024.08.15	02:53:48.645		0.59997			4
2024.08.15	02:53:52.173	0.59994				2
2024.08.15	02:53:54.995		0.59998			4
2024.08.15	02:53:56.242		0.59997			4
2024.08.15	02:54:00.939	0.59994				2
2024.08.15	02:54:07.179	0.59995	0.59998			6
2024.08.15	02:54:07.862		0.59999			4
2024.08.15	02:54:15.202	0.59999	0.60002			6
2024.08.15	02:54:20.438	0.59998				2
2024.08.15	02:54:21.902		0.60001			4
2024.08.15	02:54:25.750	0.59997	0.60000			6
2024.08.15	02:54:26.800	0.59996	0.59999			6
2024.08.15	02:54:27.347		0.60000			4
2024.08.15	02:54:28.056		0.59999			4
2024.08.15	02:54:30.405		0.59997			4
2024.08.15	02:54:30.731		0.59999			4
2024.08.15	02:54:31.536		0.60000			4
2024.08.15	02:54:31.854		0.59999			4
2024.08.15	02:54:35.111	0.60002	0.60005			6
2024.08.15	02:54:35.437	0.60000	0.60003			6
2024.08.15	02:54:35.759		0.60004			4
2024.08.15	02:54:39.489		0.60005			4
2024.08.15	02:54:40.561	0.60002				2
2024.08.15	02:54:40.865	0.60000				2
2024.08.15	02:54:43.023	0.60001				2
2024.08.15	02:54:45.570	0.60003	0.60007			6
2024.08.15	02:54:48.618		0.60006			4
2024.08.15	02:54:56.216	0.59998	0.60002			6
2024.08.15	02:55:00.424	0.59998	0.60001			6
2024.08.15	02:55:05.411		0.60000			4
2024.08.15	02:55:12.144	0.59996	0.59998			6
2024.08.15	02:55:12.464	0.59995	0.59999			6
2024.08.15	02:55:13.286	0.59996				2
2024.08.15	02:55:15.074	0.59995	0.59998			6
2024.08.15	02:55:21.008	0.59989	0.59992			6
2024.08.15	02:55:21.314	0.59987	0.59989			6
2024.08.15	02:55:21.624	0.59985	0.59988			6
2024.08.15	02:55:22.235	0.59986	0.59989			6
2024.08.15	02:55:22.603		0.59988			4
2024.08.15	02:55:23.182		0.59989			4
2024.08.15	02:55:25.080	0.59985	0.59988			6
2024.08.15	02:55:25.494	0.59984	0.59987			6
2024.08.15	02:55:25.811		0.59986			4
2024.08.15	02:55:31.367		0.59987			4
2024.08.15	02:55:33.784	0.59986	0.59988			6
2024.08.15	02:55:36.218	0.59987	0.59990			6
2024.08.15	02:55:36.625		0.59989			4
2024.08.15	02:55:37.139		0.59990			4
2024.08.15	02:55:38.380		0.59989			4
2024.08.15	02:55:38.879	0.59988	0.59993			6
2024.08.15	02:55:41.080	0.59989				2
2024.08.15	02:55:41.382	0.59990	0.59992			6
2024.08.15	02:55:41.689	0.59991	0.59995			6
2024.08.15	02:55:42.078	0.59990	0.59993			6
2024.08.15	02:55:42.395	0.59989	0.59992			6
2024.08.15	02:55:46.112	0.59984	0.59988			6
2024.08.15	02:55:46.423	0.59988	0.59992			6
2024.08.15	02:55:46.732	0.59987	0.59991			6
2024.08.15	02:55:47.577	0.59988				2
2024.08.15	02:55:52.155		0.59992			4
2024.08.15	02:55:56.033	0.59989				2
2024.08.15	02:55:56.804	0.60003	0.60006			6
2024.08.15	02:55:57.107	0.60002	0.60003			6
2024.08.15	02:55:57.408	0.60004	0.60008			6
2024.08.15	02:56:00.322	0.60004				2
2024.08.15	02:56:01.989		0.60007			4
2024.08.15	02:56:02.372		0.60006			4
2024.08.15	02:56:03.807	0.60007	0.60008			6
2024.08.15	02:56:04.848	0.60006	0.60007			6
2024.08.15	02:56:05.182		0.60008			4
2024.08.15	02:56:05.762		0.60007			4
2024.08.15	02:56:07.016		0.60008			4
2024.08.15	02:56:07.401		0.60009			4
2024.08.15	02:56:09.787		0.60008			4
2024.08.15	02:56:12.623	0.60001	0.60002			6
2024.08.15	02:56:16.205	0.60000				2
2024.08.15	02:56:19.862	0.59996	0.60000			6
2024.08.15	02:56:21.783	0.59992	0.59996			6
2024.08.15	02:56:22.379		0.59995			4
2024.08.15	02:56:25.604	0.59987	0.59991			6
2024.08.15	02:56:26.153	0.59989	0.59993			6
2024.08.15	02:56:27.554	0.59992	0.59994			6
2024.08.15	02:56:27.862		0.59996			4
2024.08.15	02:56:29.747		0.59995			4
2024.08.15	02:56:35.749	0.59991				2
2024.08.15	02:56:43.514	0.59992				2
2024.08.15	02:56:45.247		0.59996			4
2024.08.15	02:56:47.236	0.59984	0.59988			6
2024.08.15	02:56:47.541	0.59987	0.59989			6
2024.08.15	02:56:47.858	0.59986	0.59990			6
2024.08.15	02:56:48.183	0.59985	0.59989			6
2024.08.15	02:56:49.484		0.59988			4
2024.08.15	02:56:53.442	0.59982	0.59985			6
2024.08.15	02:56:53.752	0.59981				2
2024.08.15	02:56:54.533	0.59982				2
2024.08.15	02:56:56.391	0.59983	0.59986			6
2024.08.15	02:56:56.705		0.59987			4
2024.08.15	02:56:58.761	0.59987	0.59990			6
2024.08.15	02:56:59.113	0.59984	0.59988			6
2024.08.15	02:57:00.272	0.59984				2
2024.08.15	02:57:02.584	0.59986	0.59990			6
2024.08.15	02:57:02.897	0.59987	0.59991			6
2024.08.15	02:57:06.970		0.59989			4
2024.08.15	02:57:08.244	0.59986				2
2024.08.15	02:57:17.032	0.59983	0.59987			6
2024.08.15	02:57:17.388		0.59986			4
2024.08.15	02:57:17.701	0.59981	0.59985			6
2024.08.15	02:57:18.381	0.59982				2
2024.08.15	02:57:21.127	0.59983	0.59986			6
2024.08.15	02:57:30.111		0.59987			4
2024.08.15	02:57:32.292	0.59982				2
2024.08.15	02:57:34.536	0.59985	0.59990			6
2024.08.15	02:57:34.839	0.59986				2
2024.08.15	02:57:36.208	0.59985				2
2024.08.15	02:57:41.663		0.59989			4
2024.08.15	02:57:42.314	0.59987				2
2024.08.15	02:57:42.768	0.59985				2
2024.08.15	02:57:43.838	0.59984				2
2024.08.15	02:57:47.127	0.59987	0.59991			6
2024.08.15	02:57:47.442	0.59998	0.60001			6
2024.08.15	02:57:48.141		0.60002			4
2024.08.15	02:57:48.443	0.59997				2
2024.08.15	02:57:50.468	0.59998				2
2024.08.15	02:57:51.384	0.59997				2
2024.08.15	02:57:54.959	0.59998				2
2024.08.15	02:57:55.439	0.59997				2
2024.08.15	02:57:56.682	0.59998				2
2024.08.15	02:57:57.408	0.59997				2
2024.08.15	02:57:58.509	0.59998				2
2024.08.15	02:58:00.283	0.59998				2
2024.08.15	02:58:00.805	0.59997				2
2024.08.15	02:58:01.220	0.59994	0.59999			6
2024.08.15	02:58:02.270		0.59998			4
2024.08.15	02:58:12.637	0.59995				2
2024.08.15	02:58:14.146	0.59988	0.59991			6
2024.08.15	02:58:14.448	0.59986	0.59990			6
2024.08.15	02:58:14.847	0.59987				2
2024.08.15	02:58:15.967	0.59986				2
2024.08.15	02:58:20.686	0.59987				2
2024.08.15	02:58:20.997		0.59991			4
2024.08.15	02:58:29.420	0.59985	0.59988			6
2024.08.15	02:58:30.470		0.59990			4
2024.08.15	02:58:31.171		0.59988			4
2024.08.15	02:58:31.508		0.59990			4
2024.08.15	02:58:35.141		0.59991			4
2024.08.15	02:58:39.441	0.59986				2
2024.08.15	02:58:39.743	0.59985	0.59989			6
2024.08.15	02:58:40.259	0.59988	0.59992			6
2024.08.15	02:58:41.530	0.59992	0.59995			6
2024.08.15	02:58:42.235	0.59991				2
2024.08.15	02:58:43.330	0.59988	0.59992			6
2024.08.15	02:58:43.643	0.59987	0.59991			6
2024.08.15	02:58:54.202	0.59986	0.59990			6
2024.08.15	02:58:54.512		0.59991			4
2024.08.15	02:58:54.838	0.59987				2
2024.08.15	02:58:57.731	0.59986	0.59989			6
2024.08.15	02:58:58.050	0.59987	0.59991			6
2024.08.15	02:58:59.665	0.59989				2
2024.08.15	02:59:00.054	0.59989				2
2024.08.15	02:59:06.953		0.59990			4
2024.08.15	02:59:07.263	0.59985				2
2024.08.15	02:59:07.792		0.59989			4
2024.08.15	02:59:11.956	0.59986	0.59990			6
2024.08.15	02:59:12.263	0.59985				2
2024.08.15	02:59:15.054		0.59989			4
2024.08.15	02:59:18.028		0.59990			4
2024.08.15	02:59:20.275	0.59986				2
2024.08.15	02:59:20.605	0.59988	0.59992			6
2024.08.15	02:59:20.929	0.59987				2
2024.08.15	02:59:25.288		0.59991			4
2024.08.15	02:59:32.301	0.59984	0.59988			6
2024.08.15	02:59:39.201	0.59982	0.59986			6
2024.08.15	02:59:40.584		0.59987			4
2024.08.15	02:59:43.373	0.59983				2
2024.08.15	02:59:43.684	0.59978	0.59982			6
2024.08.15	02:59:48.933	0.59977	0.59981			6
2024.08.15	02:59:51.430	0.59978	0.59982			6
2024.08.15	02:59:51.743	0.59981	0.59985			6
2024.08.15	02:59:54.358	0.59980				2
2024.08.15	02:59:54.685	0.59979	0.59983			6
2024.08.15	02:59:55.116		0.59984			4
2024.08.15	02:59:55.577		0.59983			4
2024.08.15	02:59:57.353		0.59984			4
2024.08.15	02:59:57.673	0.59980	0.59985			6
2024.08.15	02:59:58.612		0.59984			4
2024.08.15	03:00:00.304	0.59980				2
2024.08.15	03:00:00.621	0.59985	0.59988			6
2024.08.15	03:00:01.231	0.59983				2
2024.08.15	03:00:01.598	0.59987	0.59990			6
2024.08.15	03:00:03.509	0.59986	0.59989			6
2024.08.15	03:00:03.836	0.59985				2
2024.08.15	03:00:05.610	0.59984				2
2024.08.15	03:00:06.014	0.59985				2
2024.08.15	03:00:06.734	0.59984	0.59988			6
2024.08.15	03:00:07.059	0.59983	0.59986			6
2024.08.15	03:00:07.362	0.59986	0.59990			6
2024.08.15	03:00:07.682	0.59984	0.59988			6
2024.08.15	03:00:08.833		0.59987			4
2024.08.15	03:00:09.142	0.59983				2
2024.08.15	03:00:10.147		0.59988			4
2024.08.15	03:00:10.462	0.59984				2
2024.08.15	03:00:13.430	0.59985				2
2024.08.15	03:00:13.744	0.59983	0.59986			6
2024.08.15	03:00:15.600	0.59985	0.59989			6
2024.08.15	03:00:16.883	0.59983	0.59987			6
2024.08.15	03:00:18.045		0.59986			4
2024.08.15	03:00:18.364	0.59982				2
2024.08.15	03:00:19.454	0.59983				2
2024.08.15	03:00:19.756	0.59982				2
2024.08.15	03:00:20.424	0.59985	0.59988			6
2024.08.15	03:00:20.736	0.59984				2
2024.08.15	03:00:21.783	0.59985				2
2024.08.15	03:00:22.087	0.59984				2
2024.08.15	03:00:23.527	0.59985				2
2024.08.15	03:00:23.842		0.59989			4
2024.08.15	03:00:24.446	0.59984	0.59988			6
2024.08.15	03:00:28.241	0.59983	0.59987			6
2024.08.15	03:00:28.557	0.59984				2
2024.08.15	03:00:28.928	0.59983				2
2024.08.15	03:00:29.408	0.59984				2
2024.08.15	03:00:31.452		0.59988			4
2024.08.15	03:00:40.361	0.59985				2
2024.08.15	03:00:40.667	0.59984				2
2024.08.15	03:00:42.032	0.59985				2
2024.08.15	03:00:42.462	0.59986	0.59989			6
2024.08.15	03:00:42.765	0.59984	0.59988			6
2024.08.15	03:00:43.452	0.59985	0.59989			6
2024.08.15	03:00:43.784		0.59988			4
2024.08.15	03:00:44.105	0.59984				2
2024.08.15	03:00:44.976	0.59991	0.59995			6
2024.08.15	03:00:47.369		0.59994			4
2024.08.15	03:00:48.829		0.59995			4
2024.08.15	03:00:49.131	0.59990	0.59994			6
2024.08.15	03:00:54.207		0.59992			4
2024.08.15	03:01:00.227	0.59990				2
2024.08.15	03:01:03.553	0.59991	0.59995			6
2024.08.15	03:01:04.186		0.59994			4
2024.08.15	03:01:06.724	0.59990				2
2024.08.15	03:01:08.372	0.59991				2
2024.08.15	03:01:09.428	0.59990				2
2024.08.15	03:01:10.252	0.59994	0.59997			6
2024.08.15	03:01:11.072	0.59993	0.59996			6
2024.08.15	03:01:12.733	0.59994				2
2024.08.15	03:01:13.496	0.59993				2
2024.08.15	03:01:14.534	0.59994	0.59995			6
2024.08.15	03:01:14.935	0.59993				2
2024.08.15	03:01:15.237	0.59994				2
2024.08.15	03:01:15.875	0.59993				2
2024.08.15	03:01:20.483	0.59992				2
2024.08.15	03:01:23.368	0.59989	0.59993			6
2024.08.15	03:01:23.981	0.59991	0.59994			6
2024.08.15	03:01:24.287	0.59993	0.59995			6
2024.08.15	03:01:24.591		0.59996			4
2024.08.15	03:01:28.893	0.59992				2
2024.08.15	03:01:29.811	0.59991	0.59995			6
2024.08.15	03:01:30.131		0.59994			4
2024.08.15	03:01:33.340		0.59995			4
2024.08.15	03:01:39.402		0.59994			4
2024.08.15	03:01:39.717		0.59995			4
2024.08.15	03:01:40.030	0.59992	0.59996			6
2024.08.15	03:01:40.338	0.59991	0.59995			6
2024.08.15	03:01:41.056	0.59993	0.59996			6
2024.08.15	03:01:44.063	0.59994	0.59997			6
2024.08.15	03:01:45.381	0.59993	0.59996			6
2024.08.15	03:01:54.751	0.59995				2
2024.08.15	03:01:55.393	0.59993				2
2024.08.15	03:02:00.257	0.59993				2
2024.08.15	03:02:00.566		0.59995			4
2024.08.15	03:02:00.871	0.59995	0.59998			6
2024.08.15	03:02:01.502	0.59998	0.60001			6
2024.08.15	03:02:06.134	0.59996	0.59999			6
2024.08.15	03:02:16.549		0.59998			4
2024.08.15	03:02:17.384	0.59993	0.59996			6
2024.08.15	03:02:17.686		0.59995			4
2024.08.15	03:02:19.129	0.59992				2
2024.08.15	03:02:20.980		0.59996			4
2024.08.15	03:02:23.021	0.59993				2
2024.08.15	03:02:24.863	0.59992				2
2024.08.15	03:02:25.782	0.59993				2
2024.08.15	03:02:27.718	0.59992				2
2024.08.15	03:02:28.040		0.59995			4
2024.08.15	03:02:40.734		0.59996			4
2024.08.15	03:02:41.135		0.59995			4
2024.08.15	03:02:45.350		0.59996			4
2024.08.15	03:02:45.883	0.59993	0.59995			6
2024.08.15	03:02:46.908		0.59996			4
2024.08.15	03:02:48.335	0.59986	0.59990			6
2024.08.15	03:02:48.968	0.59987	0.59991			6
2024.08.15	03:02:49.288	0.59985	0.59989			6
2024.08.15	03:02:50.353	0.59984	0.59988			6
2024.08.15	03:02:50.884		0.59989			4
2024.08.15	03:02:51.229		0.59988			4
2024.08.15	03:02:51.900		0.59987			4
2024.08.15	03:02:52.203	0.59985	0.59988			6
2024.08.15	03:02:53.019	0.59983	0.59987			6
2024.08.15	03:02:54.505	0.59984	0.59988			6
2024.08.15	03:02:56.369	0.59983				2
2024.08.15	03:02:57.566	0.59981	0.59984			6
2024.08.15	03:02:57.870	0.59979	0.59983			6
2024.08.15	03:03:00.349	0.59979				2
2024.08.15	03:03:01.283	0.59980				2
2024.08.15	03:03:01.670	0.59981	0.59984			6
2024.08.15	03:03:01.981	0.59982	0.59985			6
2024.08.15	03:03:04.001	0.59981				2
2024.08.15	03:03:04.339	0.59982				2
2024.08.15	03:03:10.996	0.59983				2
2024.08.15	03:03:12.102	0.59987	0.59990			6
2024.08.15	03:03:14.401	0.59986				2
2024.08.15	03:03:15.339	0.59985				2
2024.08.15	03:03:15.701	0.59986				2
2024.08.15	03:03:17.520	0.59985				2
2024.08.15	03:03:17.986	0.59984	0.59988			6
2024.08.15	03:03:18.306	0.59976	0.59979			6
2024.08.15	03:03:18.631	0.59972	0.59975			6
2024.08.15	03:03:21.398	0.59971				2
2024.08.15	03:03:22.384	0.59972	0.59974			6
2024.08.15	03:03:22.687		0.59975			4
2024.08.15	03:03:28.099		0.59976			4
2024.08.15	03:03:30.785	0.59973				2
2024.08.15	03:03:31.265	0.59976	0.59981			6
2024.08.15	03:03:36.281	0.59977				2
2024.08.15	03:03:36.645	0.59976				2
2024.08.15	03:03:38.358	0.59977				2
2024.08.15	03:03:42.910	0.59976				2
2024.08.15	03:03:44.323	0.59977				2
2024.08.15	03:03:45.912	0.59976				2
2024.08.15	03:03:46.248	0.59977				2
2024.08.15	03:03:54.002	0.59976	0.59979			6
2024.08.15	03:03:54.792	0.59977	0.59980			6
2024.08.15	03:03:55.857	0.59976				2
2024.08.15	03:03:56.483		0.59979			4
2024.08.15	03:03:56.818	0.59974	0.59980			6
2024.08.15	03:03:58.282	0.59975	0.59981			6
2024.08.15	03:03:58.602	0.59977				2
2024.08.15	03:04:00.348	0.59977				2
2024.08.15	03:04:02.017	0.59979				2
2024.08.15	03:04:02.322	0.59982	0.59985			6
2024.08.15	03:04:03.322	0.59981				2
2024.08.15	03:04:04.439	0.59982				2
2024.08.15	03:04:05.031		0.59986			4
2024.08.15	03:04:05.346	0.59981				2
2024.08.15	03:04:06.433	0.59982				2
2024.08.15	03:04:07.354	0.59981				2
2024.08.15	03:04:07.659	0.59982				2
2024.08.15	03:04:08.559	0.59981				2
2024.08.15	03:04:10.103	0.59983				2
2024.08.15	03:04:12.133	0.59985	0.59987			6
2024.08.15	03:04:16.355		0.59988			4
2024.08.15	03:04:17.688	0.59986	0.59989			6
2024.08.15	03:04:20.040		0.59990			4
2024.08.15	03:04:26.434	0.59987	0.59991			6
2024.08.15	03:04:26.741	0.59986	0.59990			6
2024.08.15	03:04:28.558	0.59987	0.59991			6
2024.08.15	03:04:28.945		0.59990			4
2024.08.15	03:04:31.568	0.59986				2
2024.08.15	03:04:34.046	0.59984	0.59987			6
2024.08.15	03:04:40.000	0.59986	0.59989			6
2024.08.15	03:04:45.140	0.59985				2
2024.08.15	03:04:45.459		0.59988			4
2024.08.15	03:04:46.369	0.59983	0.59987			6
2024.08.15	03:04:50.567	0.59980	0.59984			6
2024.08.15	03:04:52.406	0.59977	0.59980			6
2024.08.15	03:04:53.090	0.59976	0.59979			6
2024.08.15	03:04:53.404	0.59973	0.59976			6
2024.08.15	03:04:55.755	0.59974	0.59977			6
2024.08.15	03:04:56.076	0.59973	0.59976			6
2024.08.15	03:04:59.738	0.59972				2
2024.08.15	03:05:00.157	0.59972				2
2024.08.15	03:05:01.504	0.59974	0.59977			6
2024.08.15	03:05:01.886	0.59976	0.59978			6
2024.08.15	03:05:02.249		0.59979			4
2024.08.15	03:05:10.683	0.59974	0.59978			6
2024.08.15	03:05:11.002	0.59972	0.59975			6
2024.08.15	03:05:12.427	0.59971				2
2024.08.15	03:05:14.490	0.59972				2
2024.08.15	03:05:16.221	0.59971	0.59973			6
2024.08.15	03:05:16.523	0.59972	0.59974			6
2024.08.15	03:05:16.908	0.59971				2
2024.08.15	03:05:17.222	0.59972				2
2024.08.15	03:05:25.614	0.59973				2
2024.08.15	03:05:25.934	0.59971				2
2024.08.15	03:05:26.282	0.59972				2
2024.08.15	03:05:26.683	0.59976	0.59977			6
2024.08.15	03:05:27.002	0.59975				2
2024.08.15	03:05:28.733	0.59976	0.59978			6
2024.08.15	03:05:32.520	0.59977				2
2024.08.15	03:05:32.822	0.59978	0.59980			6
2024.08.15	03:05:33.126	0.59977				2
2024.08.15	03:05:34.747	0.59978				2
2024.08.15	03:05:35.374	0.59977				2
2024.08.15	03:05:36.721	0.59978				2
2024.08.15	03:05:37.754	0.59974	0.59978			6
2024.08.15	03:05:38.336	0.59975	0.59979			6
2024.08.15	03:05:39.401	0.59974				2
2024.08.15	03:05:39.753	0.59973				2
2024.08.15	03:05:40.240	0.59974	0.59976			6
2024.08.15	03:05:40.970	0.59973				2
2024.08.15	03:05:45.220	0.59971	0.59975			6
2024.08.15	03:05:46.407	0.59972				2
2024.08.15	03:05:46.935	0.59971				2
2024.08.15	03:05:47.706	0.59969	0.59971			6
2024.08.15	03:05:48.007	0.59968				2
2024.08.15	03:05:50.644	0.59956	0.59960			6
2024.08.15	03:05:50.962	0.59958	0.59961			6
2024.08.15	03:05:51.273		0.59962			4
2024.08.15	03:05:51.584	0.59956	0.59960			6
2024.08.15	03:05:51.886		0.59961			4
2024.08.15	03:05:52.191	0.59957				2
2024.08.15	03:05:52.606		0.59960			4
2024.08.15	03:05:52.921	0.59956				2
2024.08.15	03:05:53.224	0.59955	0.59959			6
2024.08.15	03:05:53.530	0.59956				2
2024.08.15	03:05:54.384	0.59954	0.59958			6
2024.08.15	03:05:57.382	0.59957	0.59960			6
2024.08.15	03:05:57.760	0.59956				2
2024.08.15	03:05:58.213	0.59951	0.59955			6
2024.08.15	03:05:58.525	0.59946	0.59949			6
2024.08.15	03:05:58.843	0.59949	0.59951			6
2024.08.15	03:05:59.531	0.59951	0.59953			6
2024.08.15	03:06:00.342	0.59950				2
2024.08.15	03:06:00.735	0.59946	0.59949			6
2024.08.15	03:06:01.046	0.59942	0.59946			6
2024.08.15	03:06:01.364	0.59944	0.59947			6
2024.08.15	03:06:01.668	0.59947	0.59950			6
2024.08.15	03:06:01.985	0.59950	0.59952			6
2024.08.15	03:06:02.287	0.59944	0.59947			6
2024.08.15	03:06:02.927	0.59946	0.59948			6
2024.08.15	03:06:03.242	0.59949	0.59953			6
2024.08.15	03:06:04.167	0.59948				2
2024.08.15	03:06:04.486	0.59941	0.59945			6
2024.08.15	03:06:04.804	0.59942	0.59946			6
2024.08.15	03:06:06.024	0.59941	0.59944			6
2024.08.15	03:06:06.336	0.59940	0.59943			6
2024.08.15	03:06:07.020	0.59942				2
2024.08.15	03:06:07.323	0.59939				2
2024.08.15	03:06:07.942		0.59941			4
2024.08.15	03:06:08.278	0.59940	0.59942			6
2024.08.15	03:06:08.892	0.59942	0.59943			6
2024.08.15	03:06:10.124	0.59941				2
2024.08.15	03:06:11.185	0.59942				2
2024.08.15	03:06:11.513	0.59941				2
2024.08.15	03:06:12.274	0.59933	0.59937			6
2024.08.15	03:06:14.662	0.59934				2
2024.08.15	03:06:16.794	0.59933	0.59938			6
2024.08.15	03:06:17.126		0.59937			4
2024.08.15	03:06:17.818	0.59931	0.59934			6
2024.08.15	03:06:18.122	0.59929	0.59933			6
2024.08.15	03:06:18.434	0.59931				2
2024.08.15	03:06:22.777	0.59936	0.59938			6
2024.08.15	03:06:23.085	0.59933	0.59937			6
2024.08.15	03:06:23.407	0.59935				2
2024.08.15	03:06:23.723	0.59936	0.59939			6
2024.08.15	03:06:24.040	0.59937				2
2024.08.15	03:06:24.343	0.59936				2
2024.08.15	03:06:25.283	0.59937				2
2024.08.15	03:06:26.111	0.59939	0.59941			6
2024.08.15	03:06:26.423	0.59942	0.59944			6
2024.08.15	03:06:26.738	0.59939	0.59942			6
2024.08.15	03:06:27.043	0.59936	0.59939			6
2024.08.15	03:06:27.387	0.59937				2
2024.08.15	03:06:28.456	0.59936				2
2024.08.15	03:06:28.768	0.59937				2
2024.08.15	03:06:29.080	0.59938	0.59941			6
2024.08.15	03:06:29.409	0.59936	0.59939			6
2024.08.15	03:06:32.155	0.59937				2
2024.08.15	03:06:32.462	0.59938	0.59941			6
2024.08.15	03:06:33.202	0.59939				2
2024.08.15	03:06:34.107	0.59937				2
2024.08.15	03:06:34.767	0.59938				2
2024.08.15	03:06:36.178	0.59937				2
2024.08.15	03:06:36.546	0.59934	0.59940			6
2024.08.15	03:06:36.870	0.59936				2
2024.08.15	03:06:37.195	0.59935				2
2024.08.15	03:06:37.577	0.59936				2
2024.08.15	03:06:38.264	0.59940	0.59941			6
2024.08.15	03:06:38.584	0.59941	0.59942			6
2024.08.15	03:06:39.064	0.59940	0.59941			6
2024.08.15	03:06:39.377	0.59941	0.59944			6
2024.08.15	03:06:40.434	0.59938	0.59942			6
2024.08.15	03:06:41.577	0.59937	0.59940			6
2024.08.15	03:06:42.630	0.59936				2
2024.08.15	03:06:45.131	0.59938				2
2024.08.15	03:06:45.441	0.59936	0.59939			6
2024.08.15	03:06:45.743	0.59937				2
2024.08.15	03:06:50.272	0.59936				2
2024.08.15	03:06:50.645	0.59935				2
2024.08.15	03:06:51.001	0.59936				2
2024.08.15	03:06:51.929	0.59938	0.59942			6
2024.08.15	03:06:54.115	0.59939				2
2024.08.15	03:06:54.829	0.59940				2
2024.08.15	03:07:00.211	0.59940				2
2024.08.15	03:07:01.342	0.59939	0.59941			6
2024.08.15	03:07:01.712		0.59942			4
2024.08.15	03:07:03.365	0.59940				2
2024.08.15	03:07:04.338	0.59943	0.59944			6
2024.08.15	03:07:04.643	0.59938	0.59942			6
2024.08.15	03:07:06.301	0.59942	0.59945			6
2024.08.15	03:07:15.437	0.59943				2
2024.08.15	03:07:15.853	0.59942				2
2024.08.15	03:07:17.315	0.59943				2
2024.08.15	03:07:18.359	0.59942				2
2024.08.15	03:07:19.795	0.59941				2
2024.08.15	03:07:20.127	0.59942				2
2024.08.15	03:07:21.388	0.59941				2
2024.08.15	03:07:23.143	0.59942				2
2024.08.15	03:07:25.233	0.59941				2
2024.08.15	03:07:27.781	0.59942				2
2024.08.15	03:07:28.980	0.59940	0.59942			6
2024.08.15	03:07:29.283	0.59939				2
2024.08.15	03:07:29.604	0.59938				2
2024.08.15	03:07:29.933	0.59939				2
2024.08.15	03:07:33.674	0.59938				2
2024.08.15	03:07:34.147	0.59939				2
2024.08.15	03:07:35.397	0.59938				2
2024.08.15	03:07:36.369	0.59939				2
2024.08.15	03:07:36.673	0.59938				2
2024.08.15	03:07:37.021	0.59939				2
2024.08.15	03:07:37.341	0.59938				2
2024.08.15	03:07:38.987		0.59943			4
2024.08.15	03:07:39.304	0.59939				2
2024.08.15	03:07:39.621	0.59938				2
2024.08.15	03:07:42.013	0.59939				2
2024.08.15	03:07:42.323	0.59938				2
2024.08.15	03:07:43.032	0.59939				2
2024.08.15	03:07:44.120	0.59938				2
2024.08.15	03:07:44.461	0.59939				2
2024.08.15	03:07:44.764	0.59938				2
2024.08.15	03:07:45.774	0.59939				2
2024.08.15	03:07:50.189	0.59942	0.59946			6
2024.08.15	03:07:50.507	0.59938	0.59943			6
2024.08.15	03:07:51.404	0.59939				2
2024.08.15	03:07:53.541		0.59944			4
2024.08.15	03:07:54.685	0.59942	0.59946			6
2024.08.15	03:07:57.999	0.59941				2
2024.08.15	03:07:58.332	0.59942				2
2024.08.15	03:07:59.729	0.59941				2
2024.08.15	03:08:00.738	0.59943				2
2024.08.15	03:08:02.891	0.59942				2
2024.08.15	03:08:03.276	0.59947	0.59950			6
2024.08.15	03:08:03.598	0.59946				2
2024.08.15	03:08:04.286	0.59945				2
2024.08.15	03:08:04.879	0.59947				2
2024.08.15	03:08:05.216	0.59946				2
