<DATE>	<TIME>	<BID>	<ASK>	<LAST>	<VOLUME>	<FLAGS>
2024.12.16	00:00:00.281	0.57540	0.57681			6
2024.12.16	00:00:06.983	0.57645	0.57675			6
2024.12.16	00:00:24.527	0.57639	0.57669			6
2024.12.16	00:00:31.181	0.57636	0.57666			6
2024.12.16	00:01:04.054	0.57636				2
2024.12.16	00:01:31.433		0.57666			4
2024.12.16	00:02:00.442	0.57636				2
2024.12.16	00:02:41.294		0.57666			4
2024.12.16	00:03:00.324	0.57636				2
2024.12.16	00:03:38.217	0.57552	0.57656			6
2024.12.16	00:04:00.330	0.57552				2
2024.12.16	00:04:02.048	0.57555				2
2024.12.16	00:04:51.433		0.57656			4
2024.12.16	00:05:01.417	0.57555				2
2024.12.16	00:05:12.305	0.57557				2
2024.12.16	00:05:20.395		0.57639			4
2024.12.16	00:06:03.532	0.57557				2
2024.12.16	00:06:41.296		0.57639			4
2024.12.16	00:06:49.530		0.57637			4
2024.12.16	00:06:51.015		0.57639			4
2024.12.16	00:06:53.251		0.57638			4
2024.12.16	00:07:02.325	0.57557				2
2024.12.16	00:07:17.859		0.57637			4
2024.12.16	00:07:42.463		0.57636			4
2024.12.16	00:08:15.748	0.57557	0.57635			6
2024.12.16	00:08:55.051		0.57634			4
2024.12.16	00:09:01.053	0.57557				2
2024.12.16	00:09:59.713		0.57637			4
2024.12.16	00:10:00.324	0.57557				2
2024.12.16	00:11:01.260	0.57557	0.57637			6
2024.12.16	00:12:04.260	0.57557	0.57637			6
2024.12.16	00:12:25.574		0.57636			4
2024.12.16	00:12:29.398		0.57637			4
2024.12.16	00:12:31.038		0.57638			4
2024.12.16	00:12:32.318	0.57556				2
2024.12.16	00:12:36.738		0.57637			4
2024.12.16	00:12:38.757		0.57638			4
2024.12.16	00:12:41.646		0.57640			4
2024.12.16	00:12:42.383	0.57567	0.57642			6
2024.12.16	00:12:48.432		0.57643			4
2024.12.16	00:12:51.893	0.57566	0.57652			6
2024.12.16	00:12:58.589		0.57653			4
2024.12.16	00:12:58.938		0.57654			4
2024.12.16	00:13:00.653	0.57566	0.57653			6
2024.12.16	00:13:09.594		0.57655			4
2024.12.16	00:13:10.693		0.57656			4
2024.12.16	00:13:11.195		0.57655			4
2024.12.16	00:13:12.999		0.57649			4
2024.12.16	00:13:19.357		0.57652			4
2024.12.16	00:13:25.356	0.57586				2
2024.12.16	00:13:26.355	0.57583				2
2024.12.16	00:13:51.290	0.57584				2
2024.12.16	00:13:55.389	0.57585				2
2024.12.16	00:13:59.383	0.57586				2
2024.12.16	00:14:00.263	0.57586				2
2024.12.16	00:14:15.948	0.57596				2
2024.12.16	00:14:20.455		0.57652			4
2024.12.16	00:14:28.704		0.57672			4
2024.12.16	00:14:32.089		0.57680			4
2024.12.16	00:14:34.059		0.57679			4
2024.12.16	00:14:37.569		0.57678			4
2024.12.16	00:14:49.537		0.57688			4
2024.12.16	00:14:54.054		0.57689			4
2024.12.16	00:14:57.066	0.57604	0.57684			6
2024.12.16	00:14:57.385	0.57598				2
2024.12.16	00:14:58.286	0.57603				2
2024.12.16	00:15:00.361	0.57607	0.57685			6
2024.12.16	00:15:01.077		0.57684			4
2024.12.16	00:15:01.611	0.57608				2
2024.12.16	00:15:03.233	0.57607	0.57685			6
2024.12.16	00:15:04.240	0.57613				2
2024.12.16	00:15:11.156		0.57684			4
2024.12.16	00:15:18.024		0.57683			4
2024.12.16	00:15:18.958	0.57615				2
2024.12.16	00:15:19.402	0.57613				2
2024.12.16	00:15:20.405	0.57614				2
2024.12.16	00:15:20.763	0.57618				2
2024.12.16	00:15:21.750	0.57623	0.57688			6
2024.12.16	00:15:23.157	0.57618	0.57684			6
2024.12.16	00:15:33.391	0.57619				2
2024.12.16	00:15:35.455		0.57683			4
2024.12.16	00:15:37.388	0.57620				2
2024.12.16	00:15:41.358	0.57621				2
2024.12.16	00:15:44.263	0.57622				2
2024.12.16	00:15:45.719	0.57620				2
2024.12.16	00:15:50.395	0.57621				2
2024.12.16	00:15:50.718	0.57622				2
2024.12.16	00:15:51.492	0.57607	0.57679			6
2024.12.16	00:16:04.042	0.57607				2
2024.12.16	00:16:19.707	0.57617	0.57682			6
2024.12.16	00:16:37.034		0.57680			4
2024.12.16	00:16:41.876	0.57607	0.57677			6
2024.12.16	00:17:01.294	0.57607				2
2024.12.16	00:17:04.936		0.57676			4
2024.12.16	00:17:30.512		0.57682			4
2024.12.16	00:17:42.041		0.57685			4
2024.12.16	00:17:42.502		0.57686			4
2024.12.16	00:17:46.546		0.57688			4
2024.12.16	00:17:54.490		0.57691			4
2024.12.16	00:18:01.711	0.57607				2
2024.12.16	00:19:06.058	0.57607	0.57691			6
2024.12.16	00:19:07.873		0.57692			4
2024.12.16	00:19:15.155		0.57691			4
2024.12.16	00:19:18.899	0.57608				2
2024.12.16	00:19:27.727		0.57692			4
2024.12.16	00:19:53.637		0.57691			4
2024.12.16	00:19:59.499		0.57688			4
2024.12.16	00:20:00.157	0.57608				2
2024.12.16	00:20:11.180		0.57692			4
2024.12.16	00:20:20.405		0.57687			4
2024.12.16	00:20:36.097		0.57693			4
2024.12.16	00:20:59.575	0.57607				2
2024.12.16	00:21:00.654	0.57607	0.57689			6
2024.12.16	00:21:04.611	0.57632	0.57694			6
2024.12.16	00:21:13.194	0.57633	0.57689			6
2024.12.16	00:21:13.516		0.57694			4
2024.12.16	00:21:14.316		0.57696			4
2024.12.16	00:21:15.962		0.57698			4
2024.12.16	00:21:17.965		0.57697			4
2024.12.16	00:21:35.062	0.57628	0.57695			6
2024.12.16	00:21:35.377	0.57638	0.57697			6
2024.12.16	00:21:35.719		0.57687			4
2024.12.16	00:21:36.432	0.57636				2
2024.12.16	00:21:38.302	0.57631	0.57685			6
2024.12.16	00:21:38.808		0.57697			4
2024.12.16	00:21:40.414	0.57632				2
2024.12.16	00:21:46.396	0.57631				2
2024.12.16	00:21:46.861	0.57632				2
2024.12.16	00:22:01.941	0.57632				2
2024.12.16	00:22:14.939		0.57695			4
2024.12.16	00:22:18.128		0.57697			4
2024.12.16	00:22:23.857		0.57696			4
2024.12.16	00:23:00.738	0.57632				2
2024.12.16	00:23:10.464		0.57695			4
2024.12.16	00:23:52.948		0.57694			4
2024.12.16	00:23:55.572		0.57685			4
2024.12.16	00:24:00.494	0.57632	0.57694			6
2024.12.16	00:24:18.370		0.57696			4
2024.12.16	00:24:20.907	0.57631				2
2024.12.16	00:24:21.690	0.57632				2
2024.12.16	00:24:25.258		0.57694			4
2024.12.16	00:24:47.996		0.57693			4
2024.12.16	00:24:52.088		0.57696			4
2024.12.16	00:25:01.256	0.57632				2
2024.12.16	00:25:11.880	0.57631				2
2024.12.16	00:25:12.665	0.57632				2
2024.12.16	00:25:26.625		0.57694			4
2024.12.16	00:25:30.230		0.57696			4
2024.12.16	00:26:01.246	0.57632				2
2024.12.16	00:26:30.663		0.57696			4
2024.12.16	00:26:34.263	0.57631				2
2024.12.16	00:26:35.052	0.57632				2
2024.12.16	00:26:48.055		0.57674			4
2024.12.16	00:26:48.358		0.57673			4
2024.12.16	00:26:49.307		0.57674			4
2024.12.16	00:26:51.275		0.57672			4
2024.12.16	00:26:53.270		0.57671			4
2024.12.16	00:26:54.498		0.57670			4
2024.12.16	00:26:56.377	0.57631				2
2024.12.16	00:26:59.571	0.57626	0.57667			6
2024.12.16	00:27:00.279	0.57626				2
2024.12.16	00:27:04.073		0.57691			4
2024.12.16	00:27:04.579		0.57695			4
2024.12.16	00:27:07.596	0.57627	0.57673			6
2024.12.16	00:27:15.033	0.57622	0.57670			6
2024.12.16	00:28:00.153	0.57622				2
2024.12.16	00:28:08.272		0.57678			4
2024.12.16	00:28:16.977		0.57676			4
2024.12.16	00:28:24.413		0.57670			4
2024.12.16	00:29:01.255	0.57622				2
2024.12.16	00:29:22.267		0.57676			4
2024.12.16	00:30:00.382	0.57622				2
2024.12.16	00:30:22.139		0.57675			4
2024.12.16	00:30:28.263		0.57674			4
2024.12.16	00:30:31.637		0.57676			4
2024.12.16	00:30:34.919	0.57617				2
2024.12.16	00:30:35.337	0.57620				2
2024.12.16	00:30:35.657	0.57622				2
2024.12.16	00:30:42.637		0.57675			4
2024.12.16	00:30:53.789		0.57674			4
2024.12.16	00:31:00.956	0.57622				2
2024.12.16	00:31:03.890		0.57675			4
2024.12.16	00:31:32.458		0.57674			4
2024.12.16	00:31:40.856		0.57675			4
2024.12.16	00:32:00.668	0.57622				2
2024.12.16	00:32:03.361		0.57674			4
2024.12.16	00:32:22.003		0.57675			4
2024.12.16	00:32:23.263		0.57674			4
2024.12.16	00:32:28.867		0.57675			4
2024.12.16	00:32:29.671		0.57667			4
2024.12.16	00:32:29.981		0.57674			4
2024.12.16	00:32:33.637		0.57673			4
2024.12.16	00:32:34.431		0.57675			4
2024.12.16	00:32:34.855		0.57674			4
2024.12.16	00:32:41.691		0.57675			4
2024.12.16	00:32:44.158		0.57674			4
2024.12.16	00:32:45.865		0.57671			4
2024.12.16	00:33:00.234	0.57622				2
2024.12.16	00:33:03.928		0.57670			4
2024.12.16	00:33:07.732		0.57667			4
2024.12.16	00:33:09.061		0.57668			4
2024.12.16	00:33:10.657		0.57667			4
2024.12.16	00:33:17.773		0.57665			4
2024.12.16	00:34:00.924	0.57622				2
2024.12.16	00:34:08.061	0.57620				2
2024.12.16	00:34:10.256	0.57623	0.57670			6
2024.12.16	00:34:10.559	0.57622				2
2024.12.16	00:34:13.040	0.57621				2
2024.12.16	00:34:52.935	0.57622				2
2024.12.16	00:35:02.137	0.57623				2
2024.12.16	00:35:06.101	0.57624				2
2024.12.16	00:35:12.879		0.57677			4
2024.12.16	00:35:13.560		0.57676			4
2024.12.16	00:35:13.881	0.57625				2
2024.12.16	00:35:15.666	0.57624				2
2024.12.16	00:35:18.876	0.57625				2
2024.12.16	00:35:20.553	0.57626				2
2024.12.16	00:35:23.996	0.57625	0.57670			6
2024.12.16	00:35:25.341	0.57626				2
2024.12.16	00:35:29.241	0.57625				2
2024.12.16	00:35:32.035	0.57624				2
2024.12.16	00:35:37.035	0.57623				2
2024.12.16	00:35:42.137	0.57624				2
2024.12.16	00:35:49.212	0.57623				2
2024.12.16	00:35:56.186	0.57622				2
2024.12.16	00:35:57.022	0.57625				2
2024.12.16	00:36:02.773	0.57625				2
2024.12.16	00:36:03.135	0.57623				2
2024.12.16	00:36:04.301	0.57625	0.57676			6
2024.12.16	00:36:04.629	0.57626				2
2024.12.16	00:36:06.279	0.57624				2
2024.12.16	00:36:09.436	0.57623				2
2024.12.16	00:36:13.049	0.57624				2
2024.12.16	00:36:13.522	0.57625				2
2024.12.16	00:36:15.622	0.57624				2
2024.12.16	00:36:26.838	0.57625				2
2024.12.16	00:36:31.336	0.57624				2
2024.12.16	00:36:33.876	0.57623				2
2024.12.16	00:36:40.379	0.57622	0.57671			6
2024.12.16	00:36:56.003	0.57623				2
2024.12.16	00:37:04.638	0.57622				2
2024.12.16	00:37:10.335	0.57623				2
2024.12.16	00:37:28.864	0.57622	0.57670			6
2024.12.16	00:38:06.537	0.57623				2
2024.12.16	00:38:08.195	0.57622				2
2024.12.16	00:38:24.205		0.57673			4
2024.12.16	00:38:24.595	0.57624				2
2024.12.16	00:38:27.150	0.57623				2
2024.12.16	00:38:33.966	0.57624				2
2024.12.16	00:38:34.267	0.57625				2
2024.12.16	00:38:35.454	0.57624				2
2024.12.16	00:38:40.912	0.57623				2
2024.12.16	00:38:42.681	0.57622				2
2024.12.16	00:38:47.269	0.57623				2
2024.12.16	00:38:54.143	0.57622				2
2024.12.16	00:39:00.319	0.57622				2
2024.12.16	00:39:07.114		0.57676			4
2024.12.16	00:39:18.057		0.57674			4
2024.12.16	00:39:34.512		0.57676			4
2024.12.16	00:40:00.410	0.57622				2
2024.12.16	00:40:14.731	0.57623				2
2024.12.16	00:40:15.159	0.57622				2
2024.12.16	00:40:19.498		0.57673			4
2024.12.16	00:40:30.608		0.57674			4
2024.12.16	00:41:00.436	0.57622				2
2024.12.16	00:41:05.860		0.57676			4
2024.12.16	00:41:20.425		0.57674			4
2024.12.16	00:41:21.139		0.57675			4
2024.12.16	00:41:23.736	0.57623	0.57674			6
2024.12.16	00:41:24.055		0.57675			4
2024.12.16	00:42:00.501	0.57620				2
2024.12.16	00:42:08.457		0.57676			4
2024.12.16	00:42:10.476	0.57621	0.57674			6
2024.12.16	00:42:11.492	0.57620	0.57673			6
2024.12.16	00:42:17.137		0.57674			4
2024.12.16	00:42:27.773	0.57622				2
2024.12.16	00:42:30.472	0.57619	0.57676			6
2024.12.16	00:42:31.534	0.57621				2
2024.12.16	00:42:33.405	0.57619				2
2024.12.16	00:42:37.623	0.57618				2
2024.12.16	00:42:38.322	0.57619				2
2024.12.16	00:42:40.776	0.57618				2
2024.12.16	00:42:41.646	0.57617				2
2024.12.16	00:42:42.158	0.57616				2
2024.12.16	00:42:57.957	0.57617				2
2024.12.16	00:43:00.658	0.57616				2
2024.12.16	00:43:08.765	0.57617				2
2024.12.16	00:43:16.862	0.57616				2
2024.12.16	00:43:17.172	0.57617				2
2024.12.16	00:43:20.482	0.57616				2
2024.12.16	00:43:31.291		0.57676			4
2024.12.16	00:43:35.809	0.57614	0.57675			6
2024.12.16	00:43:37.818	0.57613	0.57674			6
2024.12.16	00:43:39.658	0.57612	0.57673			6
2024.12.16	00:43:45.844	0.57611	0.57672			6
2024.12.16	00:43:46.174	0.57613	0.57674			6
2024.12.16	00:43:59.847	0.57614				2
2024.12.16	00:44:01.581	0.57614				2
2024.12.16	00:44:02.245		0.57675			4
2024.12.16	00:44:10.346	0.57612	0.57673			6
2024.12.16	00:44:13.140	0.57613				2
2024.12.16	00:44:17.236	0.57612				2
2024.12.16	00:44:19.645	0.57613				2
2024.12.16	00:44:25.045	0.57612				2
2024.12.16	00:44:46.740		0.57672			4
2024.12.16	00:45:02.101	0.57611				2
2024.12.16	00:45:04.051	0.57612				2
2024.12.16	00:45:07.736	0.57627	0.57660			6
2024.12.16	00:45:08.098	0.57626				2
2024.12.16	00:45:09.962	0.57627	0.57661			6
2024.12.16	00:45:11.291	0.57620	0.57654			6
2024.12.16	00:45:13.823	0.57619	0.57655			6
2024.12.16	00:45:14.954	0.57620	0.57654			6
2024.12.16	00:45:18.212	0.57617	0.57652			6
2024.12.16	00:45:19.236		0.57651			4
2024.12.16	00:45:22.256	0.57616				2
2024.12.16	00:45:23.378		0.57650			4
2024.12.16	00:45:24.359	0.57617	0.57649			6
2024.12.16	00:45:26.059		0.57648			4
2024.12.16	00:45:28.265	0.57616	0.57641			6
2024.12.16	00:45:29.275		0.57642			4
2024.12.16	00:45:31.732	0.57612	0.57644			6
2024.12.16	00:45:32.234	0.57616				2
2024.12.16	00:45:32.775	0.57615	0.57643			6
2024.12.16	00:45:34.061	0.57614	0.57642			6
2024.12.16	00:45:35.712		0.57641			4
2024.12.16	00:45:36.716	0.57613				2
2024.12.16	00:45:37.023		0.57640			4
2024.12.16	00:45:38.393	0.57612				2
2024.12.16	00:45:39.252		0.57639			4
2024.12.16	00:45:39.563	0.57611				2
2024.12.16	00:45:40.422		0.57638			4
2024.12.16	00:45:40.875	0.57610				2
2024.12.16	00:45:41.875		0.57631			4
2024.12.16	00:45:42.986	0.57611				2
2024.12.16	00:45:44.462	0.57610				2
2024.12.16	00:45:46.862	0.57608				2
2024.12.16	00:45:47.607	0.57607				2
2024.12.16	00:45:48.145	0.57608				2
2024.12.16	00:45:51.043	0.57607				2
2024.12.16	00:45:51.901		0.57633			4
2024.12.16	00:45:58.387	0.57611	0.57639			6
2024.12.16	00:45:58.839	0.57612	0.57637			6
2024.12.16	00:45:59.798	0.57611	0.57639			6
2024.12.16	00:46:00.240	0.57613	0.57640			6
2024.12.16	00:46:01.106		0.57639			4
2024.12.16	00:46:02.953	0.57614				2
2024.12.16	00:46:07.516	0.57615				2
2024.12.16	00:46:08.350		0.57641			4
2024.12.16	00:46:11.083	0.57614				2
2024.12.16	00:46:18.705	0.57613				2
2024.12.16	00:46:19.522	0.57612	0.57640			6
2024.12.16	00:46:20.432		0.57639			4
2024.12.16	00:46:21.970	0.57611	0.57638			6
2024.12.16	00:46:22.990		0.57637			4
2024.12.16	00:46:23.759	0.57612				2
2024.12.16	00:46:24.690		0.57636			4
2024.12.16	00:46:25.753		0.57635			4
2024.12.16	00:46:26.949	0.57611	0.57634			6
2024.12.16	00:46:29.002		0.57630			4
2024.12.16	00:46:29.719	0.57610				2
2024.12.16	00:46:31.501	0.57608	0.57628			6
2024.12.16	00:46:31.982	0.57607	0.57630			6
2024.12.16	00:46:32.293	0.57608	0.57635			6
2024.12.16	00:46:33.982		0.57636			4
2024.12.16	00:46:34.646	0.57611				2
2024.12.16	00:46:35.076		0.57635			4
2024.12.16	00:46:35.385	0.57610	0.57636			6
2024.12.16	00:46:38.138	0.57608				2
2024.12.16	00:46:39.285	0.57609				2
2024.12.16	00:46:41.755	0.57610				2
2024.12.16	00:46:42.225	0.57609				2
2024.12.16	00:46:43.562	0.57608				2
2024.12.16	00:46:44.163	0.57609				2
2024.12.16	00:46:48.063	0.57608				2
2024.12.16	00:46:48.825	0.57609				2
2024.12.16	00:46:52.021	0.57608				2
2024.12.16	00:46:53.194	0.57607				2
2024.12.16	00:47:02.102	0.57600	0.57645			6
2024.12.16	00:47:03.957	0.57607	0.57636			6
2024.12.16	00:47:14.248	0.57605	0.57647			6
2024.12.16	00:47:15.210	0.57607	0.57653			6
2024.12.16	00:47:15.846		0.57652			4
2024.12.16	00:47:16.250	0.57608				2
2024.12.16	00:47:17.257	0.57609				2
2024.12.16	00:47:18.754	0.57611				2
2024.12.16	00:47:19.250		0.57651			4
2024.12.16	00:47:26.297		0.57654			4
2024.12.16	00:47:26.903		0.57652			4
2024.12.16	00:47:27.643		0.57649			4
2024.12.16	00:47:29.823		0.57648			4
2024.12.16	00:47:36.057		0.57647			4
2024.12.16	00:47:38.905		0.57646			4
2024.12.16	00:47:41.714		0.57647			4
2024.12.16	00:47:45.662		0.57648			4
2024.12.16	00:47:46.968		0.57646			4
2024.12.16	00:48:04.569	0.57611	0.57645			6
2024.12.16	00:48:06.359		0.57644			4
2024.12.16	00:49:00.704	0.57611				2
2024.12.16	00:49:04.908	0.57612				2
2024.12.16	00:49:09.960		0.57644			4
2024.12.16	00:49:12.767	0.57611	0.57641			6
2024.12.16	00:50:01.562	0.57611				2
2024.12.16	00:50:13.838		0.57641			4
2024.12.16	00:50:14.913	0.57610				2
2024.12.16	00:50:43.240	0.57611				2
2024.12.16	00:51:01.289	0.57611				2
2024.12.16	00:51:17.161		0.57641			4
2024.12.16	00:51:41.058		0.57640			4
2024.12.16	00:52:00.768	0.57611				2
2024.12.16	00:52:43.977		0.57640			4
2024.12.16	00:53:01.294	0.57611				2
2024.12.16	00:53:34.262	0.57610				2
2024.12.16	00:53:44.835		0.57640			4
2024.12.16	00:54:00.873	0.57610				2
2024.12.16	00:54:48.056		0.57640			4
2024.12.16	00:55:07.860	0.57610				2
2024.12.16	00:55:34.914	0.57607				2
2024.12.16	00:55:35.474		0.57639			4
2024.12.16	00:56:01.289	0.57607				2
2024.12.16	00:56:12.594	0.57603	0.57620			6
2024.12.16	00:56:12.901	0.57601				2
2024.12.16	00:56:15.717	0.57609	0.57640			6
2024.12.16	00:56:50.792	0.57608				2
2024.12.16	00:56:52.458	0.57609				2
2024.12.16	00:56:54.538	0.57608				2
2024.12.16	00:57:00.475	0.57608				2
2024.12.16	00:57:02.677	0.57609				2
2024.12.16	00:57:03.670	0.57608				2
2024.12.16	00:57:05.246	0.57614	0.57644			6
2024.12.16	00:57:25.459		0.57645			4
2024.12.16	00:57:38.160	0.57619				2
2024.12.16	00:57:38.461	0.57613	0.57646			6
2024.12.16	00:57:54.558		0.57647			4
2024.12.16	00:57:55.196	0.57611	0.57643			6
2024.12.16	00:57:55.886	0.57610				2
2024.12.16	00:57:58.234	0.57609	0.57642			6
2024.12.16	00:58:01.301	0.57609				2
2024.12.16	00:58:58.735		0.57642			4
2024.12.16	00:59:04.862	0.57609				2
2024.12.16	00:59:14.259	0.57603	0.57626			6
2024.12.16	00:59:16.339		0.57631			4
2024.12.16	00:59:16.683		0.57626			4
2024.12.16	00:59:42.081	0.57601	0.57631			6
2024.12.16	00:59:42.435		0.57627			4
2024.12.16	00:59:43.865	0.57602	0.57630			6
2024.12.16	00:59:44.178		0.57626			4
2024.12.16	01:00:00.317	0.57609	0.57619			6
2024.12.16	01:00:00.960	0.57610	0.57620			6
2024.12.16	01:00:01.265	0.57609	0.57619			6
2024.12.16	01:00:01.899	0.57610	0.57620			6
2024.12.16	01:00:02.202	0.57609	0.57619			6
2024.12.16	01:00:02.805	0.57611	0.57621			6
2024.12.16	01:00:03.110	0.57610	0.57620			6
2024.12.16	01:00:03.714	0.57611	0.57621			6
2024.12.16	01:00:04.316		0.57620			4
2024.12.16	01:00:04.623	0.57612	0.57621			6
2024.12.16	01:00:04.925	0.57611	0.57620			6
2024.12.16	01:00:06.157	0.57614				2
2024.12.16	01:00:06.462	0.57617	0.57626			6
2024.12.16	01:00:08.002	0.57616	0.57625			6
2024.12.16	01:00:08.930	0.57617	0.57626			6
2024.12.16	01:00:09.872	0.57618	0.57627			6
2024.12.16	01:00:10.189	0.57617	0.57626			6
2024.12.16	01:00:10.493	0.57618	0.57627			6
2024.12.16	01:00:11.432		0.57638			4
2024.12.16	01:00:11.760	0.57617				2
2024.12.16	01:00:12.249	0.57616	0.57635			6
2024.12.16	01:00:13.244	0.57612	0.57633			6
2024.12.16	01:00:13.581	0.57610	0.57630			6
2024.12.16	01:00:13.938		0.57631			4
2024.12.16	01:00:14.360		0.57635			4
2024.12.16	01:00:14.666	0.57611				2
2024.12.16	01:00:15.092	0.57612				2
2024.12.16	01:00:15.474	0.57610	0.57634			6
2024.12.16	01:00:15.789	0.57611				2
2024.12.16	01:00:16.398	0.57612				2
2024.12.16	01:00:17.103	0.57611	0.57633			6
2024.12.16	01:00:17.406	0.57610	0.57632			6
2024.12.16	01:00:18.339		0.57633			4
2024.12.16	01:00:18.741		0.57631			4
2024.12.16	01:00:19.346		0.57633			4
2024.12.16	01:00:21.438	0.57612				2
2024.12.16	01:00:22.381	0.57611	0.57632			6
2024.12.16	01:00:23.806	0.57610	0.57631			6
2024.12.16	01:00:25.629		0.57628			4
2024.12.16	01:00:28.073		0.57629			4
2024.12.16	01:00:29.302		0.57630			4
2024.12.16	01:00:30.974		0.57631			4
2024.12.16	01:00:31.304		0.57629			4
2024.12.16	01:00:31.619		0.57627			4
2024.12.16	01:00:31.925	0.57606	0.57625			6
2024.12.16	01:00:34.612	0.57605	0.57624			6
2024.12.16	01:00:35.015	0.57609	0.57625			6
2024.12.16	01:00:38.283	0.57611	0.57620			6
2024.12.16	01:00:40.123	0.57613	0.57618			6
2024.12.16	01:00:41.637	0.57614	0.57619			6
2024.12.16	01:00:42.240	0.57613	0.57618			6
2024.12.16	01:00:51.016	0.57612	0.57617			6
2024.12.16	01:00:53.131	0.57613	0.57618			6
2024.12.16	01:00:53.758	0.57614	0.57619			6
2024.12.16	01:00:59.859	0.57617	0.57620			6
2024.12.16	01:01:00.161	0.57619	0.57624			6
2024.12.16	01:01:00.465	0.57617	0.57622			6
2024.12.16	01:01:00.771	0.57616	0.57621			6
2024.12.16	01:01:01.705	0.57617	0.57622			6
2024.12.16	01:01:02.006	0.57618	0.57623			6
2024.12.16	01:01:02.313	0.57617	0.57622			6
2024.12.16	01:01:07.253	0.57618	0.57623			6
2024.12.16	01:01:16.331	0.57617	0.57622			6
2024.12.16	01:01:20.262	0.57618	0.57623			6
2024.12.16	01:01:26.314	0.57619	0.57624			6
2024.12.16	01:01:28.129		0.57623			4
2024.12.16	01:01:29.037	0.57618	0.57622			6
2024.12.16	01:01:30.246	0.57617				2
2024.12.16	01:01:31.177	0.57618				2
2024.12.16	01:01:44.519	0.57617	0.57621			6
2024.12.16	01:01:48.169		0.57620			4
2024.12.16	01:01:50.319	0.57618	0.57622			6
2024.12.16	01:01:57.278	0.57619	0.57623			6
2024.12.16	01:01:57.582	0.57618	0.57622			6
2024.12.16	01:02:00.304	0.57619	0.57623			6
2024.12.16	01:02:01.214	0.57620	0.57624			6
2024.12.16	01:02:07.261	0.57621	0.57625			6
2024.12.16	01:02:08.798	0.57624	0.57628			6
2024.12.16	01:02:09.431	0.57626	0.57630			6
2024.12.16	01:02:10.338	0.57625	0.57629			6
2024.12.16	01:02:14.897	0.57627	0.57631			6
2024.12.16	01:02:17.925	0.57631	0.57635			6
2024.12.16	01:02:18.230	0.57634	0.57638			6
2024.12.16	01:02:18.881	0.57632	0.57636			6
2024.12.16	01:02:19.185	0.57631				2
2024.12.16	01:02:20.425	0.57632	0.57637			6
2024.12.16	01:02:27.201	0.57628	0.57633			6
2024.12.16	01:02:29.655	0.57627	0.57632			6
2024.12.16	01:02:31.773	0.57628	0.57633			6
2024.12.16	01:02:35.421	0.57627	0.57632			6
2024.12.16	01:02:36.332	0.57628	0.57633			6
2024.12.16	01:02:36.965	0.57626	0.57631			6
2024.12.16	01:02:39.385	0.57627	0.57632			6
2024.12.16	01:02:44.852	0.57629	0.57634			6
2024.12.16	01:02:50.905	0.57630	0.57635			6
2024.12.16	01:02:51.814	0.57629	0.57634			6
2024.12.16	01:02:56.351	0.57628	0.57633			6
2024.12.16	01:02:57.559	0.57629	0.57634			6
2024.12.16	01:02:59.709	0.57630				2
2024.12.16	01:03:00.010	0.57630				2
2024.12.16	01:03:00.312		0.57635			4
2024.12.16	01:03:05.297	0.57628	0.57633			6
2024.12.16	01:03:05.632	0.57627	0.57632			6
2024.12.16	01:03:05.962	0.57628				2
2024.12.16	01:03:06.285		0.57633			4
2024.12.16	01:03:17.155	0.57629				2
2024.12.16	01:03:22.319	0.57627	0.57630			6
2024.12.16	01:03:23.237	0.57629	0.57633			6
2024.12.16	01:03:27.214	0.57628	0.57632			6
2024.12.16	01:03:30.237	0.57629	0.57633			6
2024.12.16	01:03:31.753	0.57630	0.57634			6
2024.12.16	01:03:32.358	0.57629	0.57633			6
2024.12.16	01:03:37.531		0.57631			4
2024.12.16	01:03:39.357		0.57633			4
2024.12.16	01:03:42.390	0.57631	0.57635			6
2024.12.16	01:03:45.145	0.57633	0.57636			6
2024.12.16	01:03:48.656	0.57635	0.57639			6
2024.12.16	01:03:54.140	0.57634	0.57638			6
2024.12.16	01:03:54.445	0.57633	0.57637			6
2024.12.16	01:04:00.220	0.57633				2
2024.12.16	01:04:10.832	0.57632	0.57636			6
2024.12.16	01:04:24.447	0.57633	0.57637			6
2024.12.16	01:04:34.160	0.57634	0.57638			6
2024.12.16	01:04:39.606	0.57633	0.57637			6
2024.12.16	01:04:41.119	0.57635				2
2024.12.16	01:04:41.422	0.57637	0.57641			6
2024.12.16	01:04:44.750	0.57636	0.57640			6
2024.12.16	01:04:47.171	0.57637	0.57641			6
2024.12.16	01:04:55.995	0.57638	0.57642			6
2024.12.16	01:04:56.299	0.57639	0.57643			6
2024.12.16	01:05:00.028	0.57639				2
2024.12.16	01:05:00.635	0.57641	0.57644			6
2024.12.16	01:05:00.937	0.57639	0.57643			6
2024.12.16	01:05:01.844	0.57642	0.57646			6
2024.12.16	01:05:03.962	0.57643	0.57647			6
2024.12.16	01:05:04.268	0.57647	0.57651			6
2024.12.16	01:05:04.587	0.57645	0.57649			6
2024.12.16	01:05:05.224		0.57650			4
2024.12.16	01:05:05.526	0.57643	0.57648			6
2024.12.16	01:05:05.830	0.57644	0.57649			6
2024.12.16	01:05:11.426	0.57645	0.57650			6
2024.12.16	01:05:16.569	0.57644	0.57649			6
2024.12.16	01:05:24.436	0.57645	0.57650			6
2024.12.16	01:05:27.767	0.57646	0.57651			6
2024.12.16	01:05:30.490	0.57647	0.57652			6
2024.12.16	01:05:30.790	0.57652	0.57657			6
2024.12.16	01:05:44.155	0.57654				2
2024.12.16	01:05:44.459	0.57655	0.57660			6
2024.12.16	01:05:45.367	0.57654	0.57659			6
2024.12.16	01:05:46.280	0.57655	0.57660			6
2024.12.16	01:06:00.243	0.57656	0.57661			6
2024.12.16	01:06:04.277	0.57658	0.57663			6
2024.12.16	01:06:04.588	0.57660	0.57665			6
2024.12.16	01:06:11.894	0.57659	0.57664			6
2024.12.16	01:06:26.417	0.57661				2
2024.12.16	01:06:26.720	0.57662	0.57667			6
2024.12.16	01:06:37.312	0.57663				2
2024.12.16	01:06:38.219	0.57662	0.57666			6
2024.12.16	01:06:41.548	0.57663	0.57667			6
2024.12.16	01:06:42.758	0.57664	0.57668			6
2024.12.16	01:06:45.177	0.57663	0.57667			6
2024.12.16	01:07:00.056	0.57663				2
2024.12.16	01:07:00.363	0.57664	0.57668			6
2024.12.16	01:07:04.645	0.57666				2
2024.12.16	01:07:04.950	0.57664				2
2024.12.16	01:07:05.858	0.57663	0.57667			6
2024.12.16	01:07:06.463	0.57664	0.57668			6
2024.12.16	01:07:09.792	0.57663	0.57667			6
2024.12.16	01:07:15.541	0.57664	0.57668			6
2024.12.16	01:07:17.960	0.57663	0.57667			6
2024.12.16	01:07:26.435	0.57662	0.57666			6
2024.12.16	01:07:31.274	0.57663				2
2024.12.16	01:07:31.577	0.57670	0.57674			6
2024.12.16	01:07:31.883	0.57668	0.57672			6
2024.12.16	01:07:32.234		0.57673			4
2024.12.16	01:07:34.656	0.57667	0.57672			6
2024.12.16	01:07:54.931	0.57673	0.57675			6
2024.12.16	01:07:55.237	0.57676	0.57681			6
2024.12.16	01:07:56.192	0.57675				2
2024.12.16	01:07:57.401		0.57679			4
2024.12.16	01:07:58.617	0.57674	0.57678			6
2024.12.16	01:08:00.460	0.57676	0.57680			6
2024.12.16	01:08:01.397	0.57677				2
2024.12.16	01:08:01.701	0.57681	0.57686			6
2024.12.16	01:08:02.701		0.57684			4
2024.12.16	01:08:03.009	0.57680	0.57685			6
2024.12.16	01:08:06.364	0.57679	0.57682			6
2024.12.16	01:08:08.519	0.57678				2
2024.12.16	01:08:10.935	0.57676	0.57681			6
2024.12.16	01:08:11.552	0.57675				2
2024.12.16	01:08:14.600		0.57680			4
2024.12.16	01:08:17.929	0.57678	0.57682			6
2024.12.16	01:08:19.440	0.57679	0.57685			6
2024.12.16	01:08:19.745	0.57680				2
2024.12.16	01:08:20.048	0.57679	0.57684			6
2024.12.16	01:08:20.955	0.57680				2
2024.12.16	01:08:30.336	0.57681	0.57685			6
2024.12.16	01:08:35.160		0.57686			4
2024.12.16	01:08:35.463	0.57682				2
2024.12.16	01:08:40.223	0.57681				2
2024.12.16	01:08:43.640		0.57685			4
2024.12.16	01:08:50.079	0.57686	0.57691			6
2024.12.16	01:08:50.410	0.57685				2
2024.12.16	01:08:51.921	0.57686	0.57692			6
2024.12.16	01:08:53.433		0.57691			4
2024.12.16	01:08:55.692		0.57692			4
2024.12.16	01:08:58.254	0.57687				2
2024.12.16	01:09:00.492	0.57688	0.57694			6
2024.12.16	01:09:04.731	0.57687	0.57692			6
2024.12.16	01:09:17.557	0.57688	0.57693			6
2024.12.16	01:09:22.101	0.57692	0.57697			6
2024.12.16	01:09:22.406	0.57693	0.57698			6
2024.12.16	01:09:23.315	0.57692				2
2024.12.16	01:09:24.223	0.57693				2
2024.12.16	01:09:27.857	0.57692	0.57697			6
2024.12.16	01:09:30.283	0.57688	0.57693			6
2024.12.16	01:09:31.193	0.57689	0.57695			6
2024.12.16	01:09:36.390	0.57690				2
2024.12.16	01:09:40.950	0.57692	0.57697			6
2024.12.16	01:09:41.289	0.57694	0.57699			6
2024.12.16	01:09:42.199		0.57700			4
2024.12.16	01:09:49.167		0.57699			4
2024.12.16	01:09:58.305	0.57695	0.57700			6
2024.12.16	01:10:00.120	0.57695				2
2024.12.16	01:10:01.030	0.57692	0.57696			6
2024.12.16	01:10:03.058	0.57691				2
2024.12.16	01:10:08.685	0.57692	0.57697			6
2024.12.16	01:10:12.341	0.57693	0.57698			6
2024.12.16	01:10:20.211	0.57694	0.57699			6
2024.12.16	01:10:22.936	0.57701	0.57706			6
2024.12.16	01:10:23.239	0.57704	0.57709			6
2024.12.16	01:10:24.196		0.57710			4
2024.12.16	01:10:25.245	0.57705				2
2024.12.16	01:10:25.554	0.57706	0.57712			6
2024.12.16	01:10:30.665		0.57711			4
2024.12.16	01:10:32.972	0.57707				2
2024.12.16	01:10:35.239	0.57706				2
2024.12.16	01:10:38.160	0.57707				2
2024.12.16	01:10:46.086	0.57706	0.57712			6
2024.12.16	01:10:47.195	0.57701	0.57707			6
2024.12.16	01:10:47.822	0.57702				2
2024.12.16	01:10:48.134	0.57701				2
2024.12.16	01:10:52.723		0.57706			4
2024.12.16	01:10:55.415	0.57702	0.57707			6
2024.12.16	01:10:57.561	0.57701	0.57706			6
2024.12.16	01:10:58.729	0.57702	0.57708			6
2024.12.16	01:11:00.281	0.57702				2
2024.12.16	01:11:02.335	0.57706	0.57711			6
2024.12.16	01:11:10.516	0.57705	0.57708			6
2024.12.16	01:11:16.352	0.57702	0.57707			6
2024.12.16	01:11:16.986		0.57708			4
2024.12.16	01:11:21.108		0.57707			4
2024.12.16	01:11:46.198	0.57703	0.57708			6
2024.12.16	01:11:47.409	0.57702	0.57706			6
2024.12.16	01:11:48.361	0.57701				2
2024.12.16	01:11:49.906	0.57702				2
2024.12.16	01:11:50.357	0.57703	0.57708			6
2024.12.16	01:11:55.094		0.57707			4
2024.12.16	01:12:00.144	0.57703				2
2024.12.16	01:12:04.866	0.57705	0.57709			6
2024.12.16	01:12:20.933	0.57703	0.57707			6
2024.12.16	01:12:21.253	0.57704				2
2024.12.16	01:12:21.582	0.57703	0.57706			6
2024.12.16	01:12:21.886	0.57702	0.57705			6
2024.12.16	01:12:22.490	0.57701				2
2024.12.16	01:12:28.233	0.57702	0.57706			6
2024.12.16	01:12:34.407	0.57705	0.57709			6
2024.12.16	01:12:38.665	0.57704	0.57707			6
2024.12.16	01:12:39.574	0.57703				2
2024.12.16	01:12:43.504		0.57706			4
2024.12.16	01:12:44.411		0.57707			4
2024.12.16	01:12:48.642	0.57704	0.57708			6
2024.12.16	01:12:50.408		0.57707			4
2024.12.16	01:12:50.710	0.57705	0.57708			6
2024.12.16	01:12:57.936	0.57704	0.57706			6
2024.12.16	01:12:58.240	0.57703	0.57705			6
2024.12.16	01:12:58.542		0.57706			4
2024.12.16	01:12:59.147	0.57704				2
2024.12.16	01:12:59.449	0.57705	0.57708			6
2024.12.16	01:13:00.062	0.57707	0.57710			6
2024.12.16	01:13:00.375	0.57708				2
2024.12.16	01:13:01.293		0.57711			4
2024.12.16	01:13:02.501	0.57714	0.57716			6
2024.12.16	01:13:02.819	0.57715	0.57718			6
2024.12.16	01:13:03.156		0.57719			4
2024.12.16	01:13:03.494		0.57718			4
2024.12.16	01:13:09.504		0.57719			4
2024.12.16	01:13:34.011	0.57719	0.57722			6
2024.12.16	01:13:35.564		0.57724			4
2024.12.16	01:13:40.348		0.57723			4
2024.12.16	01:13:41.258		0.57722			4
2024.12.16	01:13:47.913		0.57723			4
2024.12.16	01:13:48.315		0.57722			4
2024.12.16	01:13:49.524	0.57717	0.57721			6
2024.12.16	01:13:49.827	0.57715	0.57719			6
2024.12.16	01:13:50.178		0.57720			4
2024.12.16	01:13:54.391		0.57718			4
2024.12.16	01:13:55.318		0.57719			4
2024.12.16	01:13:56.308		0.57718			4
2024.12.16	01:13:56.930	0.57731	0.57733			6
2024.12.16	01:13:57.235	0.57728	0.57732			6
2024.12.16	01:13:57.977		0.57733			4
2024.12.16	01:13:58.766		0.57732			4
2024.12.16	01:14:00.005	0.57728				2
2024.12.16	01:14:00.308		0.57734			4
2024.12.16	01:14:02.720		0.57733			4
2024.12.16	01:14:03.028		0.57734			4
2024.12.16	01:14:05.520	0.57729				2
2024.12.16	01:14:12.180	0.57728				2
2024.12.16	01:14:21.080	0.57732	0.57737			6
2024.12.16	01:14:21.687	0.57730	0.57735			6
2024.12.16	01:14:22.333	0.57729	0.57734			6
2024.12.16	01:14:22.636	0.57728				2
2024.12.16	01:14:27.548		0.57733			4
2024.12.16	01:14:28.292		0.57734			4
2024.12.16	01:14:38.296	0.57729				2
2024.12.16	01:14:41.064	0.57728				2
2024.12.16	01:14:48.999	0.57729	0.57735			6
2024.12.16	01:14:49.642	0.57730				2
2024.12.16	01:14:51.767	0.57729				2
2024.12.16	01:15:00.114	0.57728	0.57734			6
2024.12.16	01:15:01.104		0.57733			4
2024.12.16	01:15:03.770	0.57723	0.57728			6
2024.12.16	01:15:05.348	0.57725	0.57731			6
2024.12.16	01:15:05.663	0.57727	0.57733			6
2024.12.16	01:15:11.865	0.57730	0.57735			6
2024.12.16	01:15:21.891		0.57736			4
2024.12.16	01:15:43.381	0.57729	0.57734			6
2024.12.16	01:15:44.591	0.57727	0.57732			6
2024.12.16	01:15:45.242	0.57726	0.57731			6
2024.12.16	01:15:45.547	0.57727	0.57732			6
2024.12.16	01:15:52.646	0.57726	0.57731			6
2024.12.16	01:15:55.378	0.57725	0.57730			6
2024.12.16	01:15:55.720	0.57723	0.57728			6
2024.12.16	01:15:56.333	0.57724				2
2024.12.16	01:15:56.632		0.57729			4
2024.12.16	01:15:56.947	0.57723	0.57728			6
2024.12.16	01:16:00.011	0.57723				2
2024.12.16	01:16:00.312		0.57727			4
2024.12.16	01:16:00.618		0.57728			4
2024.12.16	01:16:01.221	0.57724				2
2024.12.16	01:16:03.137	0.57723				2
2024.12.16	01:16:08.277	0.57724	0.57729			6
2024.12.16	01:16:11.349		0.57728			4
2024.12.16	01:16:18.376	0.57723	0.57727			6
2024.12.16	01:16:18.677	0.57724	0.57728			6
2024.12.16	01:16:21.097	0.57723	0.57727			6
2024.12.16	01:16:21.401	0.57724	0.57728			6
2024.12.16	01:16:21.702	0.57723	0.57727			6
2024.12.16	01:16:24.121	0.57724	0.57728			6
2024.12.16	01:16:25.332	0.57723	0.57727			6
2024.12.16	01:16:27.197		0.57726			4
2024.12.16	01:16:31.177	0.57724	0.57727			6
2024.12.16	01:16:32.690	0.57723	0.57726			6
2024.12.16	01:16:33.293	0.57724	0.57727			6
2024.12.16	01:16:33.595	0.57723	0.57726			6
2024.12.16	01:16:34.200	0.57724	0.57727			6
2024.12.16	01:16:44.534		0.57726			4
2024.12.16	01:16:44.838	0.57721	0.57724			6
2024.12.16	01:16:47.559	0.57720	0.57723			6
2024.12.16	01:16:54.264		0.57722			4
2024.12.16	01:16:55.775	0.57721	0.57723			6
2024.12.16	01:16:57.890	0.57725	0.57727			6
2024.12.16	01:16:58.194	0.57724	0.57726			6
2024.12.16	01:16:58.496	0.57723	0.57725			6
2024.12.16	01:16:59.712	0.57724	0.57726			6
2024.12.16	01:17:00.038	0.57724				2
2024.12.16	01:17:02.154	0.57725				2
2024.12.16	01:17:02.455	0.57727	0.57729			6
2024.12.16	01:17:03.364		0.57730			4
2024.12.16	01:17:08.223		0.57729			4
2024.12.16	01:17:13.164	0.57729	0.57731			6
2024.12.16	01:17:15.883	0.57734	0.57736			6
2024.12.16	01:17:16.191	0.57733	0.57735			6
2024.12.16	01:17:17.124		0.57736			4
2024.12.16	01:17:17.424	0.57732	0.57735			6
2024.12.16	01:17:25.286	0.57733	0.57736			6
2024.12.16	01:17:28.333	0.57734				2
2024.12.16	01:17:28.936	0.57736	0.57737			6
2024.12.16	01:17:29.240	0.57734	0.57736			6
2024.12.16	01:17:35.617	0.57739	0.57741			6
2024.12.16	01:17:36.242	0.57738				2
2024.12.16	01:17:37.183	0.57739	0.57742			6
2024.12.16	01:17:46.049	0.57741				2
2024.12.16	01:17:46.352		0.57743			4
2024.12.16	01:17:46.654	0.57742	0.57745			6
2024.12.16	01:17:47.259	0.57743	0.57746			6
2024.12.16	01:17:50.283	0.57742	0.57745			6
2024.12.16	01:17:52.704	0.57739	0.57742			6
2024.12.16	01:17:54.823	0.57742	0.57745			6
2024.12.16	01:18:00.263	0.57742				2
2024.12.16	01:18:01.470	0.57744	0.57747			6
2024.12.16	01:18:04.850	0.57742	0.57745			6
2024.12.16	01:18:05.155	0.57739	0.57742			6
2024.12.16	01:18:07.068	0.57738				2
2024.12.16	01:18:09.840	0.57737	0.57741			6
2024.12.16	01:18:12.258	0.57733	0.57737			6
2024.12.16	01:18:12.567	0.57728	0.57732			6
2024.12.16	01:18:12.868	0.57727	0.57731			6
2024.12.16	01:18:13.168		0.57732			4
2024.12.16	01:18:14.037	0.57728				2
2024.12.16	01:18:15.046	0.57734	0.57737			6
2024.12.16	01:18:15.351		0.57738			4
2024.12.16	01:18:21.114		0.57739			4
2024.12.16	01:18:21.424		0.57738			4
2024.12.16	01:18:21.775		0.57737			4
2024.12.16	01:18:22.784	0.57733				2
2024.12.16	01:18:27.648		0.57738			4
2024.12.16	01:18:31.243	0.57732	0.57737			6
2024.12.16	01:18:32.534		0.57736			4
2024.12.16	01:18:32.849		0.57737			4
2024.12.16	01:18:40.987	0.57727	0.57732			6
2024.12.16	01:18:43.640	0.57724	0.57729			6
2024.12.16	01:18:44.256		0.57730			4
2024.12.16	01:18:48.690		0.57729			4
2024.12.16	01:18:50.807	0.57719	0.57724			6
2024.12.16	01:18:52.558	0.57718	0.57723			6
2024.12.16	01:18:56.200		0.57724			4
2024.12.16	01:18:57.573	0.57719				2
2024.12.16	01:19:00.156	0.57719				2
2024.12.16	01:19:00.461	0.57722	0.57727			6
2024.12.16	01:19:02.062	0.57724	0.57728			6
2024.12.16	01:19:06.323		0.57727			4
2024.12.16	01:19:06.998	0.57725				2
2024.12.16	01:19:11.471	0.57726				2
2024.12.16	01:19:11.771		0.57728			4
2024.12.16	01:19:12.931	0.57725				2
2024.12.16	01:19:14.069	0.57722	0.57726			6
2024.12.16	01:19:14.961	0.57721				2
2024.12.16	01:19:15.291	0.57722				2
2024.12.16	01:19:18.033	0.57723				2
2024.12.16	01:19:19.050	0.57722				2
2024.12.16	01:19:22.083	0.57718	0.57722			6
2024.12.16	01:19:23.784	0.57719				2
2024.12.16	01:19:24.103		0.57723			4
2024.12.16	01:19:25.061	0.57718				2
2024.12.16	01:19:31.859	0.57719				2
2024.12.16	01:19:42.974	0.57718				2
2024.12.16	01:19:49.209	0.57719				2
2024.12.16	01:20:00.142	0.57719	0.57722			6
2024.12.16	01:20:01.047	0.57716	0.57719			6
2024.12.16	01:20:01.355	0.57712	0.57716			6
2024.12.16	01:20:01.678	0.57713				2
2024.12.16	01:20:04.424	0.57714				2
2024.12.16	01:20:04.726		0.57717			4
2024.12.16	01:20:05.093	0.57715	0.57718			6
2024.12.16	01:20:19.299		0.57717			4
2024.12.16	01:20:23.537	0.57714				2
2024.12.16	01:20:28.981	0.57715				2
2024.12.16	01:20:34.172	0.57714	0.57716			6
2024.12.16	01:20:37.799	0.57713	0.57715			6
2024.12.16	01:20:38.107	0.57712	0.57714			6
2024.12.16	01:20:41.760	0.57708	0.57710			6
2024.12.16	01:20:43.293		0.57711			4
2024.12.16	01:20:44.681	0.57709	0.57712			6
2024.12.16	01:20:45.717	0.57706	0.57709			6
2024.12.16	01:20:46.024	0.57707				2
2024.12.16	01:20:48.460	0.57710	0.57713			6
2024.12.16	01:20:51.506	0.57709	0.57712			6
2024.12.16	01:20:58.841		0.57711			4
2024.12.16	01:21:00.050	0.57709				2
2024.12.16	01:21:00.351	0.57710	0.57712			6
2024.12.16	01:21:01.258	0.57711	0.57713			6
2024.12.16	01:21:04.604	0.57712	0.57714			6
2024.12.16	01:21:08.836	0.57714	0.57715			6
2024.12.16	01:21:09.140	0.57716	0.57717			6
2024.12.16	01:21:50.083	0.57714	0.57715			6
2024.12.16	01:21:50.389	0.57715	0.57716			6
2024.12.16	01:21:54.969	0.57716	0.57718			6
2024.12.16	01:21:55.270	0.57717				2
2024.12.16	01:21:55.572	0.57718	0.57720			6
2024.12.16	01:22:00.129	0.57718				2
2024.12.16	01:22:00.431	0.57722	0.57724			6
2024.12.16	01:22:07.114	0.57723	0.57725			6
2024.12.16	01:22:10.461	0.57721	0.57723			6
2024.12.16	01:22:21.089	0.57715	0.57717			6
2024.12.16	01:22:22.299	0.57714				2
2024.12.16	01:22:34.522	0.57712	0.57715			6
2024.12.16	01:22:37.546	0.57710	0.57713			6
2024.12.16	01:22:37.849	0.57711	0.57714			6
2024.12.16	01:22:38.154	0.57712	0.57715			6
2024.12.16	01:22:40.317	0.57713				2
2024.12.16	01:22:40.620		0.57716			4
2024.12.16	01:22:43.338	0.57714				2
2024.12.16	01:22:43.643		0.57717			4
2024.12.16	01:22:46.060	0.57717	0.57720			6
2024.12.16	01:22:50.343	0.57718	0.57721			6
2024.12.16	01:22:53.113	0.57717	0.57720			6
2024.12.16	01:22:57.397	0.57718				2
2024.12.16	01:23:00.137	0.57718				2
2024.12.16	01:23:00.440	0.57721	0.57723			6
2024.12.16	01:23:01.347	0.57719	0.57722			6
2024.12.16	01:23:04.699		0.57721			4
2024.12.16	01:23:05.002	0.57716	0.57719			6
2024.12.16	01:23:05.306	0.57717				2
2024.12.16	01:23:06.235	0.57716				2
2024.12.16	01:23:11.150	0.57717				2
2024.12.16	01:23:30.214	0.57715	0.57717			6
2024.12.16	01:23:30.521	0.57714	0.57716			6
2024.12.16	01:23:31.456	0.57713	0.57715			6
2024.12.16	01:23:37.503	0.57714	0.57716			6
2024.12.16	01:24:00.194	0.57715				2
2024.12.16	01:24:00.499	0.57716	0.57718			6
2024.12.16	01:24:27.783	0.57718	0.57720			6
2024.12.16	01:24:28.391	0.57715	0.57717			6
2024.12.16	01:24:28.722	0.57714	0.57716			6
2024.12.16	01:24:31.462	0.57715	0.57717			6
2024.12.16	01:24:32.971	0.57714	0.57716			6
2024.12.16	01:24:56.250	0.57713	0.57715			6
2024.12.16	01:25:00.229	0.57713				2
2024.12.16	01:25:11.110	0.57714	0.57716			6
2024.12.16	01:25:14.736		0.57715			4
2024.12.16	01:25:15.643	0.57713				2
2024.12.16	01:25:15.945	0.57710	0.57712			6
2024.12.16	01:25:16.248	0.57708	0.57710			6
2024.12.16	01:25:24.209	0.57709	0.57711			6
2024.12.16	01:25:25.116	0.57708	0.57710			6
2024.12.16	01:25:35.494	0.57709	0.57711			6
2024.12.16	01:25:44.916	0.57718	0.57719			6
2024.12.16	01:25:45.219	0.57719	0.57721			6
2024.12.16	01:25:45.827	0.57718				2
2024.12.16	01:25:46.172	0.57715	0.57719			6
2024.12.16	01:25:46.483	0.57713	0.57717			6
2024.12.16	01:25:47.407	0.57714				2
2024.12.16	01:25:48.287		0.57716			4
2024.12.16	01:25:50.358		0.57717			4
2024.12.16	01:25:55.840	0.57713				2
2024.12.16	01:26:00.468	0.57714	0.57716			6
2024.12.16	01:26:21.968	0.57713				2
2024.12.16	01:26:24.103	0.57714				2
2024.12.16	01:26:25.859	0.57713				2
2024.12.16	01:26:38.170	0.57714				2
2024.12.16	01:26:39.987	0.57713				2
2024.12.16	01:26:43.360	0.57714				2
2024.12.16	01:26:55.472	0.57713				2
2024.12.16	01:27:00.056	0.57713				2
2024.12.16	01:27:00.358	0.57714				2
2024.12.16	01:27:00.662		0.57716			4
2024.12.16	01:27:01.267	0.57713				2
2024.12.16	01:27:10.032	0.57714				2
2024.12.16	01:27:10.637		0.57715			4
2024.12.16	01:27:10.939	0.57713				2
2024.12.16	01:27:11.876	0.57714				2
2024.12.16	01:27:14.899	0.57716	0.57718			6
2024.12.16	01:27:15.200	0.57717	0.57719			6
2024.12.16	01:27:15.505	0.57718	0.57720			6
2024.12.16	01:27:16.431	0.57717				2
2024.12.16	01:27:17.035	0.57719				2
2024.12.16	01:27:18.244	0.57718				2
2024.12.16	01:27:21.268	0.57717				2
2024.12.16	01:27:21.571	0.57718				2
2024.12.16	01:27:29.461	0.57719	0.57721			6
2024.12.16	01:27:32.233		0.57720			4
2024.12.16	01:27:34.348	0.57718				2
2024.12.16	01:27:43.414	0.57717	0.57719			6
2024.12.16	01:27:44.624	0.57718	0.57720			6
2024.12.16	01:27:44.926	0.57717	0.57719			6
2024.12.16	01:27:47.044	0.57718	0.57720			6
2024.12.16	01:27:51.597	0.57716	0.57717			6
2024.12.16	01:27:51.906	0.57715				2
2024.12.16	01:27:55.254	0.57714	0.57716			6
2024.12.16	01:28:00.112	0.57714				2
2024.12.16	01:28:11.902	0.57713	0.57715			6
2024.12.16	01:28:12.205	0.57715	0.57716			6
2024.12.16	01:28:14.351	0.57714				2
2024.12.16	01:28:16.465	0.57716	0.57717			6
2024.12.16	01:28:16.775	0.57717	0.57719			6
2024.12.16	01:28:45.913	0.57718				2
2024.12.16	01:28:48.359	0.57717				2
2024.12.16	01:28:48.965	0.57718				2
2024.12.16	01:28:49.266	0.57717				2
2024.12.16	01:28:52.915	0.57716	0.57718			6
2024.12.16	01:28:53.221	0.57717				2
2024.12.16	01:28:53.549		0.57719			4
2024.12.16	01:28:55.384	0.57718				2
2024.12.16	01:28:56.288	0.57717				2
2024.12.16	01:28:59.644	0.57716	0.57718			6
2024.12.16	01:29:00.249	0.57717	0.57719			6
2024.12.16	01:29:00.852	0.57716	0.57718			6
2024.12.16	01:29:01.156	0.57717	0.57719			6
2024.12.16	01:29:03.272	0.57715	0.57716			6
2024.12.16	01:29:05.709	0.57714				2
2024.12.16	01:29:09.388	0.57715				2
2024.12.16	01:29:22.115	0.57713	0.57715			6
2024.12.16	01:29:22.722	0.57714				2
2024.12.16	01:29:23.325	0.57715	0.57716			6
2024.12.16	01:29:23.629	0.57714	0.57715			6
2024.12.16	01:29:25.139	0.57716	0.57717			6
2024.12.16	01:29:25.446		0.57718			4
2024.12.16	01:29:30.680	0.57717				2
2024.12.16	01:29:33.701	0.57724	0.57725			6
2024.12.16	01:29:34.008	0.57723	0.57724			6
2024.12.16	01:29:34.353	0.57724	0.57725			6
2024.12.16	01:29:34.660	0.57723				2
2024.12.16	01:29:34.963	0.57721				2
2024.12.16	01:29:39.498	0.57722	0.57726			6
2024.12.16	01:29:40.103	0.57721	0.57724			6
2024.12.16	01:29:51.577	0.57722	0.57726			6
2024.12.16	01:29:51.893	0.57721	0.57725			6
2024.12.16	01:29:55.820	0.57722	0.57726			6
2024.12.16	01:29:56.127	0.57721	0.57725			6
2024.12.16	01:30:00.154	0.57721				2
2024.12.16	01:30:00.455	0.57720	0.57723			6
2024.12.16	01:30:00.793	0.57717	0.57720			6
2024.12.16	01:30:01.122	0.57716	0.57719			6
2024.12.16	01:30:02.207	0.57715	0.57720			6
2024.12.16	01:30:04.032	0.57716	0.57719			6
2024.12.16	01:30:04.407	0.57719	0.57721			6
2024.12.16	01:30:05.343	0.57716	0.57719			6
2024.12.16	01:30:10.990	0.57717	0.57720			6
2024.12.16	01:30:16.378		0.57719			4
2024.12.16	01:30:19.097	0.57713	0.57714			6
2024.12.16	01:30:19.403	0.57712	0.57715			6
2024.12.16	01:30:19.753		0.57714			4
2024.12.16	01:30:20.358		0.57716			4
2024.12.16	01:30:21.071	0.57714				2
2024.12.16	01:30:22.072		0.57717			4
2024.12.16	01:30:24.368		0.57716			4
2024.12.16	01:30:26.502	0.57712				2
2024.12.16	01:30:26.805	0.57711	0.57715			6
2024.12.16	01:30:27.108	0.57712	0.57717			6
2024.12.16	01:30:27.423	0.57709	0.57713			6
2024.12.16	01:30:32.872	0.57708	0.57710			6
2024.12.16	01:30:33.205		0.57711			4
2024.12.16	01:30:33.678	0.57707				2
2024.12.16	01:30:34.165	0.57708	0.57710			6
2024.12.16	01:30:34.514		0.57711			4
2024.12.16	01:30:34.866	0.57707	0.57710			6
2024.12.16	01:30:35.579	0.57703	0.57705			6
2024.12.16	01:30:41.366	0.57699	0.57701			6
2024.12.16	01:30:41.679	0.57698				2
2024.12.16	01:30:44.833		0.57700			4
2024.12.16	01:30:45.172	0.57697				2
2024.12.16	01:30:48.692	0.57698				2
2024.12.16	01:30:50.685	0.57697	0.57699			6
2024.12.16	01:30:53.702	0.57698				2
2024.12.16	01:30:54.013	0.57697				2
2024.12.16	01:30:56.627	0.57701	0.57702			6
2024.12.16	01:30:56.937	0.57700	0.57701			6
2024.12.16	01:30:57.740	0.57699				2
2024.12.16	01:30:59.633	0.57700				2
2024.12.16	01:31:00.473	0.57696	0.57697			6
2024.12.16	01:31:00.782	0.57695				2
2024.12.16	01:31:02.966		0.57698			4
2024.12.16	01:31:05.090	0.57694	0.57697			6
2024.12.16	01:31:11.042	0.57693	0.57696			6
2024.12.16	01:31:20.349	0.57694	0.57697			6
2024.12.16	01:31:24.725	0.57695	0.57698			6
2024.12.16	01:31:32.571	0.57698	0.57701			6
2024.12.16	01:31:32.897		0.57700			4
2024.12.16	01:31:33.212		0.57701			4
2024.12.16	01:31:33.523		0.57702			4
2024.12.16	01:31:36.436	0.57696	0.57699			6
2024.12.16	01:31:36.740	0.57695				2
2024.12.16	01:31:56.110		0.57698			4
2024.12.16	01:32:00.463	0.57698	0.57699			6
2024.12.16	01:32:01.076		0.57700			4
2024.12.16	01:32:02.341		0.57701			4
2024.12.16	01:32:03.294		0.57702			4
2024.12.16	01:32:03.596		0.57701			4
2024.12.16	01:32:03.898	0.57701	0.57704			6
2024.12.16	01:32:05.457	0.57699	0.57701			6
2024.12.16	01:32:06.141		0.57700			4
2024.12.16	01:32:11.300		0.57701			4
2024.12.16	01:32:14.179	0.57700	0.57702			6
2024.12.16	01:32:16.294		0.57703			4
2024.12.16	01:32:21.097		0.57702			4
2024.12.16	01:32:35.390		0.57701			4
2024.12.16	01:33:00.249	0.57701	0.57702			6
2024.12.16	01:33:00.552		0.57703			4
2024.12.16	01:33:03.573	0.57698	0.57700			6
2024.12.16	01:33:04.207	0.57700	0.57701			6
2024.12.16	01:33:04.512	0.57701	0.57703			6
2024.12.16	01:33:05.134		0.57704			4
2024.12.16	01:33:05.437	0.57700	0.57703			6
2024.12.16	01:33:06.375	0.57699	0.57704			6
2024.12.16	01:33:07.368	0.57701				2
2024.12.16	01:33:07.685		0.57705			4
2024.12.16	01:33:08.084		0.57704			4
2024.12.16	01:33:08.640		0.57705			4
2024.12.16	01:33:10.035	0.57702				2
2024.12.16	01:33:11.046		0.57704			4
2024.12.16	01:33:11.363		0.57705			4
2024.12.16	01:33:12.335		0.57704			4
2024.12.16	01:33:15.696	0.57703	0.57706			6
2024.12.16	01:33:16.966	0.57702				2
2024.12.16	01:33:18.006		0.57705			4
2024.12.16	01:33:28.897	0.57700	0.57701			6
2024.12.16	01:33:29.198	0.57698	0.57699			6
2024.12.16	01:33:29.504	0.57699	0.57700			6
2024.12.16	01:33:30.125	0.57700	0.57702			6
2024.12.16	01:33:31.187	0.57698	0.57700			6
2024.12.16	01:33:37.473	0.57700	0.57703			6
2024.12.16	01:34:00.092	0.57700				2
2024.12.16	01:34:00.461	0.57701	0.57704			6
2024.12.16	01:34:00.765		0.57703			4
2024.12.16	01:34:03.325	0.57700				2
2024.12.16	01:34:05.526	0.57701				2
2024.12.16	01:34:05.828	0.57699				2
2024.12.16	01:34:06.140	0.57704	0.57706			6
2024.12.16	01:34:29.114	0.57705	0.57707			6
2024.12.16	01:34:30.333		0.57708			4
2024.12.16	01:34:38.444	0.57708	0.57709			6
2024.12.16	01:34:48.170	0.57707	0.57710			6
2024.12.16	01:34:52.101		0.57709			4
2024.12.16	01:35:00.261	0.57707				2
2024.12.16	01:35:00.865	0.57708				2
2024.12.16	01:35:01.170	0.57710	0.57711			6
2024.12.16	01:35:02.709	0.57711	0.57712			6
2024.12.16	01:35:05.752	0.57709	0.57710			6
2024.12.16	01:35:06.058	0.57708				2
2024.12.16	01:35:06.375	0.57709	0.57711			6
2024.12.16	01:35:06.688	0.57708	0.57710			6
2024.12.16	01:35:11.242	0.57710	0.57711			6
2024.12.16	01:35:21.905	0.57709				2
2024.12.16	01:35:22.210	0.57708	0.57710			6
2024.12.16	01:35:24.950	0.57709				2
2024.12.16	01:35:25.253		0.57711			4
2024.12.16	01:35:28.879	0.57707	0.57709			6
2024.12.16	01:35:48.225	0.57708				2
2024.12.16	01:36:00.013	0.57708				2
2024.12.16	01:36:00.319		0.57710			4
2024.12.16	01:36:00.620		0.57709			4
2024.12.16	01:36:04.327	0.57709	0.57710			6
2024.12.16	01:36:05.536	0.57708	0.57709			6
2024.12.16	01:36:07.656	0.57709	0.57710			6
2024.12.16	01:36:09.468	0.57707	0.57709			6
2024.12.16	01:36:10.998	0.57708				2
2024.12.16	01:36:22.786	0.57709	0.57710			6
2024.12.16	01:36:23.089	0.57708				2
2024.12.16	01:36:23.994		0.57709			4
2024.12.16	01:36:29.138	0.57709	0.57710			6
2024.12.16	01:36:31.858		0.57711			4
2024.12.16	01:36:32.215		0.57710			4
2024.12.16	01:36:36.168		0.57711			4
2024.12.16	01:36:36.473	0.57710				2
2024.12.16	01:36:38.910	0.57709				2
2024.12.16	01:36:41.938	0.57710				2
2024.12.16	01:36:43.146	0.57709				2
2024.12.16	01:36:44.657	0.57710				2
2024.12.16	01:36:46.771	0.57712	0.57714			6
2024.12.16	01:36:47.074	0.57711	0.57713			6
2024.12.16	01:36:50.227	0.57712	0.57714			6
2024.12.16	01:36:50.835	0.57711	0.57713			6
2024.12.16	01:36:51.456	0.57712				2
2024.12.16	01:36:51.760		0.57714			4
2024.12.16	01:36:55.769	0.57711	0.57713			6
2024.12.16	01:36:56.980	0.57712	0.57714			6
2024.12.16	01:36:58.490	0.57713	0.57715			6
2024.12.16	01:36:58.791	0.57714				2
2024.12.16	01:37:00.302	0.57712	0.57714			6
2024.12.16	01:37:00.606	0.57714	0.57715			6
2024.12.16	01:37:00.910	0.57715	0.57716			6
2024.12.16	01:37:24.943	0.57713	0.57715			6
2024.12.16	01:37:25.592	0.57714				2
2024.12.16	01:37:25.895	0.57713				2
2024.12.16	01:37:26.500	0.57714				2
2024.12.16	01:37:30.430	0.57713				2
2024.12.16	01:37:31.034	0.57714				2
2024.12.16	01:37:33.151	0.57712	0.57714			6
2024.12.16	01:37:34.362	0.57713				2
2024.12.16	01:37:34.663	0.57712				2
2024.12.16	01:37:36.479	0.57713				2
2024.12.16	01:37:37.390	0.57712				2
2024.12.16	01:37:48.626	0.57714	0.57715			6
2024.12.16	01:37:48.932	0.57715	0.57716			6
2024.12.16	01:38:00.171	0.57715				2
2024.12.16	01:38:00.474	0.57716	0.57718			6
2024.12.16	01:38:12.268	0.57717	0.57719			6
2024.12.16	01:38:12.573	0.57716	0.57718			6
2024.12.16	01:38:16.552	0.57718	0.57719			6
2024.12.16	01:38:16.854	0.57717				2
2024.12.16	01:38:18.718	0.57719	0.57721			6
2024.12.16	01:38:19.020	0.57721	0.57723			6
2024.12.16	01:38:19.326		0.57724			4
2024.12.16	01:38:20.123		0.57723			4
2024.12.16	01:38:23.457		0.57724			4
2024.12.16	01:38:25.019	0.57722	0.57725			6
2024.12.16	01:38:26.885	0.57721	0.57724			6
2024.12.16	01:38:38.681	0.57720	0.57722			6
2024.12.16	01:38:41.097	0.57719				2
2024.12.16	01:38:41.400	0.57720				2
2024.12.16	01:38:47.498	0.57719				2
2024.12.16	01:38:47.800	0.57717	0.57719			6
2024.12.16	01:38:50.521	0.57718	0.57720			6
2024.12.16	01:38:50.829	0.57717				2
2024.12.16	01:38:51.733	0.57718				2
2024.12.16	01:38:52.942		0.57721			4
2024.12.16	01:38:54.108	0.57717				2
2024.12.16	01:38:54.425		0.57720			4
2024.12.16	01:38:55.663	0.57718				2
2024.12.16	01:38:55.966	0.57717				2
2024.12.16	01:39:00.199	0.57718				2
2024.12.16	01:39:00.502	0.57716	0.57718			6
2024.12.16	01:39:01.411	0.57717				2
2024.12.16	01:39:01.711		0.57719			4
2024.12.16	01:39:11.091	0.57715	0.57717			6
2024.12.16	01:39:11.405	0.57714	0.57716			6
2024.12.16	01:39:12.048	0.57715	0.57717			6
2024.12.16	01:39:12.352	0.57714	0.57716			6
2024.12.16	01:39:17.190	0.57713				2
2024.12.16	01:39:18.401	0.57715	0.57717			6
2024.12.16	01:39:20.821		0.57716			4
2024.12.16	01:39:21.122		0.57717			4
2024.12.16	01:39:25.961	0.57716	0.57718			6
2024.12.16	01:39:43.202	0.57718	0.57719			6
2024.12.16	01:39:44.107	0.57717				2
2024.12.16	01:39:55.901	0.57718				2
2024.12.16	01:40:00.190	0.57718	0.57720			6
2024.12.16	01:40:00.493		0.57719			4
2024.12.16	01:40:01.145		0.57720			4
2024.12.16	01:40:01.498		0.57719			4
2024.12.16	01:40:02.706	0.57717				2
2024.12.16	01:40:07.295	0.57718	0.57720			6
2024.12.16	01:40:07.598		0.57719			4
2024.12.16	01:40:07.901		0.57720			4
2024.12.16	01:40:14.300		0.57719			4
2024.12.16	01:40:16.114		0.57720			4
2024.12.16	01:40:21.862	0.57719				2
2024.12.16	01:40:22.465	0.57718				2
2024.12.16	01:40:33.957	0.57717	0.57718			6
2024.12.16	01:40:38.239	0.57716	0.57717			6
2024.12.16	01:40:40.356	0.57713	0.57715			6
2024.12.16	01:40:52.151	0.57711	0.57714			6
2024.12.16	01:40:52.463	0.57712				2
2024.12.16	01:40:52.765		0.57715			4
2024.12.16	01:40:57.344		0.57714			4
2024.12.16	01:41:00.064	0.57712				2
2024.12.16	01:41:30.359	0.57707	0.57709			6
2024.12.16	01:41:31.266		0.57711			4
2024.12.16	01:41:38.223		0.57710			4
2024.12.16	01:41:38.827	0.57708				2
2024.12.16	01:41:42.456		0.57711			4
2024.12.16	01:41:46.994	0.57712	0.57713			6
2024.12.16	01:41:47.300	0.57711				2
2024.12.16	01:42:00.147	0.57711				2
2024.12.16	01:42:00.448	0.57713	0.57715			6
2024.12.16	01:42:00.752	0.57715	0.57717			6
2024.12.16	01:42:01.218		0.57718			4
2024.12.16	01:42:07.284	0.57720	0.57723			6
2024.12.16	01:42:07.601		0.57724			4
2024.12.16	01:42:08.121	0.57721				2
2024.12.16	01:42:10.713	0.57720				2
2024.12.16	01:42:11.224	0.57721				2
2024.12.16	01:42:11.527	0.57719				2
2024.12.16	01:42:12.399	0.57721				2
2024.12.16	01:42:21.284	0.57720				2
2024.12.16	01:42:21.980		0.57723			4
2024.12.16	01:42:23.554		0.57724			4
2024.12.16	01:42:37.710	0.57721	0.57727			6
2024.12.16	01:42:47.422		0.57726			4
2024.12.16	01:42:49.003	0.57720				2
2024.12.16	01:42:51.395	0.57722				2
2024.12.16	01:42:52.763	0.57723				2
2024.12.16	01:42:53.466	0.57722	0.57725			6
2024.12.16	01:43:00.461	0.57723	0.57727			6
2024.12.16	01:43:01.387		0.57728			4
2024.12.16	01:43:02.064	0.57725				2
2024.12.16	01:43:04.321	0.57729	0.57731			6
2024.12.16	01:43:10.634	0.57730	0.57732			6
2024.12.16	01:43:11.896	0.57734	0.57738			6
2024.12.16	01:43:12.257	0.57735				2
2024.12.16	01:43:13.369	0.57732	0.57736			6
2024.12.16	01:43:24.195	0.57733				2
2024.12.16	01:43:26.839	0.57732				2
2024.12.16	01:43:27.352	0.57734	0.57735			6
2024.12.16	01:43:27.981	0.57733				2
2024.12.16	01:43:32.607	0.57729	0.57731			6
2024.12.16	01:43:32.928	0.57728				2
2024.12.16	01:43:36.752	0.57732	0.57734			6
2024.12.16	01:43:37.068	0.57734	0.57736			6
2024.12.16	01:43:37.843	0.57735	0.57737			6
2024.12.16	01:43:38.807	0.57738	0.57739			6
2024.12.16	01:43:39.122	0.57739	0.57740			6
2024.12.16	01:43:39.806	0.57738				2
2024.12.16	01:43:41.380	0.57736	0.57739			6
2024.12.16	01:43:49.160	0.57735	0.57738			6
2024.12.16	01:43:51.360	0.57736	0.57739			6
2024.12.16	01:43:57.410	0.57733	0.57736			6
2024.12.16	01:44:00.326	0.57735	0.57737			6
2024.12.16	01:44:02.396	0.57736				2
2024.12.16	01:44:02.716	0.57737	0.57740			6
2024.12.16	01:44:08.117		0.57739			4
2024.12.16	01:44:20.359	0.57736				2
2024.12.16	01:44:25.010	0.57737				2
2024.12.16	01:44:26.568	0.57736				2
2024.12.16	01:44:28.877	0.57735	0.57738			6
2024.12.16	01:44:30.358	0.57734	0.57737			6
2024.12.16	01:44:30.658	0.57732	0.57735			6
2024.12.16	01:44:41.933		0.57734			4
2024.12.16	01:44:46.541		0.57735			4
2024.12.16	01:44:52.309	0.57733				2
2024.12.16	01:44:52.649	0.57732				2
2024.12.16	01:44:53.516	0.57733				2
2024.12.16	01:45:00.385	0.57733				2
2024.12.16	01:45:00.740	0.57732				2
2024.12.16	01:45:01.604	0.57730	0.57733			6
2024.12.16	01:45:04.297	0.57732	0.57734			6
2024.12.16	01:45:04.688		0.57735			4
2024.12.16	01:45:07.106	0.57733				2
2024.12.16	01:45:07.634	0.57732				2
2024.12.16	01:45:08.111	0.57733				2
2024.12.16	01:45:11.900	0.57732				2
2024.12.16	01:45:14.336	0.57730	0.57733			6
2024.12.16	01:45:58.103	0.57724	0.57728			6
2024.12.16	01:45:58.405		0.57726			4
2024.12.16	01:46:00.254	0.57723				2
2024.12.16	01:46:00.565	0.57722	0.57725			6
2024.12.16	01:46:01.573	0.57719	0.57723			6
2024.12.16	01:46:02.681	0.57720				2
2024.12.16	01:46:03.921		0.57722			4
2024.12.16	01:46:04.271	0.57718				2
2024.12.16	01:46:07.841	0.57719				2
2024.12.16	01:46:08.830	0.57718				2
2024.12.16	01:46:09.923	0.57719				2
2024.12.16	01:46:10.226	0.57718				2
2024.12.16	01:46:12.011	0.57719				2
2024.12.16	01:46:14.103	0.57718				2
2024.12.16	01:46:16.072	0.57719				2
2024.12.16	01:46:18.140	0.57718				2
2024.12.16	01:46:20.118	0.57719				2
2024.12.16	01:46:25.283	0.57718				2
2024.12.16	01:46:27.005	0.57719				2
2024.12.16	01:46:30.758	0.57718				2
2024.12.16	01:46:33.507	0.57717	0.57719			6
2024.12.16	01:46:34.146	0.57715				2
2024.12.16	01:46:34.670	0.57716	0.57721			6
2024.12.16	01:46:37.526	0.57718				2
2024.12.16	01:46:39.247	0.57719	0.57722			6
2024.12.16	01:46:44.820	0.57720				2
2024.12.16	01:46:57.528	0.57721	0.57725			6
2024.12.16	01:47:00.254	0.57721				2
2024.12.16	01:47:08.418		0.57724			4
2024.12.16	01:47:10.232		0.57725			4
2024.12.16	01:47:15.696		0.57724			4
2024.12.16	01:47:37.822		0.57723			4
2024.12.16	01:47:41.481		0.57724			4
2024.12.16	01:47:43.296		0.57723			4
2024.12.16	01:47:46.018	0.57722	0.57724			6
2024.12.16	01:47:49.041	0.57721	0.57723			6
2024.12.16	01:47:52.973	0.57722	0.57724			6
2024.12.16	01:48:00.251	0.57722				2
2024.12.16	01:48:00.556	0.57727	0.57729			6
2024.12.16	01:48:00.860	0.57728	0.57730			6
2024.12.16	01:48:01.187		0.57732			4
2024.12.16	01:48:04.325	0.57724	0.57728			6
2024.12.16	01:48:32.744	0.57723				2
2024.12.16	01:48:34.557	0.57724				2
2024.12.16	01:48:38.793	0.57728	0.57731			6
2024.12.16	01:48:39.096		0.57732			4
2024.12.16	01:48:39.397		0.57733			4
2024.12.16	01:48:40.557	0.57729	0.57732			6
2024.12.16	01:49:00.013	0.57729				2
2024.12.16	01:49:00.315	0.57730	0.57733			6
2024.12.16	01:49:03.641	0.57731	0.57735			6
2024.12.16	01:49:04.247		0.57734			4
2024.12.16	01:49:11.223	0.57732				2
2024.12.16	01:49:13.643	0.57733	0.57735			6
2024.12.16	01:49:16.395	0.57732				2
2024.12.16	01:49:16.698		0.57734			4
2024.12.16	01:49:23.051	0.57731				2
2024.12.16	01:49:27.003	0.57730	0.57733			6
2024.12.16	01:49:28.818	0.57731	0.57734			6
2024.12.16	01:49:37.287		0.57733			4
2024.12.16	01:49:50.633	0.57730	0.57732			6
2024.12.16	01:49:50.947	0.57731	0.57733			6
2024.12.16	01:50:00.019	0.57731				2
2024.12.16	01:50:09.096	0.57725	0.57727			6
2024.12.16	01:50:09.700	0.57727	0.57728			6
2024.12.16	01:50:10.001	0.57725	0.57727			6
2024.12.16	01:50:10.307	0.57720	0.57723			6
2024.12.16	01:50:10.611	0.57719	0.57722			6
2024.12.16	01:50:11.242		0.57723			4
2024.12.16	01:50:15.172	0.57721	0.57724			6
2024.12.16	01:50:15.477		0.57725			4
2024.12.16	01:50:16.222		0.57724			4
2024.12.16	01:50:16.535		0.57725			4
2024.12.16	01:50:17.170		0.57724			4
2024.12.16	01:50:17.492		0.57725			4
2024.12.16	01:50:18.449		0.57724			4
2024.12.16	01:50:18.801		0.57725			4
2024.12.16	01:50:19.422		0.57724			4
2024.12.16	01:50:19.758		0.57725			4
2024.12.16	01:50:20.236		0.57724			4
2024.12.16	01:50:20.868		0.57725			4
2024.12.16	01:50:21.465		0.57724			4
2024.12.16	01:50:21.775		0.57725			4
2024.12.16	01:50:22.581		0.57724			4
2024.12.16	01:50:22.882		0.57725			4
2024.12.16	01:50:23.639		0.57724			4
2024.12.16	01:50:23.942		0.57725			4
2024.12.16	01:50:24.700		0.57724			4
2024.12.16	01:50:25.001		0.57725			4
2024.12.16	01:50:25.675		0.57724			4
2024.12.16	01:50:26.009		0.57725			4
2024.12.16	01:50:26.765		0.57724			4
2024.12.16	01:50:27.068		0.57725			4
2024.12.16	01:50:27.772		0.57724			4
2024.12.16	01:50:28.076		0.57725			4
2024.12.16	01:50:28.831		0.57724			4
2024.12.16	01:50:29.135		0.57725			4
2024.12.16	01:50:29.840		0.57724			4
2024.12.16	01:50:30.141		0.57725			4
2024.12.16	01:50:30.742		0.57724			4
2024.12.16	01:50:31.050		0.57725			4
2024.12.16	01:50:32.209		0.57724			4
2024.12.16	01:50:32.511		0.57725			4
2024.12.16	01:50:33.049		0.57724			4
2024.12.16	01:50:33.368		0.57725			4
2024.12.16	01:50:34.112		0.57724			4
2024.12.16	01:50:34.427		0.57725			4
2024.12.16	01:50:35.122		0.57724			4
2024.12.16	01:50:35.434		0.57725			4
2024.12.16	01:50:36.285		0.57724			4
2024.12.16	01:50:36.592		0.57725			4
2024.12.16	01:50:37.165		0.57724			4
2024.12.16	01:50:37.502		0.57725			4
2024.12.16	01:50:38.159		0.57724			4
2024.12.16	01:50:38.510		0.57725			4
2024.12.16	01:50:39.416		0.57724			4
2024.12.16	01:50:41.282	0.57717	0.57720			6
2024.12.16	01:50:58.419		0.57719			4
2024.12.16	01:51:00.232	0.57717				2
2024.12.16	01:51:19.135		0.57718			4
2024.12.16	01:51:23.672	0.57716				2
2024.12.16	01:51:24.886	0.57717				2
2024.12.16	01:51:25.186	0.57715				2
2024.12.16	01:51:30.346	0.57713	0.57716			6
2024.12.16	01:51:30.649	0.57711	0.57713			6
2024.12.16	01:51:31.859	0.57710				2
2024.12.16	01:51:32.162		0.57714			4
2024.12.16	01:51:32.755	0.57711				2
2024.12.16	01:51:36.375		0.57713			4
2024.12.16	01:51:36.696		0.57714			4
2024.12.16	01:51:37.000		0.57713			4
2024.12.16	01:51:52.004	0.57714	0.57716			6
2024.12.16	01:51:53.213	0.57713	0.57717			6
2024.12.16	01:51:54.422		0.57716			4
2024.12.16	01:51:55.633	0.57714	0.57717			6
2024.12.16	01:51:56.240	0.57713	0.57716			6
2024.12.16	01:51:58.354	0.57714	0.57717			6
2024.12.16	01:51:58.958	0.57713	0.57716			6
2024.12.16	01:52:00.167	0.57713				2
2024.12.16	01:52:00.471	0.57712	0.57713			6
2024.12.16	01:52:01.073		0.57714			4
2024.12.16	01:52:01.378		0.57715			4
2024.12.16	01:52:01.729		0.57714			4
2024.12.16	01:52:03.846	0.57711				2
2024.12.16	01:52:05.107	0.57712				2
2024.12.16	01:52:11.461		0.57713			4
2024.12.16	01:52:12.064		0.57714			4
2024.12.16	01:52:12.671		0.57713			4
2024.12.16	01:52:14.837		0.57714			4
2024.12.16	01:52:15.442		0.57713			4
2024.12.16	01:52:16.651		0.57714			4
2024.12.16	01:52:16.964		0.57713			4
2024.12.16	01:52:17.580		0.57714			4
2024.12.16	01:52:18.184		0.57713			4
2024.12.16	01:52:20.300		0.57714			4
2024.12.16	01:52:20.907		0.57713			4
2024.12.16	01:52:23.025		0.57714			4
2024.12.16	01:52:23.328		0.57713			4
2024.12.16	01:52:25.746		0.57714			4
2024.12.16	01:52:26.352		0.57713			4
2024.12.16	01:52:28.165		0.57714			4
2024.12.16	01:52:28.769		0.57713			4
2024.12.16	01:52:30.886		0.57714			4
2024.12.16	01:52:31.493		0.57713			4
2024.12.16	01:52:33.608		0.57714			4
2024.12.16	01:52:34.214		0.57713			4
2024.12.16	01:52:35.425	0.57713	0.57714			6
2024.12.16	01:52:37.844	0.57712				2
2024.12.16	01:52:39.688		0.57713			4
2024.12.16	01:52:41.826		0.57714			4
2024.12.16	01:52:42.428		0.57713			4
2024.12.16	01:52:43.639	0.57713	0.57714			6
2024.12.16	01:52:44.548		0.57715			4
2024.12.16	01:52:46.059	0.57715	0.57716			6
2024.12.16	01:52:46.360	0.57718	0.57720			6
2024.12.16	01:52:47.267	0.57717	0.57722			6
2024.12.16	01:52:50.453		0.57721			4
2024.12.16	01:52:54.592		0.57720			4
2024.12.16	01:52:54.898	0.57716	0.57721			6
2024.12.16	01:52:55.497	0.57717				2
2024.12.16	01:52:55.888	0.57716				2
2024.12.16	01:52:56.235	0.57718	0.57722			6
2024.12.16	01:52:56.544	0.57719	0.57721			6
2024.12.16	01:52:58.388	0.57717				2
2024.12.16	01:53:00.202	0.57717				2
2024.12.16	01:53:00.506	0.57719				2
2024.12.16	01:53:01.111	0.57718				2
2024.12.16	01:53:03.228	0.57719				2
2024.12.16	01:53:03.830	0.57714	0.57719			6
2024.12.16	01:53:04.207	0.57715				2
2024.12.16	01:53:07.036		0.57718			4
2024.12.16	01:53:08.526	0.57714	0.57717			6
2024.12.16	01:53:12.501	0.57715				2
2024.12.16	01:53:17.392		0.57718			4
2024.12.16	01:53:20.414		0.57717			4
2024.12.16	01:53:28.278		0.57716			4
2024.12.16	01:53:30.698	0.57714	0.57715			6
2024.12.16	01:53:37.956	0.57713				2
2024.12.16	01:53:38.864	0.57709	0.57710			6
2024.12.16	01:53:39.166		0.57711			4
2024.12.16	01:53:40.352	0.57710	0.57712			6
2024.12.16	01:53:47.961		0.57711			4
2024.12.16	01:53:49.499	0.57708				2
2024.12.16	01:53:49.801		0.57709			4
2024.12.16	01:53:50.405	0.57709	0.57710			6
2024.12.16	01:53:52.876	0.57707	0.57709			6
2024.12.16	01:53:53.199	0.57708	0.57710			6
2024.12.16	01:53:54.034		0.57709			4
2024.12.16	01:53:54.639	0.57707	0.57708			6
2024.12.16	01:53:54.943	0.57708	0.57709			6
2024.12.16	01:53:55.901		0.57710			4
2024.12.16	01:53:56.405		0.57709			4
2024.12.16	01:53:56.707		0.57710			4
2024.12.16	01:53:58.521	0.57707				2
2024.12.16	01:53:58.824		0.57709			4
2024.12.16	01:54:00.034	0.57707				2
2024.12.16	01:54:01.242	0.57708				2
2024.12.16	01:54:01.546		0.57710			4
2024.12.16	01:54:05.501	0.57709				2
2024.12.16	01:54:08.222	0.57711	0.57712			6
2024.12.16	01:54:09.130	0.57710	0.57711			6
2024.12.16	01:54:15.180	0.57708	0.57710			6
2024.12.16	01:54:44.881	0.57707	0.57709			6
2024.12.16	01:54:45.182	0.57708				2
2024.12.16	01:54:48.814	0.57705	0.57707			6
2024.12.16	01:54:49.116	0.57706	0.57708			6
2024.12.16	01:54:49.417	0.57705	0.57707			6
2024.12.16	01:54:49.721	0.57704	0.57705			6
2024.12.16	01:54:50.326	0.57705	0.57706			6
2024.12.16	01:54:51.233	0.57704	0.57705			6
2024.12.16	01:54:55.468	0.57707	0.57708			6
2024.12.16	01:54:55.780	0.57708	0.57709			6
2024.12.16	01:54:56.104	0.57710	0.57711			6
2024.12.16	01:54:56.405	0.57711	0.57712			6
2024.12.16	01:55:00.061	0.57711				2
2024.12.16	01:55:01.128	0.57707	0.57711			6
2024.12.16	01:55:01.566	0.57708				2
2024.12.16	01:55:02.011	0.57707				2
2024.12.16	01:55:06.035	0.57706				2
2024.12.16	01:55:07.046	0.57705	0.57710			6
2024.12.16	01:55:08.270	0.57707				2
2024.12.16	01:55:08.648	0.57705				2
2024.12.16	01:55:09.001	0.57706				2
2024.12.16	01:55:13.201	0.57707				2
2024.12.16	01:55:14.148	0.57706				2
2024.12.16	01:55:14.453	0.57708				2
2024.12.16	01:55:14.781	0.57706				2
2024.12.16	01:55:17.959	0.57705				2
2024.12.16	01:55:19.747	0.57704	0.57708			6
2024.12.16	01:55:20.160	0.57703				2
2024.12.16	01:55:20.639		0.57707			4
2024.12.16	01:55:23.463	0.57702	0.57706			6
2024.12.16	01:55:31.378		0.57705			4
2024.12.16	01:55:37.195	0.57703				2
2024.12.16	01:55:38.201		0.57706			4
2024.12.16	01:55:38.857		0.57705			4
2024.12.16	01:55:42.485	0.57704				2
2024.12.16	01:56:00.185	0.57704				2
2024.12.16	01:56:00.937	0.57703	0.57704			6
2024.12.16	01:56:03.358		0.57705			4
2024.12.16	01:56:03.915		0.57704			4
2024.12.16	01:56:06.053		0.57705			4
2024.12.16	01:56:06.356	0.57702	0.57704			6
2024.12.16	01:56:09.107	0.57700	0.57701			6
2024.12.16	01:56:10.620	0.57697	0.57699			6
2024.12.16	01:56:10.924		0.57700			4
2024.12.16	01:56:12.832	0.57698				2
2024.12.16	01:56:15.751	0.57699				2
2024.12.16	01:56:17.421	0.57698				2
2024.12.16	01:56:17.728	0.57699				2
2024.12.16	01:56:18.637	0.57698	0.57699			6
2024.12.16	01:56:19.241	0.57699	0.57700			6
2024.12.16	01:56:19.551	0.57700	0.57701			6
2024.12.16	01:56:20.249	0.57699	0.57700			6
2024.12.16	01:56:21.462	0.57700	0.57701			6
2024.12.16	01:56:24.384	0.57701	0.57702			6
2024.12.16	01:56:32.424	0.57700	0.57701			6
2024.12.16	01:56:34.124		0.57702			4
2024.12.16	01:56:34.455	0.57701				2
2024.12.16	01:56:51.528	0.57704	0.57705			6
2024.12.16	01:56:51.858	0.57703	0.57704			6
2024.12.16	01:56:54.630	0.57701	0.57702			6
2024.12.16	01:56:57.591	0.57702	0.57703			6
2024.12.16	01:57:00.471	0.57702				2
2024.12.16	01:57:09.300	0.57701				2
2024.12.16	01:57:09.601		0.57702			4
2024.12.16	01:57:18.984	0.57697	0.57698			6
2024.12.16	01:57:19.593	0.57700	0.57701			6
2024.12.16	01:57:19.898	0.57699	0.57700			6
2024.12.16	01:57:20.853	0.57700	0.57701			6
2024.12.16	01:57:29.329	0.57699	0.57700			6
2024.12.16	01:57:34.472	0.57697	0.57698			6
2024.12.16	01:57:39.921	0.57696	0.57697			6
2024.12.16	01:57:41.132	0.57697	0.57698			6
2024.12.16	01:57:53.539	0.57699	0.57700			6
2024.12.16	01:57:57.474	0.57700	0.57701			6
2024.12.16	01:58:00.197	0.57700				2
2024.12.16	01:58:00.500	0.57701	0.57702			6
2024.12.16	01:58:01.127	0.57702	0.57703			6
2024.12.16	01:58:03.949	0.57697	0.57698			6
2024.12.16	01:58:05.157		0.57700			4
2024.12.16	01:58:10.707		0.57698			4
2024.12.16	01:58:11.012		0.57700			4
2024.12.16	01:58:12.113		0.57699			4
2024.12.16	01:58:20.071	0.57699	0.57700			6
2024.12.16	01:58:20.385		0.57701			4
2024.12.16	01:58:27.811	0.57700				2
2024.12.16	01:58:34.761	0.57698	0.57699			6
2024.12.16	01:58:35.409		0.57700			4
2024.12.16	01:58:38.347		0.57699			4
2024.12.16	01:58:39.293	0.57697				2
2024.12.16	01:58:40.805	0.57698				2
2024.12.16	01:58:41.410	0.57697				2
2024.12.16	01:58:41.711	0.57698				2
2024.12.16	01:58:42.316	0.57697				2
2024.12.16	01:58:42.622	0.57698				2
2024.12.16	01:58:43.529	0.57697				2
2024.12.16	01:58:44.132	0.57698				2
2024.12.16	01:58:44.438	0.57699	0.57700			6
2024.12.16	01:58:45.432	0.57697				2
2024.12.16	01:58:45.743		0.57699			4
2024.12.16	01:58:46.655	0.57699	0.57700			6
2024.12.16	01:58:52.099	0.57698				2
2024.12.16	01:58:53.171		0.57699			4
2024.12.16	01:58:58.024	0.57697				2
2024.12.16	01:58:59.233	0.57698				2
2024.12.16	01:58:59.538	0.57697				2
2024.12.16	01:59:00.142	0.57697				2
2024.12.16	01:59:00.746	0.57698				2
2024.12.16	01:59:01.051	0.57697				2
2024.12.16	01:59:01.958		0.57698			4
2024.12.16	01:59:02.865	0.57698	0.57699			6
2024.12.16	01:59:03.169	0.57697	0.57698			6
2024.12.16	01:59:04.076	0.57698	0.57699			6
2024.12.16	01:59:04.380	0.57697	0.57698			6
2024.12.16	01:59:10.766	0.57698	0.57699			6
2024.12.16	01:59:11.066	0.57697	0.57698			6
2024.12.16	01:59:11.977	0.57698	0.57699			6
2024.12.16	01:59:12.882	0.57697	0.57698			6
2024.12.16	01:59:14.095	0.57695	0.57696			6
2024.12.16	01:59:19.111	0.57693	0.57695			6
2024.12.16	01:59:21.861		0.57694			4
2024.12.16	01:59:36.137	0.57694	0.57695			6
2024.12.16	01:59:36.740	0.57693	0.57694			6
2024.12.16	01:59:37.649	0.57694	0.57695			6
2024.12.16	01:59:44.308	0.57695	0.57696			6
2024.12.16	01:59:47.633	0.57694	0.57695			6
2024.12.16	01:59:52.779	0.57693	0.57694			6
2024.12.16	01:59:55.825	0.57694	0.57695			6
2024.12.16	01:59:56.136	0.57698	0.57701			6
2024.12.16	01:59:56.464	0.57695				2
2024.12.16	01:59:56.766		0.57699			4
2024.12.16	01:59:58.011		0.57698			4
2024.12.16	02:00:00.324	0.57694	0.57696			6
2024.12.16	02:00:01.565	0.57695				2
2024.12.16	02:00:01.966	0.57696	0.57699			6
2024.12.16	02:00:03.542	0.57697				2
2024.12.16	02:00:03.917	0.57705	0.57706			6
2024.12.16	02:00:04.288	0.57704				2
2024.12.16	02:00:12.105	0.57703				2
2024.12.16	02:00:12.939	0.57704				2
2024.12.16	02:00:14.089	0.57703	0.57705			6
2024.12.16	02:00:14.414	0.57704				2
2024.12.16	02:00:14.717		0.57706			4
2024.12.16	02:00:15.131	0.57703				2
2024.12.16	02:00:15.517	0.57704	0.57705			6
2024.12.16	02:00:16.433		0.57706			4
2024.12.16	02:00:17.222	0.57703				2
2024.12.16	02:00:17.923	0.57704				2
2024.12.16	02:00:20.114	0.57705				2
2024.12.16	02:00:20.415	0.57702	0.57705			6
2024.12.16	02:00:20.813	0.57704				2
2024.12.16	02:00:25.475	0.57703				2
2024.12.16	02:00:25.809	0.57704				2
2024.12.16	02:00:31.186		0.57708			4
2024.12.16	02:00:31.832	0.57707	0.57710			6
2024.12.16	02:00:32.146	0.57708	0.57709			6
2024.12.16	02:00:32.464	0.57705				2
2024.12.16	02:00:33.981	0.57707	0.57710			6
2024.12.16	02:00:36.448	0.57709				2
2024.12.16	02:00:37.406		0.57711			4
2024.12.16	02:00:38.112	0.57710	0.57713			6
2024.12.16	02:00:38.427	0.57709	0.57712			6
2024.12.16	02:00:38.742	0.57711				2
2024.12.16	02:00:39.050		0.57713			4
2024.12.16	02:00:39.399	0.57710				2
2024.12.16	02:00:40.501	0.57708	0.57710			6
2024.12.16	02:00:40.815	0.57709				2
2024.12.16	02:00:41.117	0.57708				2
2024.12.16	02:00:41.580	0.57709				2
2024.12.16	02:00:42.027	0.57708				2
2024.12.16	02:00:45.612	0.57711	0.57713			6
2024.12.16	02:00:46.294	0.57712	0.57715			6
2024.12.16	02:00:46.628	0.57714	0.57716			6
2024.12.16	02:00:47.395	0.57713				2
2024.12.16	02:00:47.741	0.57714				2
2024.12.16	02:00:48.380	0.57715	0.57717			6
2024.12.16	02:00:49.303		0.57716			4
2024.12.16	02:00:51.544	0.57714				2
2024.12.16	02:00:55.667	0.57713	0.57714			6
2024.12.16	02:01:00.298	0.57713				2
2024.12.16	02:01:03.095	0.57716	0.57717			6
2024.12.16	02:01:03.780	0.57715				2
2024.12.16	02:01:04.084	0.57716	0.57718			6
2024.12.16	02:01:04.388		0.57719			4
2024.12.16	02:01:05.399	0.57718				2
2024.12.16	02:01:05.705	0.57722	0.57723			6
2024.12.16	02:01:13.272	0.57721				2
2024.12.16	02:01:14.078	0.57725	0.57726			6
2024.12.16	02:01:14.385	0.57724	0.57727			6
2024.12.16	02:01:15.376	0.57725				2
2024.12.16	02:01:15.688	0.57726	0.57728			6
2024.12.16	02:01:19.184	0.57721	0.57723			6
2024.12.16	02:01:20.442	0.57728	0.57730			6
2024.12.16	02:01:20.744	0.57726	0.57729			6
2024.12.16	02:01:28.195	0.57727				2
2024.12.16	02:01:29.251	0.57723	0.57725			6
2024.12.16	02:01:29.564	0.57724				2
2024.12.16	02:01:30.512	0.57726	0.57727			6
2024.12.16	02:01:31.093	0.57725	0.57726			6
2024.12.16	02:01:33.272	0.57722	0.57724			6
2024.12.16	02:01:36.703	0.57724	0.57725			6
2024.12.16	02:01:37.020	0.57725	0.57726			6
2024.12.16	02:01:38.626		0.57728			4
2024.12.16	02:01:41.641		0.57727			4
2024.12.16	02:01:44.563	0.57727	0.57729			6
2024.12.16	02:01:44.885	0.57728				2
2024.12.16	02:01:45.207		0.57730			4
2024.12.16	02:01:48.175	0.57726	0.57728			6
2024.12.16	02:01:48.483	0.57725				2
2024.12.16	02:01:48.950	0.57724	0.57727			6
2024.12.16	02:01:49.755		0.57725			4
2024.12.16	02:01:51.674	0.57723				2
2024.12.16	02:01:51.977	0.57719	0.57721			6
2024.12.16	02:01:52.286	0.57720				2
2024.12.16	02:01:55.681	0.57718	0.57719			6
2024.12.16	02:01:56.003	0.57720	0.57721			6
2024.12.16	02:01:58.760	0.57721	0.57722			6
2024.12.16	02:01:59.799	0.57723	0.57724			6
2024.12.16	02:02:00.132	0.57723				2
2024.12.16	02:02:04.547	0.57725	0.57726			6
2024.12.16	02:02:07.137	0.57727	0.57728			6
2024.12.16	02:02:14.792	0.57728	0.57729			6
2024.12.16	02:02:15.116	0.57727				2
2024.12.16	02:02:17.751	0.57726	0.57730			6
2024.12.16	02:02:22.082		0.57729			4
2024.12.16	02:02:22.708		0.57730			4
2024.12.16	02:02:25.008		0.57729			4
2024.12.16	02:02:25.331		0.57730			4
2024.12.16	02:02:30.484		0.57729			4
2024.12.16	02:02:34.626	0.57728				2
2024.12.16	02:02:34.928	0.57729	0.57730			6
2024.12.16	02:02:35.841	0.57728				2
2024.12.16	02:02:36.614	0.57729				2
2024.12.16	02:02:40.185	0.57728				2
2024.12.16	02:02:41.625	0.57731	0.57733			6
2024.12.16	02:02:48.132	0.57728	0.57729			6
2024.12.16	02:02:49.261	0.57726	0.57727			6
2024.12.16	02:02:50.019	0.57724				2
2024.12.16	02:02:55.898	0.57723				2
2024.12.16	02:02:57.118	0.57724				2
2024.12.16	02:03:00.359	0.57725	0.57728			6
2024.12.16	02:03:00.996	0.57726				2
2024.12.16	02:03:01.899	0.57725				2
2024.12.16	02:03:02.656	0.57726				2
2024.12.16	02:03:04.036	0.57725				2
2024.12.16	02:03:06.338	0.57728	0.57731			6
2024.12.16	02:03:06.658	0.57729				2
2024.12.16	02:03:11.968	0.57726	0.57729			6
2024.12.16	02:03:14.062	0.57728	0.57731			6
2024.12.16	02:03:14.366	0.57727	0.57730			6
2024.12.16	02:03:14.686		0.57729			4
2024.12.16	02:03:19.273	0.57726				2
2024.12.16	02:03:20.181	0.57727				2
2024.12.16	02:03:20.483		0.57730			4
2024.12.16	02:03:20.846	0.57730	0.57731			6
2024.12.16	02:03:21.813	0.57731	0.57732			6
2024.12.16	02:03:28.582	0.57734	0.57735			6
2024.12.16	02:03:30.357	0.57733				2
2024.12.16	02:03:31.761	0.57732	0.57733			6
2024.12.16	02:03:32.065	0.57733	0.57735			6
2024.12.16	02:03:32.683	0.57734	0.57736			6
2024.12.16	02:03:33.355	0.57735				2
2024.12.16	02:03:37.730	0.57737	0.57738			6
2024.12.16	02:03:38.808	0.57736				2
2024.12.16	02:03:40.700	0.57734	0.57736			6
2024.12.16	02:03:43.841	0.57733	0.57735			6
2024.12.16	02:03:44.969	0.57731	0.57733			6
2024.12.16	02:03:46.863	0.57730				2
2024.12.16	02:03:49.395	0.57734	0.57735			6
2024.12.16	02:03:50.769	0.57732	0.57733			6
2024.12.16	02:03:51.070		0.57734			4
2024.12.16	02:03:51.772	0.57731	0.57733			6
2024.12.16	02:03:56.365	0.57730	0.57731			6
2024.12.16	02:03:59.103	0.57729	0.57730			6
2024.12.16	02:03:59.418	0.57728				2
2024.12.16	02:04:00.352	0.57727	0.57729			6
2024.12.16	02:04:12.343	0.57726	0.57727			6
2024.12.16	02:04:12.645	0.57722	0.57724			6
2024.12.16	02:04:13.867	0.57724	0.57725			6
2024.12.16	02:04:14.550	0.57723	0.57724			6
2024.12.16	02:04:16.428	0.57725	0.57726			6
2024.12.16	02:04:21.117	0.57724	0.57725			6
2024.12.16	02:04:21.649	0.57725	0.57726			6
2024.12.16	02:04:22.108	0.57726	0.57727			6
2024.12.16	02:04:23.221	0.57724	0.57726			6
2024.12.16	02:04:24.787	0.57728	0.57730			6
2024.12.16	02:04:25.086	0.57725	0.57731			6
2024.12.16	02:04:27.252	0.57728				2
2024.12.16	02:04:29.275	0.57726	0.57729			6
2024.12.16	02:04:29.624		0.57730			4
2024.12.16	02:04:30.155	0.57725				2
2024.12.16	02:04:30.464		0.57729			4
2024.12.16	02:04:30.775	0.57726	0.57730			6
2024.12.16	02:04:31.614	0.57725				2
2024.12.16	02:04:33.867		0.57728			4
2024.12.16	02:04:34.193	0.57724				2
2024.12.16	02:04:37.111		0.57727			4
2024.12.16	02:04:39.726		0.57725			4
2024.12.16	02:04:40.070	0.57723				2
2024.12.16	02:04:40.373	0.57724	0.57726			6
2024.12.16	02:04:41.177	0.57723	0.57725			6
2024.12.16	02:04:41.483	0.57724	0.57726			6
2024.12.16	02:04:42.465		0.57725			4
2024.12.16	02:04:42.794	0.57722	0.57724			6
2024.12.16	02:04:43.161	0.57725	0.57726			6
2024.12.16	02:04:48.405		0.57727			4
2024.12.16	02:04:51.519	0.57728	0.57730			6
2024.12.16	02:04:54.538	0.57727				2
2024.12.16	02:04:55.227	0.57728				2
2024.12.16	02:05:00.651	0.57725	0.57728			6
2024.12.16	02:05:01.136	0.57726				2
2024.12.16	02:05:04.230	0.57729	0.57730			6
2024.12.16	02:05:04.543	0.57728				2
2024.12.16	02:05:10.083	0.57729	0.57731			6
2024.12.16	02:05:18.300	0.57730				2
2024.12.16	02:05:18.802	0.57731	0.57732			6
2024.12.16	02:05:20.446	0.57730	0.57731			6
2024.12.16	02:05:20.803	0.57733	0.57734			6
2024.12.16	02:05:23.633	0.57734	0.57735			6
2024.12.16	02:05:24.250	0.57735	0.57736			6
2024.12.16	02:05:26.805	0.57730	0.57733			6
2024.12.16	02:05:28.842	0.57734	0.57735			6
2024.12.16	02:05:30.384	0.57732				2
2024.12.16	02:05:31.767	0.57728	0.57730			6
2024.12.16	02:05:32.072	0.57727	0.57729			6
2024.12.16	02:05:33.783	0.57728				2
2024.12.16	02:05:34.773	0.57726	0.57727			6
2024.12.16	02:05:35.086		0.57728			4
2024.12.16	02:05:36.236	0.57728	0.57729			6
2024.12.16	02:05:37.745	0.57729	0.57730			6
2024.12.16	02:05:38.113	0.57728	0.57729			6
2024.12.16	02:05:38.541	0.57724	0.57728			6
2024.12.16	02:05:39.338		0.57727			4
2024.12.16	02:05:42.496	0.57722	0.57724			6
2024.12.16	02:05:44.171		0.57725			4
2024.12.16	02:05:44.589		0.57724			4
2024.12.16	02:05:45.658	0.57721				2
2024.12.16	02:05:46.846	0.57722				2
2024.12.16	02:05:47.165		0.57725			4
2024.12.16	02:05:47.468		0.57724			4
2024.12.16	02:05:48.755	0.57723	0.57725			6
2024.12.16	02:05:49.279		0.57724			4
2024.12.16	02:05:51.363	0.57721	0.57723			6
2024.12.16	02:05:51.670	0.57722				2
2024.12.16	02:05:52.382	0.57724	0.57725			6
2024.12.16	02:05:54.901	0.57723	0.57724			6
2024.12.16	02:05:55.961	0.57722	0.57723			6
2024.12.16	02:05:58.534	0.57723	0.57724			6
2024.12.16	02:06:00.211	0.57723				2
2024.12.16	02:06:02.350	0.57724	0.57725			6
2024.12.16	02:06:02.667		0.57726			4
2024.12.16	02:06:02.983	0.57725				2
2024.12.16	02:06:04.073	0.57722	0.57723			6
2024.12.16	02:06:04.383		0.57724			4
2024.12.16	02:06:06.304	0.57725	0.57726			6
2024.12.16	02:06:09.071	0.57722	0.57723			6
2024.12.16	02:06:11.158	0.57724	0.57725			6
2024.12.16	02:06:11.494	0.57723	0.57724			6
2024.12.16	02:06:13.862	0.57721	0.57723			6
2024.12.16	02:06:17.180	0.57723	0.57725			6
2024.12.16	02:06:17.712	0.57720	0.57723			6
2024.12.16	02:06:21.491	0.57723	0.57724			6
2024.12.16	02:06:23.627	0.57724	0.57725			6
2024.12.16	02:06:24.579	0.57723	0.57724			6
2024.12.16	02:06:28.505	0.57726	0.57727			6
2024.12.16	02:06:31.421	0.57725	0.57726			6
2024.12.16	02:06:32.929	0.57724				2
2024.12.16	02:06:33.479	0.57725				2
2024.12.16	02:06:33.836	0.57724				2
2024.12.16	02:06:34.152	0.57725				2
2024.12.16	02:06:35.301	0.57727	0.57728			6
2024.12.16	02:06:36.449	0.57723	0.57724			6
2024.12.16	02:06:39.778	0.57724	0.57726			6
2024.12.16	02:06:40.194	0.57723	0.57725			6
2024.12.16	02:06:41.248		0.57724			4
2024.12.16	02:06:41.867	0.57722				2
2024.12.16	02:06:44.891		0.57725			4
2024.12.16	02:06:46.053	0.57724				2
2024.12.16	02:06:46.551	0.57723	0.57724			6
2024.12.16	02:06:53.207	0.57721	0.57722			6
2024.12.16	02:06:53.518	0.57720				2
2024.12.16	02:06:55.337	0.57722	0.57723			6
2024.12.16	02:06:55.640	0.57723	0.57724			6
2024.12.16	02:06:57.643	0.57721	0.57723			6
2024.12.16	02:07:00.458	0.57720	0.57721			6
2024.12.16	02:07:02.005		0.57722			4
2024.12.16	02:07:05.590	0.57721				2
2024.12.16	02:07:05.895	0.57722	0.57723			6
2024.12.16	02:07:06.744	0.57721				2
2024.12.16	02:07:10.326	0.57715	0.57717			6
2024.12.16	02:07:10.637	0.57716				2
2024.12.16	02:07:10.938	0.57718	0.57719			6
2024.12.16	02:07:15.171	0.57715	0.57717			6
2024.12.16	02:07:18.263	0.57716	0.57718			6
2024.12.16	02:07:24.369	0.57713	0.57715			6
2024.12.16	02:07:24.989	0.57712	0.57714			6
2024.12.16	02:07:25.605	0.57710	0.57713			6
2024.12.16	02:07:25.907		0.57712			4
2024.12.16	02:07:31.565	0.57708	0.57711			6
2024.12.16	02:07:31.867	0.57709	0.57710			6
2024.12.16	02:07:33.383	0.57710	0.57711			6
2024.12.16	02:07:38.676	0.57711	0.57712			6
2024.12.16	02:07:41.160	0.57707	0.57708			6
2024.12.16	02:07:41.474	0.57706				2
2024.12.16	02:07:41.837	0.57702	0.57705			6
2024.12.16	02:07:42.148	0.57706	0.57707			6
2024.12.16	02:07:48.932	0.57707	0.57708			6
2024.12.16	02:07:49.950	0.57706				2
2024.12.16	02:07:50.508	0.57707				2
2024.12.16	02:07:51.611		0.57709			4
2024.12.16	02:07:52.569	0.57709	0.57710			6
2024.12.16	02:07:58.096	0.57707	0.57708			6
2024.12.16	02:07:59.350		0.57709			4
2024.12.16	02:08:00.395	0.57709	0.57710			6
2024.12.16	02:08:12.009	0.57707	0.57708			6
2024.12.16	02:08:14.171	0.57706				2
2024.12.16	02:08:19.063	0.57707				2
2024.12.16	02:08:21.465	0.57709	0.57710			6
2024.12.16	02:08:22.621	0.57710	0.57712			6
2024.12.16	02:08:22.932	0.57709	0.57710			6
2024.12.16	02:08:23.538	0.57708	0.57709			6
2024.12.16	02:08:24.143		0.57710			4
2024.12.16	02:08:26.714		0.57709			4
2024.12.16	02:08:30.645	0.57709	0.57710			6
2024.12.16	02:08:30.951	0.57708				2
2024.12.16	02:08:32.197	0.57706	0.57708			6
2024.12.16	02:08:44.666	0.57702	0.57703			6
2024.12.16	02:08:45.278		0.57704			4
2024.12.16	02:08:51.550	0.57704	0.57705			6
2024.12.16	02:09:00.314	0.57708	0.57709			6
2024.12.16	02:09:00.621	0.57707	0.57708			6
2024.12.16	02:09:01.228	0.57706				2
2024.12.16	02:09:06.984		0.57707			4
2024.12.16	02:09:10.420		0.57708			4
2024.12.16	02:09:15.268		0.57707			4
2024.12.16	02:09:19.207	0.57703	0.57704			6
2024.12.16	02:09:19.512	0.57704	0.57705			6
2024.12.16	02:09:21.025	0.57700	0.57703			6
2024.12.16	02:09:21.330		0.57702			4
2024.12.16	02:09:24.659	0.57698	0.57701			6
2024.12.16	02:09:24.963	0.57699	0.57700			6
2024.12.16	02:09:27.687	0.57698				2
2024.12.16	02:09:28.292		0.57699			4
2024.12.16	02:09:30.413	0.57697	0.57698			6
2024.12.16	02:09:39.546	0.57696				2
2024.12.16	02:09:41.081		0.57697			4
2024.12.16	02:09:43.831	0.57697	0.57698			6
2024.12.16	02:09:44.136	0.57696	0.57697			6
2024.12.16	02:09:47.787	0.57697	0.57698			6
2024.12.16	02:09:48.089	0.57696	0.57697			6
2024.12.16	02:09:49.601	0.57697	0.57698			6
2024.12.16	02:09:49.903	0.57696	0.57697			6
2024.12.16	02:09:50.538	0.57697	0.57698			6
2024.12.16	02:09:50.843	0.57696	0.57697			6
2024.12.16	02:09:51.447	0.57691	0.57692			6
2024.12.16	02:09:51.752	0.57690	0.57691			6
2024.12.16	02:09:52.428	0.57695	0.57696			6
2024.12.16	02:09:56.170	0.57699	0.57701			6
2024.12.16	02:09:56.510	0.57698				2
2024.12.16	02:09:56.833		0.57700			4
2024.12.16	02:10:00.037	0.57698				2
2024.12.16	02:10:00.934	0.57699	0.57701			6
2024.12.16	02:10:02.348	0.57700				2
2024.12.16	02:10:02.999		0.57702			4
2024.12.16	02:10:06.920	0.57696	0.57699			6
2024.12.16	02:10:09.053	0.57697				2
2024.12.16	02:10:10.266	0.57698	0.57700			6
2024.12.16	02:10:11.759	0.57697				2
2024.12.16	02:10:14.344	0.57696	0.57698			6
2024.12.16	02:10:15.559		0.57699			4
2024.12.16	02:10:24.797	0.57699	0.57700			6
2024.12.16	02:10:25.996	0.57697				2
2024.12.16	02:10:26.307	0.57698				2
2024.12.16	02:10:27.253	0.57696	0.57699			6
2024.12.16	02:10:27.565	0.57697	0.57700			6
2024.12.16	02:10:29.385		0.57699			4
2024.12.16	02:10:32.717		0.57700			4
2024.12.16	02:10:41.405		0.57699			4
2024.12.16	02:10:52.030	0.57698				2
2024.12.16	02:10:52.334	0.57697	0.57698			6
2024.12.16	02:10:52.666		0.57699			4
2024.12.16	02:10:53.576	0.57698				2
2024.12.16	02:10:54.482	0.57704	0.57705			6
2024.12.16	02:10:55.393		0.57707			4
2024.12.16	02:10:56.111	0.57705				2
2024.12.16	02:10:57.372	0.57704				2
2024.12.16	02:10:57.901		0.57706			4
2024.12.16	02:11:00.054	0.57704				2
2024.12.16	02:11:00.387	0.57702	0.57704			6
2024.12.16	02:11:01.602	0.57701				2
2024.12.16	02:11:04.286	0.57700	0.57703			6
2024.12.16	02:11:25.144		0.57702			4
2024.12.16	02:11:25.447	0.57703	0.57704			6
2024.12.16	02:11:26.361	0.57702	0.57703			6
2024.12.16	02:11:27.572		0.57704			4
2024.12.16	02:11:28.513		0.57703			4
2024.12.16	02:11:33.056		0.57704			4
2024.12.16	02:11:34.572		0.57703			4
2024.12.16	02:11:35.804		0.57704			4
2024.12.16	02:11:40.127		0.57703			4
2024.12.16	02:11:47.718	0.57705	0.57707			6
2024.12.16	02:11:48.023	0.57708	0.57709			6
2024.12.16	02:11:49.234		0.57711			4
2024.12.16	02:11:52.808	0.57709				2
2024.12.16	02:11:54.672		0.57710			4
2024.12.16	02:11:57.507		0.57711			4
2024.12.16	02:12:00.018	0.57709				2
2024.12.16	02:12:00.391	0.57710	0.57712			6
2024.12.16	02:12:01.176		0.57713			4
2024.12.16	02:12:01.501	0.57712				2
2024.12.16	02:12:01.803	0.57711				2
2024.12.16	02:12:02.132	0.57712	0.57714			6
2024.12.16	02:12:03.968	0.57713				2
2024.12.16	02:12:05.815	0.57716	0.57718			6
2024.12.16	02:12:06.701	0.57717				2
2024.12.16	02:12:07.021	0.57716				2
2024.12.16	02:12:07.329		0.57719			4
2024.12.16	02:12:10.356		0.57718			4
2024.12.16	02:12:13.384		0.57719			4
2024.12.16	02:12:14.293	0.57717				2
2024.12.16	02:12:18.536		0.57718			4
2024.12.16	02:12:19.446	0.57716				2
2024.12.16	02:12:21.265		0.57717			4
2024.12.16	02:12:28.842	0.57715				2
2024.12.16	02:12:29.749	0.57716				2
2024.12.16	02:12:31.586	0.57712	0.57715			6
2024.12.16	02:12:31.890	0.57713	0.57714			6
2024.12.16	02:12:33.706	0.57710	0.57712			6
2024.12.16	02:12:34.008	0.57708	0.57710			6
2024.12.16	02:12:35.220		0.57711			4
2024.12.16	02:12:39.625	0.57711	0.57713			6
2024.12.16	02:12:40.248	0.57713	0.57714			6
2024.12.16	02:12:41.157	0.57712				2
2024.12.16	02:12:41.761	0.57713				2
2024.12.16	02:12:42.368	0.57712	0.57713			6
2024.12.16	02:12:43.328	0.57711				2
2024.12.16	02:12:43.937	0.57715	0.57716			6
2024.12.16	02:12:45.146		0.57717			4
2024.12.16	02:12:46.281		0.57716			4
2024.12.16	02:12:50.605	0.57714				2
2024.12.16	02:12:52.116	0.57713	0.57714			6
2024.12.16	02:12:52.424	0.57710	0.57712			6
2024.12.16	02:12:52.727	0.57712	0.57714			6
2024.12.16	02:13:00.090	0.57712				2
2024.12.16	02:13:09.530		0.57713			4
2024.12.16	02:13:21.345	0.57711				2
2024.12.16	02:13:22.251		0.57712			4
2024.12.16	02:13:26.487	0.57710				2
2024.12.16	02:13:37.417	0.57708	0.57710			6
2024.12.16	02:13:42.567	0.57707	0.57708			6
2024.12.16	02:13:45.024	0.57706	0.57707			6
2024.12.16	02:13:47.145	0.57705				2
2024.12.16	02:13:49.570	0.57706				2
2024.12.16	02:13:51.107	0.57707	0.57708			6
2024.12.16	02:13:52.015	0.57706	0.57707			6
2024.12.16	02:13:52.923	0.57707	0.57708			6
2024.12.16	02:13:53.227	0.57706	0.57707			6
2024.12.16	02:13:53.529	0.57707	0.57708			6
2024.12.16	02:13:53.834	0.57706	0.57707			6
2024.12.16	02:13:54.739	0.57705				2
2024.12.16	02:14:00.215	0.57705				2
2024.12.16	02:14:01.427	0.57706				2
2024.12.16	02:14:01.732	0.57705				2
2024.12.16	02:14:02.336	0.57706				2
2024.12.16	02:14:04.783	0.57704	0.57706			6
2024.12.16	02:14:18.714	0.57705	0.57707			6
2024.12.16	02:14:23.864	0.57707	0.57708			6
2024.12.16	02:14:24.169	0.57708	0.57709			6
2024.12.16	02:14:25.684	0.57707	0.57708			6
2024.12.16	02:14:27.803	0.57708	0.57709			6
2024.12.16	02:14:28.411	0.57707	0.57708			6
2024.12.16	02:14:29.323	0.57708	0.57709			6
2024.12.16	02:14:32.432	0.57707	0.57708			6
2024.12.16	02:14:35.462	0.57706				2
2024.12.16	02:14:39.724	0.57707				2
2024.12.16	02:14:43.054		0.57709			4
2024.12.16	02:14:45.781	0.57706	0.57708			6
2024.12.16	02:14:46.084	0.57705	0.57707			6
2024.12.16	02:14:46.388	0.57706	0.57708			6
2024.12.16	02:14:51.540	0.57707	0.57709			6
2024.12.16	02:14:52.145	0.57706	0.57708			6
2024.12.16	02:14:52.749	0.57707	0.57709			6
2024.12.16	02:14:53.052	0.57706	0.57708			6
2024.12.16	02:14:54.266	0.57701	0.57703			6
2024.12.16	02:14:54.568	0.57700	0.57702			6
2024.12.16	02:14:56.083	0.57704	0.57706			6
2024.12.16	02:14:56.387	0.57706	0.57707			6
2024.12.16	02:14:56.992	0.57705				2
2024.12.16	02:14:57.295		0.57709			4
2024.12.16	02:14:59.095		0.57708			4
2024.12.16	02:14:59.395		0.57709			4
2024.12.16	02:15:00.327	0.57702	0.57704			6
2024.12.16	02:15:00.639	0.57701				2
2024.12.16	02:15:03.307	0.57699	0.57701			6
2024.12.16	02:15:03.622		0.57702			4
2024.12.16	02:15:08.195	0.57700				2
2024.12.16	02:15:11.450	0.57699	0.57701			6
2024.12.16	02:15:11.767	0.57697	0.57700			6
2024.12.16	02:15:14.016	0.57695	0.57699			6
2024.12.16	02:15:14.333	0.57693	0.57697			6
2024.12.16	02:15:16.942	0.57694				2
2024.12.16	02:15:19.482	0.57693				2
2024.12.16	02:15:19.914	0.57692	0.57696			6
2024.12.16	02:15:20.223		0.57695			4
2024.12.16	02:15:20.553	0.57693	0.57696			6
2024.12.16	02:15:23.727	0.57692	0.57695			6
2024.12.16	02:15:24.747	0.57693	0.57696			6
2024.12.16	02:15:25.051	0.57692				2
2024.12.16	02:15:26.216	0.57694				2
2024.12.16	02:15:27.350	0.57696	0.57699			6
2024.12.16	02:15:29.662	0.57695				2
2024.12.16	02:15:30.282	0.57696				2
2024.12.16	02:15:30.857	0.57695	0.57698			6
2024.12.16	02:15:32.559	0.57699	0.57701			6
2024.12.16	02:15:32.866	0.57698				2
2024.12.16	02:15:33.691	0.57699				2
2024.12.16	02:15:34.132	0.57698				2
2024.12.16	02:15:35.293	0.57697	0.57700			6
2024.12.16	02:15:36.301	0.57696				2
2024.12.16	02:15:37.406	0.57698				2
2024.12.16	02:15:38.336	0.57697				2
2024.12.16	02:15:40.760	0.57698				2
2024.12.16	02:15:41.064	0.57697				2
2024.12.16	02:15:41.416	0.57698				2
2024.12.16	02:15:41.720	0.57697	0.57701			6
2024.12.16	02:15:42.156	0.57698				2
2024.12.16	02:15:42.492	0.57697				2
2024.12.16	02:15:42.800	0.57698				2
2024.12.16	02:15:43.150	0.57697				2
2024.12.16	02:15:43.488	0.57698				2
2024.12.16	02:15:44.549	0.57697	0.57700			6
2024.12.16	02:15:51.462		0.57699			4
2024.12.16	02:15:51.766		0.57700			4
2024.12.16	02:15:52.067	0.57695	0.57698			6
2024.12.16	02:15:58.971		0.57697			4
2024.12.16	02:15:59.276		0.57698			4
2024.12.16	02:16:00.227	0.57695				2
2024.12.16	02:16:00.551	0.57694	0.57697			6
2024.12.16	02:16:01.523	0.57695				2
2024.12.16	02:16:03.937		0.57698			4
2024.12.16	02:16:05.445	0.57698	0.57700			6
2024.12.16	02:16:06.087		0.57699			4
2024.12.16	02:16:06.389	0.57697				2
2024.12.16	02:16:06.692	0.57698				2
2024.12.16	02:16:09.117	0.57697				2
2024.12.16	02:16:09.420	0.57696	0.57698			6
2024.12.16	02:16:10.378		0.57699			4
2024.12.16	02:16:11.387		0.57698			4
2024.12.16	02:16:24.133	0.57697				2
2024.12.16	02:16:24.461	0.57696				2
2024.12.16	02:16:27.184		0.57697			4
2024.12.16	02:16:28.111	0.57695	0.57696			6
2024.12.16	02:16:28.418	0.57692	0.57693			6
2024.12.16	02:16:28.741	0.57693	0.57694			6
2024.12.16	02:16:29.655		0.57695			4
2024.12.16	02:16:32.080		0.57694			4
2024.12.16	02:16:32.989		0.57695			4
2024.12.16	02:16:34.501		0.57694			4
2024.12.16	02:16:34.808		0.57695			4
2024.12.16	02:16:35.412		0.57694			4
2024.12.16	02:16:36.018	0.57691	0.57693			6
2024.12.16	02:16:37.230	0.57693	0.57694			6
2024.12.16	02:16:37.835	0.57692	0.57693			6
2024.12.16	02:16:38.138	0.57693	0.57694			6
2024.12.16	02:16:38.441	0.57692	0.57693			6
2024.12.16	02:16:39.349	0.57691				2
2024.12.16	02:16:39.957	0.57692				2
2024.12.16	02:16:42.401	0.57691				2
2024.12.16	02:16:43.037	0.57690	0.57692			6
2024.12.16	02:16:47.299	0.57686	0.57689			6
2024.12.16	02:16:47.605		0.57688			4
2024.12.16	02:16:48.211		0.57689			4
2024.12.16	02:16:50.295	0.57687				2
2024.12.16	02:16:52.129		0.57690			4
2024.12.16	02:16:52.513	0.57688				2
2024.12.16	02:16:53.190		0.57689			4
2024.12.16	02:16:55.614	0.57687				2
2024.12.16	02:16:55.916	0.57688	0.57690			6
2024.12.16	02:17:00.357	0.57690	0.57691			6
2024.12.16	02:17:02.634	0.57692	0.57694			6
2024.12.16	02:17:04.809	0.57695	0.57699			6
2024.12.16	02:17:06.018	0.57694				2
2024.12.16	02:17:07.834	0.57695				2
2024.12.16	02:17:08.138	0.57694				2
2024.12.16	02:17:08.441	0.57695				2
2024.12.16	02:17:08.744	0.57693	0.57698			6
2024.12.16	02:17:09.048	0.57692	0.57697			6
2024.12.16	02:17:09.349	0.57695				2
2024.12.16	02:17:09.650	0.57696	0.57700			6
2024.12.16	02:17:10.279		0.57701			4
2024.12.16	02:17:20.518		0.57700			4
2024.12.16	02:17:21.431	0.57694	0.57699			6
2024.12.16	02:17:21.741	0.57695				2
2024.12.16	02:17:23.781		0.57700			4
2024.12.16	02:17:24.341		0.57699			4
2024.12.16	02:17:25.887	0.57696	0.57700			6
2024.12.16	02:17:26.221		0.57701			4
2024.12.16	02:17:27.252		0.57700			4
2024.12.16	02:17:30.573		0.57701			4
2024.12.16	02:17:38.241		0.57700			4
2024.12.16	02:17:40.058	0.57697	0.57701			6
2024.12.16	02:17:42.175		0.57700			4
2024.12.16	02:17:42.478	0.57700	0.57704			6
2024.12.16	02:17:42.780	0.57703	0.57706			6
2024.12.16	02:17:44.293		0.57707			4
2024.12.16	02:17:45.810	0.57704				2
2024.12.16	02:17:52.774		0.57706			4
2024.12.16	02:17:53.683		0.57707			4
2024.12.16	02:17:53.987	0.57702	0.57706			6
2024.12.16	02:17:54.288	0.57703				2
2024.12.16	02:17:55.802	0.57704				2
2024.12.16	02:17:56.109	0.57703	0.57707			6
2024.12.16	02:17:56.454	0.57704				2
2024.12.16	02:17:57.670	0.57703				2
2024.12.16	02:18:00.534	0.57703	0.57706			6
2024.12.16	02:18:01.458		0.57707			4
2024.12.16	02:18:03.562		0.57706			4
2024.12.16	02:18:04.181	0.57701	0.57705			6
2024.12.16	02:18:04.486		0.57704			4
2024.12.16	02:18:04.837		0.57705			4
2024.12.16	02:18:05.179	0.57702	0.57706			6
2024.12.16	02:18:07.262		0.57705			4
2024.12.16	02:18:09.383	0.57703				2
2024.12.16	02:18:10.594	0.57702				2
2024.12.16	02:18:22.726		0.57704			4
2024.12.16	02:18:25.757	0.57704	0.57705			6
2024.12.16	02:18:26.665	0.57703				2
2024.12.16	02:18:31.212		0.57704			4
2024.12.16	02:18:32.424	0.57701				2
2024.12.16	02:18:34.322		0.57703			4
2024.12.16	02:18:36.463	0.57702	0.57704			6
2024.12.16	02:18:36.768		0.57703			4
2024.12.16	02:18:37.071		0.57704			4
2024.12.16	02:18:40.398	0.57701	0.57703			6
2024.12.16	02:18:41.610	0.57703	0.57704			6
2024.12.16	02:18:41.913	0.57702				2
2024.12.16	02:18:42.217	0.57701	0.57703			6
2024.12.16	02:18:42.821	0.57703	0.57704			6
2024.12.16	02:18:47.697	0.57702				2
2024.12.16	02:18:48.607	0.57701	0.57703			6
2024.12.16	02:18:53.757	0.57702	0.57704			6
2024.12.16	02:18:58.607	0.57701	0.57703			6
2024.12.16	02:19:00.122	0.57701				2
2024.12.16	02:19:00.446	0.57703	0.57704			6
2024.12.16	02:19:05.900	0.57701	0.57703			6
2024.12.16	02:19:06.210	0.57702	0.57704			6
2024.12.16	02:19:21.806	0.57701	0.57703			6
2024.12.16	02:19:23.623	0.57702	0.57704			6
2024.12.16	02:19:30.281	0.57701	0.57703			6
2024.12.16	02:19:30.886	0.57697	0.57699			6
2024.12.16	02:19:31.492		0.57698			4
2024.12.16	02:19:31.795		0.57699			4
2024.12.16	02:19:32.401	0.57696	0.57698			6
2024.12.16	02:19:32.703	0.57697				2
2024.12.16	02:19:33.914		0.57699			4
2024.12.16	02:19:34.821	0.57698				2
2024.12.16	02:19:35.427	0.57697				2
2024.12.16	02:19:36.334		0.57698			4
2024.12.16	02:19:37.246		0.57699			4
2024.12.16	02:19:39.366	0.57699	0.57701			6
2024.12.16	02:19:41.486	0.57695	0.57697			6
2024.12.16	02:19:42.090	0.57696	0.57698			6
2024.12.16	02:19:42.392	0.57695				2
2024.12.16	02:19:55.805	0.57696	0.57697			6
2024.12.16	02:19:56.113	0.57704	0.57705			6
2024.12.16	02:19:56.726	0.57702	0.57704			6
2024.12.16	02:19:57.371		0.57705			4
2024.12.16	02:19:58.582		0.57706			4
2024.12.16	02:19:59.547	0.57698	0.57700			6
2024.12.16	02:20:00.229	0.57697				2
2024.12.16	02:20:02.203	0.57696				2
2024.12.16	02:20:03.049	0.57697				2
2024.12.16	02:20:05.695	0.57700	0.57704			6
2024.12.16	02:20:05.998	0.57701				2
2024.12.16	02:20:06.909	0.57700				2
2024.12.16	02:20:10.183	0.57702	0.57705			6
2024.12.16	02:20:12.608	0.57701	0.57704			6
2024.12.16	02:20:17.082	0.57699	0.57702			6
2024.12.16	02:20:27.058	0.57700	0.57703			6
2024.12.16	02:20:43.124	0.57698	0.57702			6
2024.12.16	02:20:43.428	0.57697	0.57701			6
2024.12.16	02:20:51.392		0.57700			4
2024.12.16	02:20:51.996		0.57701			4
2024.12.16	02:20:52.926		0.57700			4
2024.12.16	02:20:53.258	0.57698	0.57701			6
2024.12.16	02:21:00.086	0.57698				2
2024.12.16	02:21:00.536	0.57695	0.57699			6
2024.12.16	02:21:00.881	0.57694	0.57698			6
2024.12.16	02:21:01.204	0.57693	0.57697			6
2024.12.16	02:21:02.130		0.57696			4
2024.12.16	02:21:02.737		0.57697			4
2024.12.16	02:21:06.122		0.57696			4
2024.12.16	02:21:08.244		0.57697			4
2024.12.16	02:21:09.750		0.57696			4
2024.12.16	02:21:10.366		0.57697			4
2024.12.16	02:21:10.748		0.57696			4
2024.12.16	02:21:11.305	0.57692	0.57694			6
2024.12.16	02:21:18.893	0.57691				2
2024.12.16	02:21:19.195	0.57686	0.57689			6
2024.12.16	02:21:19.502		0.57688			4
2024.12.16	02:21:20.154		0.57689			4
2024.12.16	02:21:26.157	0.57685	0.57688			6
2024.12.16	02:21:29.319	0.57686	0.57689			6
2024.12.16	02:21:29.650	0.57683	0.57684			6
2024.12.16	02:21:35.231	0.57684	0.57685			6
2024.12.16	02:21:38.347	0.57683				2
2024.12.16	02:21:40.873		0.57684			4
2024.12.16	02:21:41.189		0.57685			4
2024.12.16	02:21:46.474	0.57687	0.57689			6
2024.12.16	02:21:46.778	0.57686				2
2024.12.16	02:21:49.647	0.57687				2
2024.12.16	02:21:52.284	0.57686				2
2024.12.16	02:21:54.890	0.57687				2
2024.12.16	02:21:56.740	0.57686				2
2024.12.16	02:21:58.036	0.57687	0.57690			6
2024.12.16	02:22:00.530	0.57686	0.57689			6
2024.12.16	02:22:01.463	0.57685				2
2024.12.16	02:22:01.766	0.57684	0.57688			6
2024.12.16	02:22:02.527		0.57687			4
2024.12.16	02:22:02.896	0.57685	0.57689			6
2024.12.16	02:22:08.424		0.57688			4
2024.12.16	02:22:10.845	0.57688	0.57690			6
2024.12.16	02:22:13.050	0.57687				2
2024.12.16	02:22:14.292	0.57688				2
2024.12.16	02:22:18.356		0.57689			4
2024.12.16	02:22:20.780		0.57691			4
2024.12.16	02:22:23.241	0.57691	0.57693			6
2024.12.16	02:22:23.548	0.57690	0.57694			6
2024.12.16	02:22:26.282		0.57693			4
2024.12.16	02:22:27.495		0.57694			4
2024.12.16	02:22:30.978	0.57691				2
2024.12.16	02:22:32.494		0.57695			4
2024.12.16	02:22:32.805	0.57694	0.57696			6
2024.12.16	02:22:33.252	0.57692	0.57694			6
2024.12.16	02:22:33.556	0.57689	0.57691			6
2024.12.16	02:22:34.161		0.57692			4
2024.12.16	02:22:39.228	0.57688	0.57691			6
2024.12.16	02:22:39.547		0.57689			4
2024.12.16	02:22:40.170		0.57690			4
2024.12.16	02:22:45.681	0.57689				2
2024.12.16	02:22:47.198	0.57691	0.57692			6
2024.12.16	02:22:47.506		0.57693			4
2024.12.16	02:22:47.897	0.57689	0.57690			6
2024.12.16	02:22:48.604	0.57688				2
2024.12.16	02:22:54.590	0.57694	0.57695			6
2024.12.16	02:22:55.220	0.57693	0.57696			6
2024.12.16	02:22:57.122	0.57694				2
2024.12.16	02:23:00.534	0.57695	0.57699			6
2024.12.16	02:23:01.242	0.57696				2
2024.12.16	02:23:01.776	0.57695				2
2024.12.16	02:23:03.238		0.57698			4
2024.12.16	02:23:03.787	0.57692	0.57695			6
2024.12.16	02:23:04.115	0.57693	0.57696			6
2024.12.16	02:23:04.624	0.57695				2
2024.12.16	02:23:07.203	0.57694				2
2024.12.16	02:23:09.926	0.57695				2
2024.12.16	02:23:10.246	0.57692				2
2024.12.16	02:23:11.392		0.57695			4
2024.12.16	02:23:11.694	0.57693				2
2024.12.16	02:23:12.600	0.57694				2
2024.12.16	02:23:12.905	0.57696	0.57699			6
2024.12.16	02:23:17.024	0.57695	0.57698			6
2024.12.16	02:23:17.360	0.57694	0.57697			6
2024.12.16	02:23:19.270	0.57696	0.57698			6
2024.12.16	02:23:19.886	0.57695				2
