<DATE>	<TIME>	<BID>	<ASK>	<LAST>	<VOLUME>	<FLAGS>
2024.09.18	00:00:00.399	0.61722	0.61922			6
2024.09.18	00:00:00.704	0.61716	0.61866			6
2024.09.18	00:00:01.188		0.61916			4
2024.09.18	00:00:01.602	0.61721	0.61904			6
2024.09.18	00:00:02.184	0.61740				2
2024.09.18	00:00:03.292	0.61751	0.61881			6
2024.09.18	00:00:08.406	0.61752				2
2024.09.18	00:00:28.612	0.61757				2
2024.09.18	00:00:30.578		0.61917			4
2024.09.18	00:00:31.044	0.61759				2
2024.09.18	00:01:00.423	0.61764	0.61913			6
2024.09.18	00:01:15.238	0.61774	0.61908			6
2024.09.18	00:01:16.620		0.61905			4
2024.09.18	00:01:24.715	0.61829	0.61901			6
2024.09.18	00:01:39.326		0.61900			4
2024.09.18	00:01:49.563		0.61899			4
2024.09.18	00:02:04.726	0.61829				2
2024.09.18	00:02:18.976	0.61799	0.61892			6
2024.09.18	00:03:00.702	0.61799				2
2024.09.18	00:03:18.994		0.61892			4
2024.09.18	00:03:36.366		0.61893			4
2024.09.18	00:03:36.770		0.61892			4
2024.09.18	00:04:01.425	0.61799				2
2024.09.18	00:04:40.709		0.61892			4
2024.09.18	00:05:00.340	0.61799				2
2024.09.18	00:05:02.389	0.61811				2
2024.09.18	00:05:03.816	0.61810				2
2024.09.18	00:05:07.839	0.61809				2
2024.09.18	00:05:08.821	0.61807				2
2024.09.18	00:05:11.030	0.61805	0.61890			6
2024.09.18	00:05:11.849	0.61806	0.61892			6
2024.09.18	00:05:12.501		0.61890			4
2024.09.18	00:05:13.064	0.61805	0.61892			6
2024.09.18	00:05:17.108		0.61890			4
2024.09.18	00:05:20.802	0.61804				2
2024.09.18	00:05:21.180		0.61888			4
2024.09.18	00:05:21.833	0.61802				2
2024.09.18	00:05:37.553	0.61811				2
2024.09.18	00:06:03.423	0.61811				2
2024.09.18	00:06:06.387	0.61816				2
2024.09.18	00:06:07.395		0.61892			4
2024.09.18	00:06:13.599	0.61814				2
2024.09.18	00:06:17.793	0.61815				2
2024.09.18	00:06:19.799	0.61814				2
2024.09.18	00:06:23.806	0.61813				2
2024.09.18	00:06:24.906		0.61889			4
2024.09.18	00:06:34.052		0.61890			4
2024.09.18	00:06:34.355		0.61892			4
2024.09.18	00:06:59.250	0.61812				2
2024.09.18	00:07:00.730	0.61812				2
2024.09.18	00:07:01.062	0.61813				2
2024.09.18	00:07:14.263	0.61812				2
2024.09.18	00:07:34.041	0.61823				2
2024.09.18	00:07:34.548		0.61892			4
2024.09.18	00:07:36.061	0.61826				2
2024.09.18	00:07:38.672	0.61814				2
2024.09.18	00:07:44.794	0.61812				2
2024.09.18	00:07:55.557		0.61891			4
2024.09.18	00:07:56.057	0.61811	0.61889			6
2024.09.18	00:08:00.681	0.61811				2
2024.09.18	00:08:05.342	0.61812	0.61888			6
2024.09.18	00:08:06.373		0.61892			4
2024.09.18	00:08:25.805	0.61811	0.61889			6
2024.09.18	00:08:35.967	0.61812	0.61891			6
2024.09.18	00:08:36.358		0.61892			4
2024.09.18	00:08:41.737		0.61891			4
2024.09.18	00:08:42.544		0.61892			4
2024.09.18	00:08:56.393		0.61891			4
2024.09.18	00:08:57.449		0.61889			4
2024.09.18	00:09:06.281	0.61812	0.61888			6
2024.09.18	00:09:06.606	0.61817	0.61887			6
2024.09.18	00:09:07.286	0.61812	0.61892			6
2024.09.18	00:09:07.881		0.61890			4
2024.09.18	00:09:08.277	0.61816	0.61887			6
2024.09.18	00:09:08.754	0.61812	0.61892			6
2024.09.18	00:09:09.896		0.61889			4
2024.09.18	00:09:16.808	0.61815	0.61890			6
2024.09.18	00:09:17.323	0.61814	0.61892			6
2024.09.18	00:09:22.917	0.61813				2
2024.09.18	00:09:37.295	0.61817	0.61891			6
2024.09.18	00:09:37.726	0.61813	0.61892			6
2024.09.18	00:09:38.293	0.61815				2
2024.09.18	00:09:42.022	0.61819	0.61891			6
2024.09.18	00:09:46.064	0.61820	0.61890			6
2024.09.18	00:09:47.429	0.61810	0.61892			6
2024.09.18	00:09:47.830	0.61809				2
2024.09.18	00:09:57.767	0.61813				2
2024.09.18	00:10:02.382	0.61813				2
2024.09.18	00:10:06.461	0.61810				2
2024.09.18	00:10:07.859	0.61811				2
2024.09.18	00:10:10.897	0.61813				2
2024.09.18	00:10:11.943		0.61891			4
2024.09.18	00:10:18.607		0.61892			4
2024.09.18	00:10:28.384	0.61811				2
2024.09.18	00:10:28.826	0.61815				2
2024.09.18	00:10:30.310		0.61891			4
2024.09.18	00:10:38.536	0.61813				2
2024.09.18	00:10:39.526		0.61892			4
2024.09.18	00:10:50.251		0.61889			4
2024.09.18	00:10:58.960	0.61815	0.61892			6
2024.09.18	00:11:00.829	0.61815				2
2024.09.18	00:11:56.029		0.61891			4
2024.09.18	00:11:56.698		0.61892			4
2024.09.18	00:12:04.828	0.61815				2
2024.09.18	00:12:59.031		0.61892			4
2024.09.18	00:14:10.834	0.61815	0.61892			6
2024.09.18	00:15:02.420	0.61815				2
2024.09.18	00:15:16.180		0.61892			4
2024.09.18	00:16:07.463	0.61817				2
2024.09.18	00:16:21.398	0.61816	0.61890			6
2024.09.18	00:17:01.388	0.61816				2
2024.09.18	00:17:22.883		0.61890			4
2024.09.18	00:18:01.039	0.61816				2
2024.09.18	00:18:23.006		0.61890			4
2024.09.18	00:19:01.392	0.61816				2
2024.09.18	00:19:25.811		0.61890			4
2024.09.18	00:20:00.315	0.61816				2
2024.09.18	00:20:34.804		0.61890			4
2024.09.18	00:21:00.846	0.61816				2
2024.09.18	00:21:36.354		0.61890			4
2024.09.18	00:21:54.980	0.61818				2
2024.09.18	00:22:00.002	0.61818				2
2024.09.18	00:22:36.604		0.61890			4
2024.09.18	00:23:01.803	0.61818				2
2024.09.18	00:23:41.511		0.61890			4
2024.09.18	00:24:00.320	0.61818				2
2024.09.18	00:24:09.164	0.61827	0.61895			6
2024.09.18	00:24:10.172	0.61826				2
2024.09.18	00:24:10.543	0.61825				2
2024.09.18	00:24:12.334	0.61827				2
2024.09.18	00:24:15.923		0.61891			4
2024.09.18	00:24:17.944	0.61830				2
2024.09.18	00:24:19.302		0.61892			4
2024.09.18	00:24:22.672		0.61891			4
2024.09.18	00:24:32.325	0.61832	0.61892			6
2024.09.18	00:24:35.488	0.61829	0.61890			6
2024.09.18	00:24:38.210	0.61831	0.61887			6
2024.09.18	00:24:40.296		0.61893			4
2024.09.18	00:24:45.713		0.61895			4
2024.09.18	00:24:52.765		0.61894			4
2024.09.18	00:24:53.303		0.61895			4
2024.09.18	00:24:58.102		0.61893			4
2024.09.18	00:25:00.600	0.61831				2
2024.09.18	00:25:01.171		0.61892			4
2024.09.18	00:25:04.686		0.61891			4
2024.09.18	00:25:09.171		0.61889			4
2024.09.18	00:25:51.235	0.61833				2
2024.09.18	00:26:00.317	0.61833				2
2024.09.18	00:26:05.392	0.61830	0.61888			6
2024.09.18	00:26:05.899		0.61885			4
2024.09.18	00:26:13.956		0.61886			4
2024.09.18	00:26:45.691		0.61885			4
2024.09.18	00:26:47.170	0.61832	0.61887			6
2024.09.18	00:26:48.356	0.61830				2
2024.09.18	00:27:01.805	0.61830				2
2024.09.18	00:27:04.369		0.61885			4
2024.09.18	00:27:10.244		0.61886			4
2024.09.18	00:27:11.181	0.61829	0.61885			6
2024.09.18	00:27:11.483		0.61887			4
2024.09.18	00:27:43.027		0.61886			4
2024.09.18	00:27:57.703		0.61887			4
2024.09.18	00:27:58.171	0.61830	0.61885			6
2024.09.18	00:28:00.674	0.61830				2
2024.09.18	00:28:10.399	0.61828				2
2024.09.18	00:28:22.425	0.61829	0.61887			6
2024.09.18	00:28:33.792	0.61832	0.61888			6
2024.09.18	00:29:01.503	0.61832				2
2024.09.18	00:29:16.597	0.61835	0.61894			6
2024.09.18	00:29:21.249	0.61836	0.61893			6
2024.09.18	00:29:24.072	0.61838	0.61896			6
2024.09.18	00:30:00.373	0.61838				2
2024.09.18	00:30:05.320		0.61895			4
2024.09.18	00:30:10.676		0.61896			4
2024.09.18	00:30:16.351		0.61895			4
2024.09.18	00:30:16.685		0.61896			4
2024.09.18	00:30:44.723		0.61895			4
2024.09.18	00:30:46.682		0.61889			4
2024.09.18	00:31:00.541	0.61838				2
2024.09.18	00:31:49.044		0.61889			4
2024.09.18	00:31:53.263	0.61839				2
2024.09.18	00:31:56.734	0.61838				2
2024.09.18	00:31:59.023	0.61839				2
2024.09.18	00:32:00.325	0.61839				2
2024.09.18	00:32:15.743	0.61838				2
2024.09.18	00:32:16.212	0.61839				2
2024.09.18	00:32:23.242	0.61838				2
2024.09.18	00:32:23.703	0.61839				2
2024.09.18	00:32:26.076	0.61847	0.61891			6
2024.09.18	00:32:26.712	0.61845	0.61889			6
2024.09.18	00:32:27.301	0.61846				2
2024.09.18	00:32:28.895	0.61847				2
2024.09.18	00:32:29.559	0.61841				2
2024.09.18	00:32:46.681		0.61887			4
2024.09.18	00:32:46.984	0.61837				2
2024.09.18	00:32:51.599	0.61838				2
2024.09.18	00:33:00.350	0.61838				2
2024.09.18	00:33:07.345	0.61837				2
2024.09.18	00:33:18.442	0.61838				2
2024.09.18	00:33:29.806		0.61880			4
2024.09.18	00:33:31.424	0.61837				2
2024.09.18	00:33:42.423	0.61836				2
2024.09.18	00:34:00.319	0.61836				2
2024.09.18	00:34:08.297	0.61837				2
2024.09.18	00:34:29.843		0.61880			4
2024.09.18	00:34:37.418	0.61836				2
2024.09.18	00:35:00.317	0.61836				2
2024.09.18	00:35:09.044	0.61837				2
2024.09.18	00:35:18.155	0.61840				2
2024.09.18	00:35:30.326		0.61880			4
2024.09.18	00:35:55.998	0.61838				2
2024.09.18	00:36:00.011	0.61838				2
2024.09.18	00:36:32.701		0.61880			4
2024.09.18	00:37:00.366	0.61838				2
2024.09.18	00:37:32.711		0.61880			4
2024.09.18	00:38:00.839	0.61838				2
2024.09.18	00:38:19.748	0.61832	0.61873			6
2024.09.18	00:38:20.063	0.61831				2
2024.09.18	00:38:20.385	0.61833				2
2024.09.18	00:38:25.911	0.61832				2
2024.09.18	00:38:26.247	0.61833				2
2024.09.18	00:38:26.550	0.61831				2
2024.09.18	00:38:27.264	0.61832				2
2024.09.18	00:38:28.848	0.61831				2
2024.09.18	00:38:29.967	0.61833	0.61880			6
2024.09.18	00:38:30.278	0.61832				2
2024.09.18	00:38:30.740	0.61831				2
2024.09.18	00:38:31.961	0.61832				2
2024.09.18	00:38:32.281	0.61831				2
2024.09.18	00:38:33.692	0.61830				2
2024.09.18	00:38:34.805	0.61831				2
2024.09.18	00:38:36.337	0.61829				2
2024.09.18	00:38:40.052	0.61830				2
2024.09.18	00:38:47.488	0.61829				2
2024.09.18	00:38:50.518	0.61827				2
2024.09.18	00:38:51.241	0.61828				2
2024.09.18	00:38:51.575	0.61827				2
2024.09.18	00:38:52.030	0.61828				2
2024.09.18	00:38:55.196	0.61827				2
2024.09.18	00:38:57.822	0.61828				2
2024.09.18	00:39:01.347	0.61827				2
2024.09.18	00:39:20.240	0.61828				2
2024.09.18	00:39:29.841	0.61827				2
2024.09.18	00:39:30.304		0.61880			4
2024.09.18	00:39:35.141	0.61824	0.61877			6
2024.09.18	00:39:35.449	0.61821				2
2024.09.18	00:39:35.770	0.61820	0.61878			6
2024.09.18	00:39:36.084	0.61821	0.61877			6
2024.09.18	00:39:37.851	0.61822				2
2024.09.18	00:39:38.175	0.61821				2
2024.09.18	00:39:40.388		0.61876			4
2024.09.18	00:39:41.130		0.61874			4
2024.09.18	00:39:42.528	0.61819	0.61873			6
2024.09.18	00:39:44.457		0.61872			4
2024.09.18	00:39:45.318	0.61817	0.61869			6
2024.09.18	00:39:49.664		0.61870			4
2024.09.18	00:39:59.257		0.61868			4
2024.09.18	00:39:59.558	0.61814	0.61869			6
2024.09.18	00:40:00.166	0.61814				2
2024.09.18	00:40:00.534		0.61867			4
2024.09.18	00:40:08.632	0.61812	0.61864			6
2024.09.18	00:40:09.005	0.61813				2
2024.09.18	00:40:09.713	0.61811	0.61863			6
2024.09.18	00:40:10.162		0.61862			4
2024.09.18	00:40:14.352	0.61810				2
2024.09.18	00:40:15.063	0.61811				2
2024.09.18	00:40:30.071	0.61812				2
2024.09.18	00:40:36.754	0.61811	0.61863			6
2024.09.18	00:40:55.411	0.61812	0.61861			6
2024.09.18	00:40:55.719		0.61860			4
2024.09.18	00:40:58.178		0.61861			4
2024.09.18	00:41:00.240	0.61812	0.61860			6
2024.09.18	00:41:31.063	0.61811				2
2024.09.18	00:41:58.979	0.61812				2
2024.09.18	00:42:00.316	0.61812	0.61865			6
2024.09.18	00:42:00.622		0.61866			4
2024.09.18	00:42:00.928		0.61865			4
2024.09.18	00:42:15.392	0.61811				2
2024.09.18	00:42:16.454	0.61810				2
2024.09.18	00:42:16.783	0.61811				2
2024.09.18	00:42:30.536		0.61866			4
2024.09.18	00:42:36.752	0.61810	0.61870			6
2024.09.18	00:42:37.211	0.61811				2
2024.09.18	00:42:38.241	0.61812				2
2024.09.18	00:43:01.344	0.61812				2
2024.09.18	00:43:15.746	0.61813				2
2024.09.18	00:43:44.848	0.61812	0.61870			6
2024.09.18	00:43:51.040	0.61813				2
2024.09.18	00:43:53.963	0.61812				2
2024.09.18	00:44:09.595	0.61812				2
2024.09.18	00:44:45.506		0.61870			4
2024.09.18	00:44:45.814	0.61811				2
2024.09.18	00:44:46.148	0.61812				2
2024.09.18	00:44:47.742	0.61809	0.61868			6
2024.09.18	00:44:48.048	0.61808				2
2024.09.18	00:44:48.347	0.61807				2
2024.09.18	00:45:02.038	0.61807				2
2024.09.18	00:45:03.384		0.61865			4
2024.09.18	00:45:06.607	0.61823	0.61851			6
2024.09.18	00:45:17.385	0.61824				2
2024.09.18	00:45:21.488	0.61822				2
2024.09.18	00:45:21.893	0.61824				2
2024.09.18	00:45:22.431	0.61823				2
2024.09.18	00:45:41.429	0.61822				2
2024.09.18	00:45:46.874	0.61824				2
2024.09.18	00:45:48.169	0.61823				2
2024.09.18	00:45:48.483	0.61824				2
2024.09.18	00:45:59.207	0.61823				2
2024.09.18	00:46:01.797	0.61823				2
2024.09.18	00:46:04.870	0.61825				2
2024.09.18	00:46:05.698	0.61823				2
2024.09.18	00:46:06.899		0.61851			4
2024.09.18	00:46:10.151	0.61824				2
2024.09.18	00:46:12.237	0.61823				2
2024.09.18	00:46:16.035	0.61825				2
2024.09.18	00:46:16.367	0.61824				2
2024.09.18	00:46:19.165	0.61823				2
2024.09.18	00:46:23.947	0.61824				2
2024.09.18	00:46:28.499	0.61825				2
2024.09.18	00:46:29.247	0.61824				2
2024.09.18	00:46:29.757	0.61825				2
2024.09.18	00:46:37.410	0.61824				2
2024.09.18	00:46:40.906	0.61825				2
2024.09.18	00:46:47.711	0.61824				2
2024.09.18	00:46:52.649	0.61825				2
2024.09.18	00:46:54.300	0.61826				2
2024.09.18	00:47:00.521	0.61826				2
2024.09.18	00:47:00.937	0.61825				2
2024.09.18	00:47:02.064		0.61852			4
2024.09.18	00:47:05.402	0.61826				2
2024.09.18	00:47:05.757	0.61825				2
2024.09.18	00:47:08.042	0.61826				2
2024.09.18	00:47:10.839	0.61824				2
2024.09.18	00:47:25.956	0.61826				2
2024.09.18	00:47:30.740	0.61824				2
2024.09.18	00:47:31.199	0.61826				2
2024.09.18	00:47:38.401	0.61825				2
2024.09.18	00:47:40.941	0.61826				2
2024.09.18	00:47:52.811	0.61824				2
2024.09.18	00:48:00.535	0.61824				2
2024.09.18	00:48:02.567		0.61852			4
2024.09.18	00:48:14.084	0.61825				2
2024.09.18	00:48:17.924	0.61824				2
2024.09.18	00:48:21.274	0.61823				2
2024.09.18	00:48:21.585		0.61850			4
2024.09.18	00:48:54.166	0.61819				2
2024.09.18	00:49:00.534	0.61819				2
2024.09.18	00:49:02.225	0.61818	0.61845			6
2024.09.18	00:49:05.392	0.61817				2
2024.09.18	00:49:29.700	0.61818				2
2024.09.18	00:49:56.333	0.61819				2
2024.09.18	00:50:00.904	0.61820				2
2024.09.18	00:50:03.001		0.61845			4
2024.09.18	00:50:16.651	0.61821				2
2024.09.18	00:50:18.140	0.61822				2
2024.09.18	00:50:20.097	0.61821				2
2024.09.18	00:50:25.874	0.61818	0.61840			6
2024.09.18	00:50:26.352	0.61817				2
2024.09.18	00:50:34.472	0.61818				2
2024.09.18	00:51:01.200	0.61818				2
2024.09.18	00:51:02.285	0.61819				2
2024.09.18	00:51:13.520	0.61820				2
2024.09.18	00:51:22.509	0.61819				2
2024.09.18	00:51:26.344		0.61840			4
2024.09.18	00:51:35.378	0.61818				2
2024.09.18	00:51:39.596	0.61819				2
2024.09.18	00:51:40.977	0.61816				2
2024.09.18	00:51:41.706	0.61817				2
2024.09.18	00:51:56.989	0.61818				2
2024.09.18	00:52:00.535	0.61818				2
2024.09.18	00:52:09.597	0.61819				2
2024.09.18	00:52:10.336	0.61818				2
2024.09.18	00:52:12.475	0.61821	0.61834			6
2024.09.18	00:52:12.783	0.61819	0.61833			6
2024.09.18	00:52:13.102	0.61817				2
2024.09.18	00:52:15.777	0.61816	0.61832			6
2024.09.18	00:52:26.363	0.61818	0.61837			6
2024.09.18	00:52:26.669		0.61838			4
2024.09.18	00:52:48.412	0.61819	0.61841			6
2024.09.18	00:52:53.120	0.61820				2
2024.09.18	00:53:00.533	0.61820				2
2024.09.18	00:53:10.020	0.61819				2
2024.09.18	00:53:45.600	0.61821	0.61845			6
2024.09.18	00:53:46.201		0.61846			4
2024.09.18	00:53:48.274	0.61819				2
2024.09.18	00:53:48.580	0.61818				2
2024.09.18	00:54:00.533	0.61818				2
2024.09.18	00:54:08.034	0.61819	0.61847			6
2024.09.18	00:54:08.801		0.61846			4
2024.09.18	00:54:13.331		0.61845			4
2024.09.18	00:54:21.739	0.61818				2
2024.09.18	00:54:25.197	0.61819				2
2024.09.18	00:54:48.353	0.61820	0.61847			6
2024.09.18	00:54:48.867	0.61821				2
2024.09.18	00:54:53.971	0.61820	0.61846			6
2024.09.18	00:54:58.201	0.61819				2
2024.09.18	00:55:01.519	0.61819	0.61845			6
2024.09.18	00:55:08.913	0.61820	0.61846			6
2024.09.18	00:55:10.979		0.61847			4
2024.09.18	00:55:12.998	0.61821				2
2024.09.18	00:55:15.897	0.61820				2
2024.09.18	00:55:21.597		0.61846			4
2024.09.18	00:55:28.507		0.61847			4
2024.09.18	00:55:30.779	0.61821				2
2024.09.18	00:55:33.411		0.61848			4
2024.09.18	00:55:37.485	0.61822				2
2024.09.18	00:55:45.867		0.61847			4
2024.09.18	00:55:59.881	0.61823				2
2024.09.18	00:56:00.319	0.61823				2
2024.09.18	00:56:01.603	0.61822	0.61846			6
2024.09.18	00:56:37.331	0.61824	0.61848			6
2024.09.18	00:56:46.223	0.61826	0.61850			6
2024.09.18	00:56:46.569	0.61827				2
2024.09.18	00:57:00.532	0.61827				2
2024.09.18	00:57:40.357	0.61828				2
2024.09.18	00:57:42.063	0.61829				2
2024.09.18	00:57:42.558	0.61828				2
2024.09.18	00:57:46.799		0.61850			4
2024.09.18	00:57:50.486	0.61827				2
2024.09.18	00:58:00.677	0.61827				2
2024.09.18	00:58:15.746	0.61828				2
2024.09.18	00:58:17.098		0.61851			4
2024.09.18	00:58:26.252	0.61827				2
2024.09.18	00:58:27.442	0.61828				2
2024.09.18	00:58:29.560	0.61827				2
2024.09.18	00:58:46.620	0.61828				2
2024.09.18	00:58:50.451	0.61827				2
2024.09.18	00:59:00.325	0.61827				2
2024.09.18	00:59:03.700	0.61826				2
2024.09.18	00:59:08.876	0.61828				2
2024.09.18	00:59:10.791	0.61826				2
2024.09.18	00:59:17.222		0.61851			4
2024.09.18	00:59:27.090	0.61827				2
2024.09.18	00:59:32.675	0.61828				2
2024.09.18	00:59:50.684	0.61827				2
2024.09.18	00:59:58.234	0.61826				2
2024.09.18	01:00:00.309	0.61826	0.61841			6
2024.09.18	01:00:00.615	0.61839				2
2024.09.18	01:00:01.585	0.61826				2
2024.09.18	01:00:02.317		0.61842			4
2024.09.18	01:00:02.839	0.61833				2
2024.09.18	01:00:03.179	0.61832				2
2024.09.18	01:00:04.322	0.61834				2
2024.09.18	01:00:07.105	0.61833				2
2024.09.18	01:00:07.967		0.61843			4
2024.09.18	01:00:09.151		0.61844			4
2024.09.18	01:00:09.946	0.61834				2
2024.09.18	01:00:11.334	0.61839	0.61851			6
2024.09.18	01:00:16.197	0.61840				2
2024.09.18	01:00:16.813		0.61854			4
2024.09.18	01:00:22.272	0.61835	0.61846			6
2024.09.18	01:00:22.583		0.61848			4
2024.09.18	01:00:29.212		0.61846			4
2024.09.18	01:00:29.918		0.61848			4
2024.09.18	01:00:34.357	0.61840				2
2024.09.18	01:00:34.663		0.61850			4
2024.09.18	01:00:40.401		0.61848			4
2024.09.18	01:00:43.810		0.61851			4
2024.09.18	01:00:58.178	0.61839				2
2024.09.18	01:00:59.395		0.61850			4
2024.09.18	01:00:59.902		0.61848			4
2024.09.18	01:01:00.307	0.61839				2
2024.09.18	01:01:04.529		0.61849			4
2024.09.18	01:01:12.531	0.61840				2
2024.09.18	01:01:19.129		0.61848			4
2024.09.18	01:01:23.997		0.61849			4
2024.09.18	01:01:34.935	0.61836	0.61846			6
2024.09.18	01:01:35.511		0.61847			4
2024.09.18	01:01:45.305		0.61846			4
2024.09.18	01:01:49.834		0.61847			4
2024.09.18	01:01:54.906		0.61846			4
2024.09.18	01:01:59.717		0.61847			4
2024.09.18	01:02:00.532	0.61836				2
2024.09.18	01:02:15.599	0.61837				2
2024.09.18	01:02:32.532	0.61839	0.61848			6
2024.09.18	01:03:02.399	0.61837	0.61847			6
2024.09.18	01:03:07.545	0.61840	0.61848			6
2024.09.18	01:03:42.539	0.61841				2
2024.09.18	01:04:00.533	0.61841				2
2024.09.18	01:04:09.596		0.61848			4
2024.09.18	01:04:35.662	0.61840				2
2024.09.18	01:04:37.620	0.61838	0.61847			6
2024.09.18	01:04:38.167	0.61840				2
2024.09.18	01:04:38.483	0.61841	0.61848			6
2024.09.18	01:04:38.896	0.61840				2
2024.09.18	01:04:41.388	0.61841				2
2024.09.18	01:04:47.389	0.61840				2
2024.09.18	01:04:51.337		0.61847			4
2024.09.18	01:04:52.828	0.61838				2
2024.09.18	01:05:00.143	0.61838				2
2024.09.18	01:05:00.446	0.61837	0.61844			6
2024.09.18	01:05:02.699	0.61836				2
2024.09.18	01:05:21.166	0.61837				2
2024.09.18	01:05:31.500	0.61836				2
2024.09.18	01:05:43.418	0.61837				2
2024.09.18	01:05:45.598	0.61836				2
2024.09.18	01:06:00.533	0.61836	0.61844			6
2024.09.18	01:06:15.298	0.61837				2
2024.09.18	01:06:30.675		0.61843			4
2024.09.18	01:07:00.315	0.61837				2
2024.09.18	01:07:36.343		0.61843			4
2024.09.18	01:07:57.026	0.61839	0.61845			6
2024.09.18	01:08:00.001	0.61839				2
2024.09.18	01:08:08.809		0.61846			4
2024.09.18	01:08:41.545		0.61843			4
2024.09.18	01:08:42.788		0.61846			4
2024.09.18	01:09:18.815	0.61839				2
2024.09.18	01:09:20.226	0.61837	0.61843			6
2024.09.18	01:09:39.903	0.61838				2
2024.09.18	01:09:40.919	0.61837				2
2024.09.18	01:09:51.738		0.61846			4
2024.09.18	01:09:55.677	0.61838				2
2024.09.18	01:10:00.362	0.61838				2
2024.09.18	01:10:00.679	0.61837				2
2024.09.18	01:10:38.975	0.61841	0.61848			6
2024.09.18	01:10:44.870		0.61849			4
2024.09.18	01:10:47.420	0.61842				2
2024.09.18	01:11:01.808	0.61842				2
2024.09.18	01:11:04.977	0.61843	0.61850			6
2024.09.18	01:11:31.855	0.61842				2
2024.09.18	01:11:32.279	0.61843				2
2024.09.18	01:11:32.992	0.61842				2
2024.09.18	01:11:51.872	0.61841				2
2024.09.18	01:11:56.143		0.61847			4
2024.09.18	01:11:56.887		0.61850			4
2024.09.18	01:11:57.283	0.61842				2
2024.09.18	01:12:00.391	0.61841				2
2024.09.18	01:12:01.172	0.61842				2
2024.09.18	01:12:19.078	0.61847				2
2024.09.18	01:12:20.229	0.61842				2
2024.09.18	01:12:30.429	0.61843				2
2024.09.18	01:12:50.885	0.61842				2
2024.09.18	01:12:52.809	0.61841				2
2024.09.18	01:12:53.607	0.61842				2
2024.09.18	01:13:01.540	0.61842	0.61850			6
2024.09.18	01:13:03.284	0.61841				2
2024.09.18	01:13:05.017		0.61849			4
2024.09.18	01:13:32.825		0.61848			4
2024.09.18	01:13:35.448	0.61842	0.61849			6
2024.09.18	01:13:42.627	0.61841				2
2024.09.18	01:13:47.803	0.61838	0.61845			6
2024.09.18	01:13:56.142	0.61839				2
2024.09.18	01:13:58.177	0.61841				2
2024.09.18	01:14:01.553	0.61841				2
2024.09.18	01:14:50.092	0.61844	0.61845			6
2024.09.18	01:14:50.398	0.61841				2
2024.09.18	01:14:57.542	0.61842				2
2024.09.18	01:15:00.395	0.61842	0.61847			6
2024.09.18	01:15:03.041	0.61841	0.61845			6
2024.09.18	01:15:04.385		0.61847			4
2024.09.18	01:15:05.470		0.61845			4
2024.09.18	01:15:06.515		0.61843			4
2024.09.18	01:15:06.827		0.61845			4
2024.09.18	01:15:07.970		0.61847			4
2024.09.18	01:15:10.491		0.61845			4
2024.09.18	01:15:11.593	0.61840				2
2024.09.18	01:15:18.681	0.61841	0.61847			6
2024.09.18	01:15:18.983		0.61845			4
2024.09.18	01:15:22.923		0.61847			4
2024.09.18	01:15:23.952		0.61845			4
2024.09.18	01:15:24.416	0.61840				2
2024.09.18	01:15:25.537	0.61841	0.61844			6
2024.09.18	01:15:29.698		0.61846			4
2024.09.18	01:15:30.533		0.61844			4
2024.09.18	01:15:32.783		0.61846			4
2024.09.18	01:15:40.439	0.61842	0.61845			6
2024.09.18	01:15:41.503	0.61843	0.61847			6
2024.09.18	01:15:42.663		0.61846			4
2024.09.18	01:15:43.680		0.61845			4
2024.09.18	01:15:44.640	0.61847	0.61850			6
2024.09.18	01:15:47.426	0.61848				2
2024.09.18	01:15:50.396	0.61847				2
2024.09.18	01:15:51.092	0.61848				2
2024.09.18	01:15:52.081	0.61847				2
2024.09.18	01:15:52.909	0.61848				2
2024.09.18	01:15:54.152	0.61847				2
2024.09.18	01:15:56.116		0.61851			4
2024.09.18	01:15:56.433		0.61850			4
2024.09.18	01:15:57.154		0.61851			4
2024.09.18	01:15:57.455		0.61850			4
2024.09.18	01:15:58.481	0.61848	0.61851			6
2024.09.18	01:16:00.534	0.61847	0.61850			6
2024.09.18	01:16:01.635	0.61848	0.61851			6
2024.09.18	01:16:28.800	0.61846	0.61849			6
2024.09.18	01:16:31.550	0.61847	0.61850			6
2024.09.18	01:16:31.869	0.61846	0.61849			6
2024.09.18	01:16:32.399	0.61848	0.61850			6
2024.09.18	01:16:51.549	0.61847				2
2024.09.18	01:16:52.572	0.61848				2
2024.09.18	01:17:00.203	0.61848				2
2024.09.18	01:17:31.930		0.61851			4
2024.09.18	01:17:38.437	0.61847				2
2024.09.18	01:18:01.894	0.61847				2
2024.09.18	01:18:07.344		0.61854			4
2024.09.18	01:18:22.162	0.61848				2
2024.09.18	01:18:33.985	0.61849	0.61855			6
2024.09.18	01:18:57.597	0.61848				2
2024.09.18	01:19:00.083	0.61848				2
2024.09.18	01:19:16.741	0.61849				2
2024.09.18	01:19:27.874	0.61850				2
2024.09.18	01:19:34.803		0.61855			4
2024.09.18	01:20:00.367	0.61850				2
2024.09.18	01:20:01.122	0.61851	0.61856			6
2024.09.18	01:20:05.380	0.61850	0.61855			6
2024.09.18	01:20:07.427	0.61851	0.61856			6
2024.09.18	01:20:10.794	0.61850				2
2024.09.18	01:20:14.088	0.61851				2
2024.09.18	01:20:25.119	0.61854	0.61859			6
2024.09.18	01:20:40.567	0.61852	0.61858			6
2024.09.18	01:20:41.681	0.61853				2
2024.09.18	01:20:57.987	0.61852				2
2024.09.18	01:20:59.113	0.61853				2
2024.09.18	01:21:00.124	0.61853				2
2024.09.18	01:21:20.133		0.61859			4
2024.09.18	01:21:20.441	0.61854				2
2024.09.18	01:21:33.408	0.61855				2
2024.09.18	01:21:55.910	0.61853				2
2024.09.18	01:21:57.857		0.61858			4
2024.09.18	01:22:01.937	0.61853				2
2024.09.18	01:22:04.764	0.61852				2
2024.09.18	01:22:06.042		0.61857			4
2024.09.18	01:22:06.597	0.61851				2
2024.09.18	01:22:11.054	0.61852	0.61858			6
2024.09.18	01:22:34.337	0.61853				2
2024.09.18	01:22:34.789		0.61859			4
2024.09.18	01:22:38.184	0.61856				2
2024.09.18	01:22:38.493	0.61854				2
2024.09.18	01:22:38.845	0.61856				2
2024.09.18	01:22:39.195	0.61854				2
2024.09.18	01:22:43.474		0.61858			4
2024.09.18	01:22:48.921	0.61853				2
2024.09.18	01:22:50.381	0.61854				2
2024.09.18	01:23:41.125	0.61854				2
2024.09.18	01:23:49.780	0.61862	0.61867			6
2024.09.18	01:23:50.083	0.61861	0.61866			6
2024.09.18	01:23:51.218	0.61858	0.61863			6
2024.09.18	01:23:58.540	0.61859				2
2024.09.18	01:24:00.372	0.61859				2
2024.09.18	01:24:06.284	0.61858				2
2024.09.18	01:24:26.135	0.61859				2
2024.09.18	01:24:41.199		0.61866			4
2024.09.18	01:24:41.929		0.61865			4
2024.09.18	01:25:00.320	0.61859				2
2024.09.18	01:25:03.678		0.61864			4
2024.09.18	01:25:32.776	0.61861				2
2024.09.18	01:25:48.348	0.61860				2
2024.09.18	01:26:05.500	0.61860	0.61864			6
2024.09.18	01:26:13.311	0.61863	0.61867			6
2024.09.18	01:26:22.802	0.61859	0.61864			6
2024.09.18	01:26:25.758		0.61865			4
2024.09.18	01:26:57.931		0.61864			4
2024.09.18	01:27:00.765	0.61859				2
2024.09.18	01:27:25.403	0.61861				2
2024.09.18	01:27:27.087	0.61859				2
2024.09.18	01:27:58.921		0.61864			4
2024.09.18	01:28:01.028	0.61859				2
2024.09.18	01:28:07.273		0.61867			4
2024.09.18	01:28:25.329		0.61866			4
2024.09.18	01:28:29.819	0.61860	0.61867			6
2024.09.18	01:28:32.245	0.61861				2
2024.09.18	01:29:00.296	0.61861				2
2024.09.18	01:29:02.995		0.61869			4
2024.09.18	01:29:03.303	0.61862	0.61870			6
2024.09.18	01:29:04.927	0.61861	0.61869			6
2024.09.18	01:29:06.001	0.61862				2
2024.09.18	01:29:12.215	0.61860	0.61868			6
2024.09.18	01:29:14.408	0.61862				2
2024.09.18	01:29:14.744		0.61869			4
2024.09.18	01:29:16.581	0.61861	0.61868			6
2024.09.18	01:29:17.613	0.61862				2
2024.09.18	01:29:23.899	0.61863				2
2024.09.18	01:29:36.322	0.61860	0.61867			6
2024.09.18	01:29:37.311	0.61863	0.61868			6
2024.09.18	01:29:38.302	0.61860	0.61867			6
2024.09.18	01:29:42.465	0.61862	0.61868			6
2024.09.18	01:29:48.412	0.61861	0.61869			6
2024.09.18	01:29:48.722		0.61867			4
2024.09.18	01:29:50.580	0.61860				2
2024.09.18	01:29:52.624	0.61861				2
2024.09.18	01:29:52.979	0.61860				2
2024.09.18	01:29:53.668	0.61861	0.61868			6
2024.09.18	01:29:54.028	0.61860	0.61867			6
2024.09.18	01:29:55.879	0.61861				2
2024.09.18	01:29:56.189	0.61860				2
2024.09.18	01:29:56.899	0.61861				2
2024.09.18	01:29:57.902	0.61863	0.61866			6
2024.09.18	01:29:58.201	0.61861				2
2024.09.18	01:29:58.502	0.61860				2
2024.09.18	01:29:59.187	0.61861				2
2024.09.18	01:30:00.267	0.61862				2
2024.09.18	01:30:01.162	0.61863	0.61867			6
2024.09.18	01:30:01.488	0.61862	0.61866			6
2024.09.18	01:30:04.481		0.61867			4
2024.09.18	01:30:13.363		0.61866			4
2024.09.18	01:30:16.273		0.61867			4
2024.09.18	01:30:17.292		0.61866			4
2024.09.18	01:30:18.303		0.61867			4
2024.09.18	01:30:18.827		0.61866			4
2024.09.18	01:30:22.817		0.61867			4
2024.09.18	01:30:25.067		0.61866			4
2024.09.18	01:30:26.987		0.61867			4
2024.09.18	01:30:28.017		0.61866			4
2024.09.18	01:30:30.102		0.61867			4
2024.09.18	01:30:30.467		0.61866			4
2024.09.18	01:30:32.507		0.61867			4
2024.09.18	01:30:34.579		0.61866			4
2024.09.18	01:30:36.681		0.61867			4
2024.09.18	01:30:37.695		0.61866			4
2024.09.18	01:30:38.742	0.61864	0.61870			6
2024.09.18	01:30:39.047	0.61863				2
2024.09.18	01:30:39.723		0.61869			4
2024.09.18	01:30:48.061		0.61868			4
2024.09.18	01:31:00.711	0.61864	0.61867			6
2024.09.18	01:31:01.822		0.61868			4
2024.09.18	01:31:03.848		0.61867			4
2024.09.18	01:31:04.869		0.61868			4
2024.09.18	01:31:05.287		0.61867			4
2024.09.18	01:31:06.332		0.61868			4
2024.09.18	01:31:06.918		0.61867			4
2024.09.18	01:31:10.396		0.61868			4
2024.09.18	01:31:10.776		0.61867			4
2024.09.18	01:31:13.036		0.61868			4
2024.09.18	01:31:18.057		0.61867			4
2024.09.18	01:31:19.067		0.61868			4
2024.09.18	01:31:20.115		0.61867			4
2024.09.18	01:31:21.261		0.61868			4
2024.09.18	01:31:25.439		0.61867			4
2024.09.18	01:31:33.954		0.61868			4
2024.09.18	01:31:34.971		0.61867			4
2024.09.18	01:31:35.983		0.61868			4
2024.09.18	01:31:37.679		0.61867			4
2024.09.18	01:31:38.923		0.61868			4
2024.09.18	01:31:39.730		0.61867			4
2024.09.18	01:31:40.623		0.61868			4
2024.09.18	01:31:40.941		0.61867			4
2024.09.18	01:31:43.981		0.61868			4
2024.09.18	01:31:45.003		0.61867			4
2024.09.18	01:31:46.012		0.61868			4
2024.09.18	01:31:47.080		0.61867			4
2024.09.18	01:31:48.122		0.61868			4
2024.09.18	01:31:49.148		0.61867			4
2024.09.18	01:31:50.182		0.61868			4
2024.09.18	01:31:50.972		0.61867			4
2024.09.18	01:31:51.989		0.61868			4
2024.09.18	01:31:59.143	0.61865				2
2024.09.18	01:32:00.335	0.61866				2
2024.09.18	01:32:00.643	0.61868	0.61872			6
2024.09.18	01:32:02.490	0.61873	0.61877			6
2024.09.18	01:32:03.633	0.61871				2
2024.09.18	01:32:07.200		0.61876			4
2024.09.18	01:32:08.667	0.61869	0.61872			6
2024.09.18	01:32:08.980	0.61870	0.61875			6
2024.09.18	01:32:09.287	0.61872				2
2024.09.18	01:32:12.352		0.61874			4
2024.09.18	01:32:12.698	0.61871	0.61875			6
2024.09.18	01:32:16.200		0.61876			4
2024.09.18	01:32:20.050	0.61870	0.61874			6
2024.09.18	01:32:20.824	0.61872	0.61875			6
2024.09.18	01:32:21.839	0.61870	0.61874			6
2024.09.18	01:32:26.409		0.61875			4
2024.09.18	01:32:38.367		0.61873			4
2024.09.18	01:33:00.545	0.61870				2
2024.09.18	01:33:02.701	0.61871				2
2024.09.18	01:33:03.301	0.61870				2
2024.09.18	01:33:36.483	0.61871				2
2024.09.18	01:33:38.713		0.61873			4
2024.09.18	01:33:39.760		0.61874			4
2024.09.18	01:33:41.687	0.61873	0.61876			6
2024.09.18	01:33:43.048	0.61872				2
2024.09.18	01:33:50.031	0.61871				2
2024.09.18	01:33:52.069	0.61872	0.61875			6
2024.09.18	01:33:57.039		0.61876			4
2024.09.18	01:33:58.060	0.61871				2
2024.09.18	01:34:00.172	0.61871				2
2024.09.18	01:34:12.695		0.61874			4
2024.09.18	01:34:28.974	0.61874	0.61878			6
2024.09.18	01:34:29.283	0.61872	0.61876			6
2024.09.18	01:34:30.289	0.61875	0.61877			6
2024.09.18	01:34:31.061		0.61881			4
2024.09.18	01:34:31.860		0.61878			4
2024.09.18	01:35:00.535	0.61875				2
2024.09.18	01:35:02.106	0.61873	0.61875			6
2024.09.18	01:35:02.464	0.61874	0.61878			6
2024.09.18	01:35:02.980		0.61876			4
2024.09.18	01:35:03.374	0.61875	0.61877			6
2024.09.18	01:35:04.405		0.61876			4
2024.09.18	01:35:04.775	0.61874				2
2024.09.18	01:35:06.602		0.61877			4
2024.09.18	01:35:23.035	0.61872	0.61874			6
2024.09.18	01:35:26.829	0.61874	0.61877			6
2024.09.18	01:35:41.512	0.61877	0.61878			6
2024.09.18	01:36:01.548	0.61877				2
2024.09.18	01:36:05.259		0.61879			4
2024.09.18	01:36:05.590		0.61878			4
2024.09.18	01:36:18.921		0.61879			4
2024.09.18	01:36:22.561		0.61878			4
2024.09.18	01:36:41.527		0.61881			4
2024.09.18	01:36:42.292		0.61880			4
2024.09.18	01:36:53.661	0.61875	0.61879			6
2024.09.18	01:36:54.351	0.61876				2
2024.09.18	01:36:55.720		0.61881			4
2024.09.18	01:37:00.127	0.61876				2
2024.09.18	01:37:01.169		0.61880			4
2024.09.18	01:37:14.100	0.61877				2
2024.09.18	01:37:39.888		0.61881			4
2024.09.18	01:37:40.930	0.61879	0.61885			6
2024.09.18	01:37:44.067		0.61884			4
2024.09.18	01:37:52.830	0.61880				2
2024.09.18	01:38:00.685	0.61881				2
2024.09.18	01:38:01.522	0.61885	0.61889			6
2024.09.18	01:38:01.825	0.61887				2
2024.09.18	01:38:02.140	0.61888	0.61890			6
2024.09.18	01:38:02.443		0.61891			4
2024.09.18	01:38:05.730	0.61887				2
2024.09.18	01:38:12.099		0.61890			4
2024.09.18	01:38:35.068		0.61889			4
2024.09.18	01:38:35.385	0.61886				2
2024.09.18	01:38:37.366		0.61888			4
2024.09.18	01:38:43.642		0.61889			4
2024.09.18	01:38:56.767		0.61888			4
2024.09.18	01:39:00.673	0.61886				2
2024.09.18	01:39:29.823		0.61890			4
2024.09.18	01:39:31.574		0.61889			4
2024.09.18	01:39:31.885		0.61890			4
2024.09.18	01:39:36.958		0.61889			4
2024.09.18	01:39:47.287		0.61888			4
2024.09.18	01:39:48.214		0.61889			4
2024.09.18	01:40:00.757	0.61886				2
2024.09.18	01:40:16.674		0.61888			4
2024.09.18	01:40:17.698		0.61889			4
2024.09.18	01:40:42.831	0.61888				2
2024.09.18	01:40:43.134		0.61892			4
2024.09.18	01:41:01.100	0.61888				2
2024.09.18	01:41:11.978	0.61885	0.61888			6
2024.09.18	01:41:13.215		0.61887			4
2024.09.18	01:41:14.161		0.61889			4
2024.09.18	01:41:26.089	0.61884	0.61886			6
2024.09.18	01:41:27.163		0.61887			4
2024.09.18	01:41:38.522		0.61888			4
2024.09.18	01:41:41.343	0.61885				2
2024.09.18	01:42:00.744	0.61886	0.61889			6
2024.09.18	01:42:25.043	0.61888	0.61890			6
2024.09.18	01:42:29.987		0.61891			4
2024.09.18	01:42:36.911		0.61892			4
2024.09.18	01:43:00.137	0.61888				2
2024.09.18	01:43:30.375	0.61891	0.61895			6
2024.09.18	01:43:38.633	0.61890	0.61894			6
2024.09.18	01:44:00.383	0.61890				2
2024.09.18	01:44:10.532	0.61891				2
2024.09.18	01:44:34.890	0.61893	0.61896			6
2024.09.18	01:44:35.400	0.61894	0.61897			6
2024.09.18	01:44:37.264	0.61893				2
2024.09.18	01:45:00.350	0.61893	0.61896			6
2024.09.18	01:45:01.420	0.61892				2
2024.09.18	01:45:01.870	0.61893	0.61897			6
2024.09.18	01:45:02.273	0.61892				2
2024.09.18	01:45:02.927		0.61896			4
2024.09.18	01:45:04.639	0.61894	0.61899			6
2024.09.18	01:45:18.824	0.61893	0.61898			6
2024.09.18	01:45:20.617		0.61899			4
2024.09.18	01:45:21.243		0.61898			4
2024.09.18	01:45:29.374	0.61892				2
2024.09.18	01:45:33.047	0.61893	0.61899			6
2024.09.18	01:45:34.759		0.61897			4
2024.09.18	01:45:46.016	0.61889	0.61893			6
2024.09.18	01:45:54.344		0.61894			4
2024.09.18	01:46:00.129	0.61889				2
2024.09.18	01:46:00.485	0.61890				2
2024.09.18	01:46:05.969	0.61889				2
2024.09.18	01:46:54.468		0.61894			4
2024.09.18	01:47:02.421	0.61889				2
2024.09.18	01:47:07.567	0.61890				2
2024.09.18	01:47:08.988	0.61889				2
2024.09.18	01:47:11.704	0.61887	0.61890			6
2024.09.18	01:47:12.012	0.61885	0.61888			6
2024.09.18	01:47:16.702	0.61882	0.61886			6
2024.09.18	01:47:17.967		0.61885			4
2024.09.18	01:47:22.217		0.61886			4
2024.09.18	01:47:23.267		0.61885			4
2024.09.18	01:47:25.234		0.61886			4
2024.09.18	01:47:33.136	0.61883				2
2024.09.18	01:47:38.645		0.61887			4
2024.09.18	01:47:47.158	0.61884	0.61888			6
2024.09.18	01:47:58.901	0.61886				2
2024.09.18	01:47:59.201	0.61884				2
2024.09.18	01:48:00.582	0.61884				2
2024.09.18	01:48:01.201		0.61887			4
2024.09.18	01:48:02.348		0.61888			4
2024.09.18	01:49:00.760	0.61884				2
2024.09.18	01:49:02.375		0.61888			4
2024.09.18	01:49:38.288	0.61885	0.61889			6
2024.09.18	01:50:00.080	0.61885				2
2024.09.18	01:50:18.985	0.61886				2
2024.09.18	01:50:40.674		0.61889			4
2024.09.18	01:51:00.427	0.61886				2
2024.09.18	01:51:16.122		0.61890			4
2024.09.18	01:51:36.935		0.61891			4
2024.09.18	01:51:47.379	0.61889	0.61893			6
2024.09.18	01:51:48.108		0.61892			4
2024.09.18	01:51:48.875		0.61893			4
2024.09.18	01:51:51.532	0.61888				2
2024.09.18	01:51:56.438		0.61892			4
2024.09.18	01:51:56.768		0.61893			4
2024.09.18	01:51:59.653	0.61889				2
2024.09.18	01:52:03.016	0.61888				2
2024.09.18	01:52:08.666	0.61893	0.61898			6
2024.09.18	01:52:09.366	0.61888	0.61892			6
2024.09.18	01:52:29.090	0.61891	0.61895			6
2024.09.18	01:52:49.299		0.61894			4
2024.09.18	01:53:00.814	0.61891				2
2024.09.18	01:53:36.760	0.61894	0.61899			6
2024.09.18	01:53:37.078		0.61898			4
2024.09.18	01:53:39.224	0.61895	0.61899			6
2024.09.18	01:53:53.226	0.61894				2
2024.09.18	01:54:00.672	0.61894				2
2024.09.18	01:54:03.407	0.61892	0.61895			6
2024.09.18	01:54:07.450	0.61893	0.61897			6
2024.09.18	01:54:08.122	0.61892	0.61895			6
2024.09.18	01:54:14.162	0.61891				2
2024.09.18	01:54:19.540	0.61890	0.61894			6
2024.09.18	01:54:24.037		0.61895			4
2024.09.18	01:54:57.076		0.61894			4
2024.09.18	01:55:00.332	0.61890				2
2024.09.18	01:55:03.756		0.61895			4
2024.09.18	01:55:14.353	0.61891				2
2024.09.18	01:55:16.948	0.61894	0.61898			6
2024.09.18	01:55:22.550	0.61892	0.61895			6
2024.09.18	01:55:22.879		0.61896			4
2024.09.18	01:55:25.144		0.61895			4
2024.09.18	01:55:31.822		0.61896			4
2024.09.18	01:55:32.916		0.61895			4
2024.09.18	01:55:37.150		0.61896			4
2024.09.18	01:55:38.168		0.61895			4
2024.09.18	01:55:42.892		0.61896			4
2024.09.18	01:55:43.971		0.61895			4
2024.09.18	01:55:45.461		0.61897			4
2024.09.18	01:55:52.057		0.61895			4
2024.09.18	01:56:00.372	0.61892	0.61896			6
2024.09.18	01:56:01.438		0.61895			4
2024.09.18	01:56:01.982		0.61896			4
2024.09.18	01:56:02.312		0.61895			4
2024.09.18	01:56:02.718		0.61896			4
2024.09.18	01:56:05.048		0.61895			4
2024.09.18	01:56:11.400		0.61896			4
2024.09.18	01:56:12.585		0.61895			4
2024.09.18	01:56:31.220	0.61891				2
2024.09.18	01:57:07.990	0.61891				2
2024.09.18	01:57:12.620		0.61895			4
2024.09.18	01:57:16.378	0.61892	0.61897			6
2024.09.18	01:57:17.502		0.61896			4
2024.09.18	01:57:30.745		0.61897			4
2024.09.18	01:58:06.392	0.61892				2
2024.09.18	01:58:06.776		0.61896			4
2024.09.18	01:58:26.208		0.61895			4
2024.09.18	01:58:31.939		0.61894			4
2024.09.18	01:58:32.314	0.61888	0.61892			6
2024.09.18	01:58:33.042	0.61891	0.61895			6
2024.09.18	01:59:00.312	0.61891				2
2024.09.18	01:59:34.975		0.61895			4
2024.09.18	01:59:44.666	0.61892				2
2024.09.18	01:59:46.174	0.61891				2
2024.09.18	02:00:00.130	0.61891				2
2024.09.18	02:00:01.013	0.61893				2
2024.09.18	02:00:01.439	0.61891				2
2024.09.18	02:00:20.427		0.61894			4
2024.09.18	02:00:35.540		0.61895			4
2024.09.18	02:00:38.635		0.61892			4
2024.09.18	02:00:38.935		0.61895			4
2024.09.18	02:00:40.747	0.61890				2
2024.09.18	02:01:00.277	0.61890				2
2024.09.18	02:01:04.212	0.61891				2
2024.09.18	02:01:12.368	0.61890				2
2024.09.18	02:01:33.412	0.61891				2
2024.09.18	02:01:36.958	0.61890				2
2024.09.18	02:01:39.161		0.61895			4
2024.09.18	02:01:43.615	0.61891				2
2024.09.18	02:01:55.751	0.61890	0.61893			6
2024.09.18	02:01:58.970	0.61891	0.61895			6
2024.09.18	02:02:01.470	0.61891				2
2024.09.18	02:02:07.038	0.61890				2
2024.09.18	02:02:08.026		0.61894			4
2024.09.18	02:02:13.660		0.61893			4
2024.09.18	02:02:15.520	0.61887	0.61891			6
2024.09.18	02:02:16.700		0.61892			4
2024.09.18	02:02:18.564	0.61888				2
2024.09.18	02:03:00.032	0.61888				2
2024.09.18	02:03:07.868	0.61887				2
2024.09.18	02:03:09.943	0.61888				2
2024.09.18	02:03:17.578		0.61892			4
2024.09.18	02:03:19.188	0.61887				2
2024.09.18	02:03:25.723	0.61888				2
2024.09.18	02:03:41.057	0.61889				2
2024.09.18	02:04:00.912	0.61889				2
2024.09.18	02:04:02.484	0.61891	0.61894			6
2024.09.18	02:04:13.390		0.61895			4
2024.09.18	02:04:36.931	0.61892				2
2024.09.18	02:04:44.602	0.61894	0.61897			6
2024.09.18	02:04:52.222	0.61896	0.61899			6
2024.09.18	02:05:16.511	0.61895				2
2024.09.18	02:05:52.309		0.61899			4
2024.09.18	02:05:54.833	0.61896				2
2024.09.18	02:05:55.370	0.61897				2
2024.09.18	02:05:56.285	0.61898	0.61902			6
2024.09.18	02:06:00.323	0.61898				2
2024.09.18	02:06:44.129	0.61899				2
2024.09.18	02:06:54.553	0.61898				2
2024.09.18	02:06:54.873	0.61901	0.61904			6
2024.09.18	02:06:55.374	0.61902	0.61906			6
2024.09.18	02:06:55.682	0.61900	0.61905			6
2024.09.18	02:06:55.995		0.61904			4
2024.09.18	02:06:57.688	0.61897	0.61901			6
2024.09.18	02:07:00.177	0.61897				2
2024.09.18	02:07:01.225	0.61898	0.61902			6
2024.09.18	02:07:05.478	0.61897	0.61901			6
2024.09.18	02:07:09.158	0.61898	0.61902			6
2024.09.18	02:07:09.458	0.61899	0.61903			6
2024.09.18	02:07:16.116	0.61900				2
2024.09.18	02:07:20.905	0.61899	0.61902			6
2024.09.18	02:07:22.123	0.61898	0.61901			6
2024.09.18	02:07:24.401	0.61899				2
2024.09.18	02:07:24.888	0.61898				2
2024.09.18	02:07:36.315		0.61902			4
2024.09.18	02:07:36.676	0.61897	0.61900			6
2024.09.18	02:07:37.018		0.61901			4
2024.09.18	02:07:42.104	0.61898				2
2024.09.18	02:07:59.259	0.61894	0.61898			6
2024.09.18	02:07:59.576	0.61893	0.61897			6
2024.09.18	02:07:59.883	0.61897	0.61901			6
2024.09.18	02:08:00.262	0.61897				2
2024.09.18	02:08:06.963	0.61898				2
2024.09.18	02:08:10.761	0.61897	0.61900			6
2024.09.18	02:08:11.065	0.61896	0.61899			6
2024.09.18	02:08:22.141	0.61895				2
2024.09.18	02:08:39.393		0.61898			4
2024.09.18	02:08:41.255		0.61896			4
2024.09.18	02:08:41.585		0.61899			4
2024.09.18	02:08:41.887		0.61896			4
2024.09.18	02:08:42.222		0.61899			4
2024.09.18	02:08:52.979	0.61897				2
2024.09.18	02:08:59.940	0.61896				2
2024.09.18	02:09:00.254	0.61895				2
2024.09.18	02:09:08.154		0.61898			4
2024.09.18	02:09:09.277	0.61893				2
2024.09.18	02:09:11.426	0.61894				2
2024.09.18	02:09:23.852	0.61893	0.61897			6
2024.09.18	02:09:32.975		0.61898			4
2024.09.18	02:09:39.300	0.61894				2
2024.09.18	02:09:40.009	0.61895				2
2024.09.18	02:09:40.346	0.61894				2
2024.09.18	02:09:40.650	0.61895				2
2024.09.18	02:09:41.005	0.61894				2
2024.09.18	02:09:56.595	0.61895				2
2024.09.18	02:10:04.345	0.61895				2
2024.09.18	02:10:04.877	0.61894				2
2024.09.18	02:10:18.022	0.61893	0.61896			6
2024.09.18	02:10:20.137		0.61897			4
2024.09.18	02:10:32.029		0.61898			4
2024.09.18	02:10:52.903	0.61894				2
2024.09.18	02:10:54.244	0.61896	0.61899			6
2024.09.18	02:10:54.753		0.61900			4
2024.09.18	02:10:55.111		0.61899			4
2024.09.18	02:11:00.193	0.61896				2
2024.09.18	02:11:55.488		0.61897			4
2024.09.18	02:11:56.756		0.61899			4
2024.09.18	02:12:00.401	0.61896				2
2024.09.18	02:12:55.931		0.61900			4
2024.09.18	02:13:00.297	0.61896				2
2024.09.18	02:13:10.388	0.61895	0.61898			6
2024.09.18	02:13:19.206	0.61896	0.61900			6
2024.09.18	02:13:22.869	0.61898	0.61902			6
2024.09.18	02:13:25.788	0.61897	0.61900			6
2024.09.18	02:13:30.285	0.61895				2
2024.09.18	02:13:34.282	0.61896				2
2024.09.18	02:13:35.080	0.61895	0.61898			6
2024.09.18	02:13:35.384	0.61894				2
2024.09.18	02:13:35.703	0.61895				2
2024.09.18	02:13:46.101	0.61894				2
2024.09.18	02:14:00.017	0.61894				2
2024.09.18	02:14:14.324	0.61893	0.61895			6
2024.09.18	02:14:18.766	0.61891				2
2024.09.18	02:14:55.593	0.61893	0.61896			6
2024.09.18	02:14:55.949	0.61895	0.61898			6
2024.09.18	02:14:56.345	0.61894	0.61897			6
2024.09.18	02:14:56.690	0.61895	0.61898			6
2024.09.18	02:14:57.534	0.61894				2
2024.09.18	02:14:58.231	0.61895				2
2024.09.18	02:15:00.056	0.61895				2
2024.09.18	02:15:01.906		0.61899			4
2024.09.18	02:15:06.650		0.61897			4
2024.09.18	02:15:06.997		0.61898			4
2024.09.18	02:15:07.304		0.61896			4
2024.09.18	02:15:07.608		0.61897			4
2024.09.18	02:15:08.411		0.61898			4
2024.09.18	02:15:10.486	0.61893				2
2024.09.18	02:15:12.483	0.61894				2
2024.09.18	02:15:12.826	0.61893				2
2024.09.18	02:15:27.712	0.61895				2
2024.09.18	02:15:55.900		0.61899			4
2024.09.18	02:16:00.200	0.61895				2
2024.09.18	02:16:00.600	0.61896				2
2024.09.18	02:16:01.798		0.61900			4
2024.09.18	02:16:21.064	0.61897				2
2024.09.18	02:16:21.770	0.61896				2
2024.09.18	02:17:00.314	0.61896				2
2024.09.18	02:17:00.965	0.61895				2
2024.09.18	02:17:01.938		0.61900			4
2024.09.18	02:17:32.600	0.61892	0.61897			6
2024.09.18	02:17:34.649	0.61893				2
2024.09.18	02:17:36.378	0.61895	0.61899			6
2024.09.18	02:17:42.656		0.61900			4
2024.09.18	02:18:00.462	0.61896				2
2024.09.18	02:18:14.906	0.61899	0.61903			6
2024.09.18	02:19:00.365	0.61899	0.61904			6
2024.09.18	02:19:09.020	0.61900				2
2024.09.18	02:19:09.338	0.61906	0.61909			6
2024.09.18	02:19:18.650	0.61907				2
2024.09.18	02:19:21.865	0.61908	0.61911			6
2024.09.18	02:19:35.043	0.61906	0.61910			6
2024.09.18	02:20:00.441	0.61906	0.61911			6
2024.09.18	02:20:15.787	0.61907				2
2024.09.18	02:20:21.815	0.61908				2
2024.09.18	02:20:23.710	0.61910	0.61912			6
2024.09.18	02:20:27.870	0.61911				2
2024.09.18	02:20:28.827	0.61910				2
2024.09.18	02:20:47.529	0.61912	0.61913			6
2024.09.18	02:20:48.020	0.61910	0.61912			6
2024.09.18	02:21:00.057	0.61910				2
2024.09.18	02:21:17.551	0.61909				2
2024.09.18	02:21:22.231	0.61910				2
2024.09.18	02:21:23.171	0.61909				2
2024.09.18	02:21:44.338	0.61908				2
2024.09.18	02:21:49.799		0.61912			4
2024.09.18	02:21:50.315	0.61907				2
2024.09.18	02:21:54.070	0.61908				2
2024.09.18	02:22:00.532	0.61908				2
2024.09.18	02:22:20.169	0.61905	0.61910			6
2024.09.18	02:22:38.091	0.61908				2
2024.09.18	02:22:38.732	0.61905				2
2024.09.18	02:23:00.628	0.61905				2
2024.09.18	02:23:20.205		0.61910			4
2024.09.18	02:23:37.538	0.61906				2
2024.09.18	02:23:58.794	0.61907				2
2024.09.18	02:24:00.336	0.61907				2
2024.09.18	02:24:09.402	0.61908	0.61912			6
2024.09.18	02:25:03.673	0.61908				2
2024.09.18	02:25:04.413		0.61911			4
2024.09.18	02:25:55.228	0.61909	0.61913			6
2024.09.18	02:26:00.189	0.61909				2
2024.09.18	02:26:46.088	0.61910				2
2024.09.18	02:26:50.312		0.61914			4
2024.09.18	02:27:00.227	0.61910				2
2024.09.18	02:27:07.800	0.61912	0.61916			6
2024.09.18	02:27:38.049	0.61911	0.61915			6
2024.09.18	02:28:00.385	0.61911				2
2024.09.18	02:28:03.744	0.61912	0.61916			6
2024.09.18	02:28:09.026	0.61911				2
2024.09.18	02:28:10.320	0.61912				2
2024.09.18	02:28:15.746	0.61911				2
2024.09.18	02:28:23.936	0.61913	0.61917			6
2024.09.18	02:28:38.447	0.61914	0.61918			6
2024.09.18	02:28:40.953	0.61918	0.61921			6
2024.09.18	02:29:01.886	0.61918				2
2024.09.18	02:29:05.870		0.61922			4
2024.09.18	02:29:08.099	0.61917				2
2024.09.18	02:29:10.378	0.61918				2
2024.09.18	02:29:12.380	0.61917				2
2024.09.18	02:29:14.378		0.61921			4
2024.09.18	02:29:35.456	0.61919	0.61922			6
2024.09.18	02:29:40.755	0.61918				2
2024.09.18	02:29:45.676	0.61919	0.61924			6
2024.09.18	02:29:46.359	0.61920				2
2024.09.18	02:29:47.394	0.61923	0.61927			6
2024.09.18	02:29:47.734	0.61924				2
2024.09.18	02:30:00.355	0.61924				2
2024.09.18	02:30:07.101	0.61923				2
2024.09.18	02:30:12.429	0.61924				2
2024.09.18	02:30:14.013	0.61923				2
2024.09.18	02:30:22.683	0.61924	0.61928			6
2024.09.18	02:30:23.738	0.61923				2
2024.09.18	02:30:24.733	0.61929	0.61932			6
2024.09.18	02:30:25.626	0.61928				2
2024.09.18	02:30:26.966	0.61930				2
2024.09.18	02:30:27.284	0.61929	0.61933			6
2024.09.18	02:31:00.314	0.61929				2
2024.09.18	02:31:01.405		0.61934			4
2024.09.18	02:31:01.759	0.61930	0.61935			6
2024.09.18	02:31:22.860	0.61931				2
2024.09.18	02:31:28.565	0.61932				2
2024.09.18	02:31:44.281	0.61935	0.61939			6
2024.09.18	02:31:50.091	0.61933	0.61936			6
2024.09.18	02:31:53.735		0.61937			4
2024.09.18	02:32:03.729	0.61934	0.61938			6
2024.09.18	02:32:17.448	0.61935				2
2024.09.18	02:32:19.296	0.61936	0.61939			6
2024.09.18	02:32:26.600	0.61938	0.61941			6
2024.09.18	02:32:32.067	0.61939	0.61942			6
2024.09.18	02:32:34.284	0.61938				2
2024.09.18	02:32:45.895	0.61937	0.61941			6
2024.09.18	02:33:00.316	0.61937				2
2024.09.18	02:33:00.979	0.61936	0.61940			6
2024.09.18	02:33:01.345	0.61935	0.61939			6
2024.09.18	02:33:02.760	0.61933	0.61938			6
2024.09.18	02:33:24.414	0.61932	0.61935			6
2024.09.18	02:33:26.833		0.61936			4
2024.09.18	02:33:35.761	0.61930	0.61934			6
2024.09.18	02:33:36.428	0.61931	0.61935			6
2024.09.18	02:33:43.386	0.61932	0.61937			6
2024.09.18	02:33:44.553	0.61933				2
2024.09.18	02:33:45.590	0.61934	0.61938			6
2024.09.18	02:33:45.961	0.61932	0.61936			6
2024.09.18	02:33:46.281	0.61933	0.61937			6
2024.09.18	02:33:48.038	0.61932				2
2024.09.18	02:33:48.360	0.61933				2
2024.09.18	02:33:49.652	0.61932				2
2024.09.18	02:33:52.798		0.61936			4
2024.09.18	02:33:53.137		0.61937			4
2024.09.18	02:33:56.366	0.61933				2
2024.09.18	02:33:57.646	0.61932				2
2024.09.18	02:33:58.772	0.61933				2
2024.09.18	02:33:59.793	0.61932				2
2024.09.18	02:34:00.945	0.61933				2
2024.09.18	02:34:02.387	0.61935	0.61940			6
2024.09.18	02:34:02.704		0.61939			4
2024.09.18	02:34:16.830	0.61934				2
2024.09.18	02:35:00.057	0.61934				2
2024.09.18	02:35:03.191		0.61939			4
2024.09.18	02:35:05.661	0.61933	0.61936			6
2024.09.18	02:35:11.752	0.61935	0.61939			6
2024.09.18	02:35:27.557		0.61940			4
2024.09.18	02:35:35.237	0.61937				2
2024.09.18	02:35:41.138		0.61941			4
2024.09.18	02:35:44.118		0.61942			4
2024.09.18	02:35:44.424	0.61938				2
2024.09.18	02:35:49.021	0.61937	0.61941			6
2024.09.18	02:35:52.158	0.61936	0.61940			6
2024.09.18	02:35:54.244	0.61940	0.61943			6
2024.09.18	02:35:54.564		0.61944			4
2024.09.18	02:35:55.177		0.61945			4
2024.09.18	02:36:00.322	0.61940				2
2024.09.18	02:36:08.958		0.61944			4
2024.09.18	02:36:15.197	0.61944	0.61947			6
2024.09.18	02:36:23.703	0.61946				2
2024.09.18	02:36:24.016	0.61944				2
2024.09.18	02:37:00.314	0.61944				2
2024.09.18	02:37:09.527	0.61941	0.61945			6
2024.09.18	02:38:00.320	0.61941				2
2024.09.18	02:38:14.102		0.61945			4
2024.09.18	02:39:00.319	0.61941				2
2024.09.18	02:39:10.316		0.61946			4
2024.09.18	02:39:37.791	0.61942				2
2024.09.18	02:39:45.690	0.61943				2
2024.09.18	02:39:46.782	0.61942	0.61945			6
2024.09.18	02:39:47.085	0.61941	0.61944			6
2024.09.18	02:39:55.137	0.61943	0.61947			6
2024.09.18	02:40:00.320	0.61943				2
2024.09.18	02:40:55.499		0.61947			4
2024.09.18	02:41:00.463	0.61943				2
2024.09.18	02:41:01.386	0.61945	0.61948			6
2024.09.18	02:41:01.754	0.61944				2
2024.09.18	02:41:03.514	0.61945				2
2024.09.18	02:41:13.295	0.61943	0.61947			6
2024.09.18	02:41:46.645	0.61944				2
2024.09.18	02:41:51.162	0.61943				2
2024.09.18	02:41:52.658	0.61944				2
2024.09.18	02:41:55.467	0.61941	0.61945			6
2024.09.18	02:42:00.318	0.61941				2
2024.09.18	02:42:15.973	0.61942				2
2024.09.18	02:42:37.967	0.61941				2
2024.09.18	02:42:56.279		0.61945			4
2024.09.18	02:43:00.453	0.61941				2
2024.09.18	02:43:56.416		0.61945			4
2024.09.18	02:44:00.317	0.61941				2
2024.09.18	02:44:37.766	0.61942	0.61946			6
2024.09.18	02:44:41.918	0.61935	0.61939			6
2024.09.18	02:44:42.233	0.61934	0.61940			6
2024.09.18	02:44:43.403	0.61938	0.61944			6
2024.09.18	02:44:43.720		0.61943			4
2024.09.18	02:44:52.233		0.61942			4
2024.09.18	02:44:54.075		0.61943			4
2024.09.18	02:45:00.000	0.61938				2
2024.09.18	02:45:01.867	0.61939				2
2024.09.18	02:45:18.671		0.61942			4
2024.09.18	02:45:19.562		0.61943			4
2024.09.18	02:45:25.380		0.61942			4
2024.09.18	02:46:00.396	0.61939				2
2024.09.18	02:46:11.791		0.61943			4
2024.09.18	02:46:20.635	0.61938	0.61942			6
2024.09.18	02:46:30.308	0.61939				2
2024.09.18	02:47:12.537	0.61939				2
2024.09.18	02:47:20.672		0.61942			4
2024.09.18	02:47:48.705	0.61938	0.61941			6
2024.09.18	02:47:49.114	0.61939	0.61942			6
2024.09.18	02:47:58.453	0.61938				2
2024.09.18	02:48:00.588	0.61938				2
2024.09.18	02:48:01.303	0.61940				2
2024.09.18	02:48:01.625	0.61938				2
2024.09.18	02:48:13.752	0.61940				2
2024.09.18	02:48:29.974	0.61939				2
2024.09.18	02:48:30.317	0.61938				2
2024.09.18	02:48:40.942		0.61941			4
2024.09.18	02:48:42.861	0.61934	0.61937			6
2024.09.18	02:48:43.240		0.61936			4
2024.09.18	02:48:50.209	0.61930	0.61932			6
2024.09.18	02:48:50.522		0.61933			4
2024.09.18	02:48:51.910		0.61934			4
2024.09.18	02:49:00.066	0.61931				2
2024.09.18	02:49:07.656	0.61930	0.61933			6
2024.09.18	02:49:09.029	0.61931	0.61935			6
2024.09.18	02:49:09.342	0.61934	0.61938			6
2024.09.18	02:49:10.495	0.61932	0.61936			6
2024.09.18	02:49:10.816	0.61933				2
2024.09.18	02:49:21.960		0.61937			4
2024.09.18	02:49:23.092		0.61936			4
2024.09.18	02:49:25.324		0.61937			4
2024.09.18	02:49:26.473		0.61936			4
2024.09.18	02:49:54.501	0.61932	0.61937			6
2024.09.18	02:49:58.366	0.61929	0.61933			6
2024.09.18	02:50:00.278	0.61929	0.61934			6
2024.09.18	02:50:01.004	0.61928				2
2024.09.18	02:50:01.318	0.61929				2
2024.09.18	02:50:02.736	0.61930				2
2024.09.18	02:50:14.658	0.61929	0.61933			6
2024.09.18	02:50:15.721	0.61930	0.61934			6
2024.09.18	02:50:20.969	0.61931				2
2024.09.18	02:50:21.665	0.61930				2
2024.09.18	02:50:26.006	0.61931				2
2024.09.18	02:50:32.102	0.61930				2
2024.09.18	02:50:32.879	0.61929	0.61931			6
2024.09.18	02:50:33.242	0.61928				2
2024.09.18	02:50:38.426		0.61930			4
2024.09.18	02:50:39.374	0.61927	0.61931			6
2024.09.18	02:50:43.278	0.61929	0.61933			6
2024.09.18	02:50:45.703		0.61932			4
2024.09.18	02:51:00.316	0.61929				2
2024.09.18	02:51:28.567	0.61928				2
2024.09.18	02:51:41.996	0.61929				2
2024.09.18	02:51:43.144	0.61928				2
2024.09.18	02:51:47.617		0.61932			4
2024.09.18	02:51:57.214	0.61930	0.61933			6
2024.09.18	02:51:57.526		0.61934			4
2024.09.18	02:51:58.083	0.61931				2
2024.09.18	02:52:00.579	0.61931				2
2024.09.18	02:52:09.434		0.61935			4
2024.09.18	02:52:16.592	0.61928	0.61933			6
2024.09.18	02:52:16.959		0.61932			4
2024.09.18	02:52:30.094		0.61931			4
2024.09.18	02:52:39.300	0.61927				2
2024.09.18	02:52:39.628	0.61928				2
2024.09.18	02:52:40.427	0.61927				2
2024.09.18	02:52:40.809	0.61928				2
2024.09.18	02:52:41.263	0.61927				2
2024.09.18	02:52:44.280	0.61928				2
2024.09.18	02:52:44.898	0.61927				2
2024.09.18	02:52:46.394	0.61928				2
2024.09.18	02:52:47.188	0.61927				2
2024.09.18	02:52:55.374	0.61928	0.61932			6
2024.09.18	02:53:00.537	0.61928				2
2024.09.18	02:53:03.959	0.61929	0.61933			6
2024.09.18	02:53:05.000		0.61932			4
2024.09.18	02:53:06.022	0.61928				2
2024.09.18	02:53:37.221		0.61929			4
2024.09.18	02:53:37.527		0.61932			4
2024.09.18	02:53:39.459		0.61931			4
2024.09.18	02:53:58.981	0.61929	0.61932			6
2024.09.18	02:53:59.285	0.61932	0.61935			6
2024.09.18	02:54:00.327	0.61932				2
2024.09.18	02:54:02.681		0.61936			4
2024.09.18	02:54:21.357		0.61935			4
2024.09.18	02:54:38.746	0.61929	0.61933			6
2024.09.18	02:54:39.209	0.61928	0.61932			6
2024.09.18	02:54:41.859		0.61931			4
2024.09.18	02:54:58.389		0.61932			4
2024.09.18	02:55:00.337	0.61928				2
2024.09.18	02:55:32.593	0.61926	0.61929			6
2024.09.18	02:55:33.481	0.61925				2
2024.09.18	02:55:39.772	0.61924	0.61928			6
2024.09.18	02:55:40.080	0.61925	0.61929			6
2024.09.18	02:55:43.388	0.61924	0.61928			6
2024.09.18	02:55:44.023		0.61929			4
2024.09.18	02:55:51.739	0.61925				2
2024.09.18	02:56:00.101	0.61925				2
2024.09.18	02:56:08.779	0.61930	0.61933			6
2024.09.18	02:56:16.496	0.61925	0.61928			6
2024.09.18	02:56:17.210		0.61929			4
2024.09.18	02:56:18.838	0.61926	0.61930			6
2024.09.18	02:56:19.142	0.61925	0.61928			6
2024.09.18	02:56:21.836		0.61927			4
2024.09.18	02:56:22.143	0.61924				2
2024.09.18	02:56:24.224		0.61928			4
2024.09.18	02:56:25.061		0.61927			4
2024.09.18	02:56:35.438	0.61929	0.61932			6
2024.09.18	02:56:37.965		0.61931			4
2024.09.18	02:56:43.173	0.61928				2
2024.09.18	02:56:48.382	0.61926	0.61930			6
2024.09.18	02:56:49.580	0.61927				2
2024.09.18	02:57:00.030	0.61927				2
2024.09.18	02:57:08.066		0.61932			4
2024.09.18	02:57:08.383		0.61931			4
2024.09.18	02:57:08.688		0.61930			4
2024.09.18	02:57:09.020	0.61926	0.61929			6
2024.09.18	02:57:09.330	0.61924				2
2024.09.18	02:57:15.260	0.61927	0.61931			6
2024.09.18	02:57:20.452	0.61929	0.61932			6
2024.09.18	02:57:22.136	0.61930	0.61933			6
2024.09.18	02:57:57.480	0.61933	0.61936			6
2024.09.18	02:57:57.786	0.61932				2
2024.09.18	02:57:59.409	0.61933				2
2024.09.18	02:58:00.450	0.61933				2
2024.09.18	02:58:16.531	0.61935	0.61938			6
2024.09.18	02:58:16.844	0.61934				2
2024.09.18	02:58:17.580		0.61939			4
2024.09.18	02:58:18.344	0.61935				2
2024.09.18	02:58:18.700		0.61938			4
2024.09.18	02:58:20.315		0.61940			4
2024.09.18	02:58:20.624	0.61934	0.61939			6
2024.09.18	02:58:28.377	0.61935				2
2024.09.18	02:58:38.406	0.61936				2
2024.09.18	02:58:44.542		0.61940			4
2024.09.18	02:58:46.718	0.61939	0.61944			6
2024.09.18	02:58:48.681	0.61940	0.61945			6
2024.09.18	02:58:56.342	0.61941				2
2024.09.18	02:58:58.719	0.61940				2
2024.09.18	02:59:00.026	0.61940				2
2024.09.18	02:59:01.356	0.61938	0.61942			6
2024.09.18	02:59:03.089	0.61937	0.61941			6
2024.09.18	02:59:05.357	0.61936				2
2024.09.18	02:59:06.987	0.61935	0.61939			6
2024.09.18	02:59:07.358		0.61938			4
2024.09.18	02:59:10.239	0.61933	0.61937			6
2024.09.18	02:59:11.757	0.61932	0.61936			6
2024.09.18	02:59:17.290	0.61930	0.61934			6
2024.09.18	02:59:19.354	0.61931	0.61935			6
2024.09.18	02:59:25.394		0.61934			4
2024.09.18	02:59:26.114		0.61935			4
2024.09.18	02:59:33.052	0.61929	0.61934			6
2024.09.18	02:59:33.366	0.61928	0.61931			6
2024.09.18	02:59:33.673	0.61924	0.61928			6
2024.09.18	02:59:34.322		0.61929			4
2024.09.18	02:59:53.147	0.61923	0.61925			6
2024.09.18	02:59:53.463	0.61922				2
2024.09.18	02:59:54.238	0.61919	0.61923			6
2024.09.18	02:59:58.423	0.61918	0.61921			6
2024.09.18	03:00:00.317	0.61919	0.61923			6
2024.09.18	03:00:01.313	0.61921				2
2024.09.18	03:00:01.615	0.61919				2
2024.09.18	03:00:02.176	0.61921				2
2024.09.18	03:00:02.484	0.61922	0.61925			6
2024.09.18	03:00:02.786	0.61923				2
2024.09.18	03:00:03.770	0.61924				2
2024.09.18	03:00:05.485	0.61926	0.61927			6
2024.09.18	03:00:05.825	0.61925				2
2024.09.18	03:00:06.360	0.61926				2
2024.09.18	03:00:06.917	0.61925				2
2024.09.18	03:00:08.022	0.61926				2
2024.09.18	03:00:08.405	0.61924	0.61926			6
2024.09.18	03:00:11.725	0.61923				2
2024.09.18	03:00:12.868	0.61919	0.61922			6
2024.09.18	03:00:13.172		0.61921			4
2024.09.18	03:00:13.511	0.61918				2
2024.09.18	03:00:13.964	0.61919				2
2024.09.18	03:00:15.226		0.61922			4
2024.09.18	03:00:15.920		0.61921			4
2024.09.18	03:00:18.173		0.61922			4
2024.09.18	03:00:22.157	0.61920				2
2024.09.18	03:00:22.495		0.61923			4
2024.09.18	03:00:24.563	0.61919	0.61922			6
2024.09.18	03:00:30.309	0.61918	0.61921			6
2024.09.18	03:00:34.934	0.61917	0.61918			6
2024.09.18	03:00:38.803	0.61918	0.61919			6
2024.09.18	03:00:57.353	0.61915	0.61917			6
2024.09.18	03:00:58.492	0.61913	0.61915			6
2024.09.18	03:00:58.806		0.61914			4
2024.09.18	03:00:59.523		0.61915			4
2024.09.18	03:01:00.403	0.61913	0.61917			6
2024.09.18	03:01:01.686		0.61918			4
2024.09.18	03:01:02.127	0.61917	0.61919			6
2024.09.18	03:01:02.620	0.61916				2
2024.09.18	03:01:03.321	0.61915	0.61916			6
2024.09.18	03:01:03.623	0.61914	0.61917			6
2024.09.18	03:01:04.548		0.61916			4
2024.09.18	03:01:06.632	0.61913	0.61917			6
2024.09.18	03:01:19.375	0.61914	0.61919			6
2024.09.18	03:01:25.134	0.61919	0.61924			6
2024.09.18	03:01:25.552		0.61923			4
2024.09.18	03:01:26.346		0.61922			4
2024.09.18	03:01:27.068	0.61918				2
2024.09.18	03:01:30.007	0.61919				2
2024.09.18	03:01:30.452	0.61918				2
2024.09.18	03:01:32.100	0.61919	0.61923			6
2024.09.18	03:01:33.319	0.61923	0.61925			6
2024.09.18	03:01:33.686		0.61927			4
2024.09.18	03:01:34.706	0.61922	0.61926			6
2024.09.18	03:01:35.458		0.61925			4
2024.09.18	03:01:35.813		0.61926			4
2024.09.18	03:01:36.218		0.61925			4
2024.09.18	03:01:36.577		0.61926			4
2024.09.18	03:01:37.392		0.61925			4
2024.09.18	03:01:37.740		0.61926			4
2024.09.18	03:01:39.421	0.61921	0.61925			6
2024.09.18	03:01:39.722	0.61920				2
2024.09.18	03:01:42.290		0.61924			4
2024.09.18	03:01:42.793		0.61925			4
2024.09.18	03:01:43.147	0.61923	0.61926			6
2024.09.18	03:01:43.534	0.61922				2
2024.09.18	03:01:43.853	0.61923				2
2024.09.18	03:01:45.331		0.61924			4
2024.09.18	03:01:45.636	0.61918	0.61923			6
2024.09.18	03:01:45.943		0.61922			4
2024.09.18	03:01:46.609		0.61923			4
2024.09.18	03:01:46.927	0.61919	0.61924			6
2024.09.18	03:01:47.239	0.61922	0.61925			6
2024.09.18	03:01:49.992		0.61926			4
2024.09.18	03:01:59.901	0.61921	0.61925			6
2024.09.18	03:02:00.234	0.61921				2
2024.09.18	03:02:02.203		0.61923			4
2024.09.18	03:02:06.376	0.61919	0.61922			6
2024.09.18	03:02:12.276	0.61921	0.61924			6
2024.09.18	03:02:13.242	0.61922				2
2024.09.18	03:02:13.546	0.61923	0.61925			6
2024.09.18	03:02:15.377	0.61926	0.61930			6
2024.09.18	03:02:15.725	0.61931	0.61933			6
2024.09.18	03:02:16.034	0.61935	0.61938			6
2024.09.18	03:02:16.728	0.61934	0.61937			6
2024.09.18	03:02:18.104		0.61936			4
2024.09.18	03:02:20.562		0.61937			4
2024.09.18	03:02:21.483	0.61935				2
2024.09.18	03:02:21.797		0.61938			4
2024.09.18	03:02:23.654		0.61937			4
2024.09.18	03:02:24.036		0.61938			4
2024.09.18	03:02:25.889	0.61936				2
2024.09.18	03:02:26.199	0.61937	0.61939			6
2024.09.18	03:02:26.506	0.61938	0.61940			6
2024.09.18	03:02:28.809		0.61939			4
2024.09.18	03:02:29.141	0.61937	0.61940			6
2024.09.18	03:02:29.443	0.61943	0.61944			6
2024.09.18	03:02:29.828	0.61942				2
2024.09.18	03:02:30.297	0.61943				2
2024.09.18	03:02:30.599	0.61942	0.61943			6
2024.09.18	03:02:31.206	0.61938	0.61940			6
2024.09.18	03:02:31.937	0.61937				2
2024.09.18	03:02:33.283	0.61936	0.61939			6
2024.09.18	03:02:33.593	0.61937				2
2024.09.18	03:02:34.889	0.61936				2
2024.09.18	03:02:35.563	0.61935	0.61938			6
2024.09.18	03:02:36.242	0.61936	0.61939			6
2024.09.18	03:02:36.544		0.61938			4
2024.09.18	03:02:37.995	0.61937	0.61939			6
2024.09.18	03:02:38.301		0.61940			4
2024.09.18	03:02:38.617		0.61939			4
2024.09.18	03:02:39.395	0.61935				2
2024.09.18	03:02:45.205		0.61938			4
2024.09.18	03:02:45.589		0.61939			4
2024.09.18	03:02:45.915		0.61938			4
2024.09.18	03:02:46.378	0.61934				2
2024.09.18	03:02:48.663	0.61933	0.61935			6
2024.09.18	03:02:52.193	0.61932				2
2024.09.18	03:02:57.569		0.61934			4
2024.09.18	03:02:57.904		0.61935			4
2024.09.18	03:02:58.687	0.61929	0.61931			6
2024.09.18	03:02:58.990	0.61928				2
2024.09.18	03:03:00.356	0.61928				2
2024.09.18	03:03:02.342		0.61930			4
2024.09.18	03:03:05.269	0.61929	0.61932			6
2024.09.18	03:03:06.177		0.61933			4
2024.09.18	03:03:07.249	0.61930				2
2024.09.18	03:03:09.964	0.61932	0.61935			6
2024.09.18	03:03:10.693	0.61934	0.61936			6
2024.09.18	03:03:11.152		0.61937			4
2024.09.18	03:03:12.152	0.61933	0.61935			6
2024.09.18	03:03:13.922	0.61934	0.61937			6
2024.09.18	03:03:15.371	0.61932	0.61935			6
2024.09.18	03:03:23.540	0.61933				2
2024.09.18	03:03:23.908	0.61932				2
2024.09.18	03:03:28.287		0.61934			4
2024.09.18	03:03:30.376	0.61929	0.61932			6
2024.09.18	03:03:30.985	0.61928	0.61931			6
2024.09.18	03:03:31.722	0.61929	0.61932			6
2024.09.18	03:03:37.123	0.61931	0.61933			6
2024.09.18	03:03:38.201	0.61933	0.61936			6
2024.09.18	03:03:38.531	0.61934	0.61937			6
2024.09.18	03:03:42.498	0.61935	0.61938			6
2024.09.18	03:03:49.590	0.61937				2
2024.09.18	03:03:49.893		0.61939			4
2024.09.18	03:03:56.684	0.61938				2
2024.09.18	03:03:57.588	0.61937				2
2024.09.18	03:03:59.162		0.61940			4
2024.09.18	03:04:00.181	0.61937	0.61939			6
2024.09.18	03:04:03.457	0.61934	0.61937			6
2024.09.18	03:04:04.061	0.61935	0.61938			6
2024.09.18	03:04:05.705	0.61934				2
2024.09.18	03:04:06.036		0.61937			4
2024.09.18	03:04:07.239		0.61936			4
2024.09.18	03:04:08.150		0.61937			4
2024.09.18	03:04:11.025	0.61935	0.61938			6
2024.09.18	03:04:13.859	0.61934	0.61937			6
2024.09.18	03:04:19.620		0.61938			4
2024.09.18	03:04:19.922		0.61937			4
2024.09.18	03:04:24.710	0.61929	0.61931			6
2024.09.18	03:04:42.876		0.61930			4
2024.09.18	03:04:43.193		0.61931			4
2024.09.18	03:04:58.656	0.61926	0.61928			6
2024.09.18	03:04:58.975	0.61927	0.61929			6
2024.09.18	03:05:00.126	0.61927				2
2024.09.18	03:05:01.416	0.61926				2
2024.09.18	03:05:02.914	0.61921	0.61924			6
2024.09.18	03:05:03.239	0.61922	0.61925			6
2024.09.18	03:05:03.604	0.61923				2
2024.09.18	03:05:04.223	0.61922				2
2024.09.18	03:05:04.543	0.61923				2
2024.09.18	03:05:07.334	0.61922				2
2024.09.18	03:05:07.637	0.61923				2
2024.09.18	03:05:08.771	0.61922	0.61924			6
2024.09.18	03:05:11.817	0.61923	0.61925			6
2024.09.18	03:05:13.121	0.61922	0.61924			6
2024.09.18	03:05:14.245	0.61923				2
2024.09.18	03:05:17.594	0.61922				2
2024.09.18	03:05:18.942	0.61923				2
2024.09.18	03:05:19.956	0.61922				2
2024.09.18	03:05:21.328	0.61923				2
2024.09.18	03:05:22.210	0.61922				2
2024.09.18	03:05:23.341	0.61923				2
2024.09.18	03:05:24.339	0.61922				2
2024.09.18	03:05:28.246	0.61920	0.61922			6
2024.09.18	03:05:28.647	0.61921	0.61923			6
2024.09.18	03:05:30.896	0.61919	0.61921			6
2024.09.18	03:05:32.742		0.61920			4
2024.09.18	03:05:33.459		0.61921			4
2024.09.18	03:05:34.796	0.61920				2
2024.09.18	03:05:35.277		0.61922			4
2024.09.18	03:05:37.292	0.61921	0.61923			6
2024.09.18	03:05:51.964	0.61920				2
2024.09.18	03:06:00.176	0.61920	0.61922			6
2024.09.18	03:06:00.486	0.61924	0.61926			6
2024.09.18	03:06:00.788	0.61923	0.61925			6
2024.09.18	03:06:01.201	0.61924	0.61926			6
2024.09.18	03:06:01.527	0.61926	0.61930			6
2024.09.18	03:06:01.843		0.61929			4
2024.09.18	03:06:05.078		0.61928			4
2024.09.18	03:06:06.397	0.61925				2
2024.09.18	03:06:08.650		0.61929			4
2024.09.18	03:06:10.802		0.61928			4
2024.09.18	03:06:11.477		0.61929			4
2024.09.18	03:06:11.830		0.61928			4
2024.09.18	03:06:12.188	0.61926	0.61929			6
2024.09.18	03:06:17.915	0.61925	0.61927			6
2024.09.18	03:06:18.227		0.61928			4
2024.09.18	03:06:28.261		0.61929			4
2024.09.18	03:06:30.512	0.61926				2
2024.09.18	03:06:32.737		0.61928			4
2024.09.18	03:06:33.068		0.61929			4
2024.09.18	03:06:34.097		0.61928			4
2024.09.18	03:06:36.007		0.61929			4
2024.09.18	03:06:36.326		0.61928			4
2024.09.18	03:06:36.713		0.61929			4
2024.09.18	03:06:37.020		0.61928			4
2024.09.18	03:06:37.355		0.61929			4
2024.09.18	03:06:38.167		0.61928			4
2024.09.18	03:06:38.475		0.61929			4
2024.09.18	03:06:38.778		0.61928			4
2024.09.18	03:06:40.657	0.61925				2
2024.09.18	03:06:41.759	0.61926	0.61929			6
2024.09.18	03:06:42.062	0.61925	0.61928			6
2024.09.18	03:06:42.376	0.61926	0.61929			6
2024.09.18	03:06:42.677		0.61928			4
2024.09.18	03:06:43.782	0.61927				2
2024.09.18	03:06:44.083		0.61929			4
2024.09.18	03:06:44.572	0.61926	0.61928			6
2024.09.18	03:06:44.883		0.61929			4
2024.09.18	03:06:45.860	0.61927	0.61928			6
2024.09.18	03:06:46.179		0.61929			4
2024.09.18	03:06:46.517	0.61926	0.61928			6
2024.09.18	03:06:47.690		0.61929			4
2024.09.18	03:06:48.003		0.61928			4
2024.09.18	03:06:50.780		0.61929			4
2024.09.18	03:06:51.094	0.61927	0.61928			6
2024.09.18	03:06:51.397	0.61926				2
2024.09.18	03:06:52.276		0.61929			4
2024.09.18	03:06:52.922	0.61927				2
2024.09.18	03:06:53.822	0.61926	0.61928			6
2024.09.18	03:06:54.554	0.61927	0.61929			6
2024.09.18	03:06:55.195		0.61928			4
2024.09.18	03:06:56.106		0.61929			4
2024.09.18	03:06:57.728		0.61930			4
2024.09.18	03:06:58.030		0.61929			4
2024.09.18	03:06:59.293		0.61928			4
2024.09.18	03:07:00.133	0.61927	0.61929			6
2024.09.18	03:07:01.294	0.61929	0.61931			6
2024.09.18	03:07:01.604	0.61930	0.61932			6
2024.09.18	03:07:02.928	0.61932	0.61934			6
2024.09.18	03:07:03.507	0.61931				2
2024.09.18	03:07:04.026		0.61933			4
2024.09.18	03:07:04.391	0.61932				2
2024.09.18	03:07:05.110	0.61931				2
2024.09.18	03:07:07.841	0.61930				2
2024.09.18	03:07:09.747	0.61929	0.61932			6
2024.09.18	03:07:11.192	0.61930				2
2024.09.18	03:07:20.176	0.61932	0.61933			6
2024.09.18	03:07:20.707	0.61931	0.61934			6
2024.09.18	03:07:21.009	0.61932				2
2024.09.18	03:07:21.411	0.61931				2
2024.09.18	03:07:21.716	0.61932				2
2024.09.18	03:07:22.526	0.61931				2
2024.09.18	03:07:22.829	0.61932	0.61933			6
2024.09.18	03:07:24.354		0.61934			4
2024.09.18	03:07:26.464	0.61934	0.61936			6
2024.09.18	03:07:27.908	0.61935				2
2024.09.18	03:07:28.766		0.61937			4
2024.09.18	03:07:29.628		0.61936			4
2024.09.18	03:07:35.380	0.61934				2
2024.09.18	03:07:35.683	0.61935				2
2024.09.18	03:07:37.327		0.61937			4
2024.09.18	03:07:38.085	0.61934	0.61936			6
2024.09.18	03:07:38.831	0.61935				2
2024.09.18	03:07:39.801	0.61934				2
2024.09.18	03:07:40.106	0.61935				2
2024.09.18	03:07:43.604		0.61937			4
2024.09.18	03:07:44.057	0.61937	0.61938			6
2024.09.18	03:07:44.467	0.61936				2
2024.09.18	03:07:49.163		0.61937			4
2024.09.18	03:07:49.771		0.61938			4
2024.09.18	03:07:50.881		0.61937			4
2024.09.18	03:07:52.793	0.61938	0.61939			6
2024.09.18	03:07:53.102	0.61941	0.61942			6
2024.09.18	03:07:53.409		0.61943			4
2024.09.18	03:07:54.085	0.61942				2
2024.09.18	03:07:54.486	0.61941				2
2024.09.18	03:07:54.788	0.61943	0.61944			6
2024.09.18	03:07:55.363	0.61944	0.61945			6
2024.09.18	03:07:55.800	0.61943				2
2024.09.18	03:07:56.311		0.61944			4
2024.09.18	03:07:57.720	0.61944	0.61947			6
2024.09.18	03:07:58.024		0.61945			4
2024.09.18	03:07:58.363		0.61947			4
2024.09.18	03:07:58.732		0.61946			4
2024.09.18	03:07:59.078		0.61945			4
2024.09.18	03:07:59.891	0.61943				2
2024.09.18	03:08:00.254	0.61944				2
2024.09.18	03:08:00.660		0.61947			4
2024.09.18	03:08:01.131	0.61943	0.61944			6
2024.09.18	03:08:01.640	0.61944	0.61945			6
2024.09.18	03:08:02.017	0.61943	0.61944			6
2024.09.18	03:08:02.381	0.61944	0.61946			6
2024.09.18	03:08:02.688	0.61943	0.61945			6
2024.09.18	03:08:03.027	0.61944				2
2024.09.18	03:08:03.533	0.61943				2
2024.09.18	03:08:03.846	0.61944	0.61947			6
2024.09.18	03:08:04.171	0.61943	0.61944			6
2024.09.18	03:08:04.502	0.61944	0.61947			6
2024.09.18	03:08:04.826	0.61943	0.61944			6
2024.09.18	03:08:05.218	0.61944	0.61947			6
2024.09.18	03:08:05.519		0.61945			4
2024.09.18	03:08:06.277	0.61943				2
2024.09.18	03:08:06.629		0.61944			4
2024.09.18	03:08:06.956	0.61944	0.61947			6
2024.09.18	03:08:07.282		0.61945			4
2024.09.18	03:08:08.701	0.61943				2
2024.09.18	03:08:09.004	0.61944				2
2024.09.18	03:08:10.115	0.61943				2
2024.09.18	03:08:10.745	0.61945	0.61947			6
2024.09.18	03:08:13.177	0.61944				2
2024.09.18	03:08:13.505		0.61946			4
2024.09.18	03:08:15.385	0.61947	0.61949			6
2024.09.18	03:08:15.839	0.61946				2
2024.09.18	03:08:16.491		0.61948			4
2024.09.18	03:08:17.507	0.61947	0.61949			6
2024.09.18	03:08:18.101	0.61948				2
2024.09.18	03:08:18.477	0.61947				2
2024.09.18	03:08:18.812	0.61948				2
2024.09.18	03:08:21.258	0.61947				2
2024.09.18	03:08:21.564	0.61949	0.61950			6
2024.09.18	03:08:21.865	0.61948	0.61951			6
2024.09.18	03:08:22.169	0.61949	0.61950			6
2024.09.18	03:08:25.974	0.61947				2
2024.09.18	03:08:26.286	0.61946	0.61948			6
2024.09.18	03:08:26.589		0.61949			4
2024.09.18	03:08:26.893	0.61947				2
2024.09.18	03:08:27.891	0.61946	0.61948			6
2024.09.18	03:08:29.296		0.61949			4
2024.09.18	03:08:29.758	0.61948				2
2024.09.18	03:08:30.322	0.61947				2
2024.09.18	03:08:30.637	0.61946				2
2024.09.18	03:08:30.945		0.61950			4
2024.09.18	03:08:31.267		0.61949			4
2024.09.18	03:08:31.728	0.61947				2
2024.09.18	03:08:32.112	0.61948				2
2024.09.18	03:08:32.434	0.61947				2
2024.09.18	03:08:32.931	0.61946				2
2024.09.18	03:08:33.236		0.61948			4
2024.09.18	03:08:37.164	0.61944	0.61947			6
2024.09.18	03:08:43.214	0.61942	0.61945			6
2024.09.18	03:08:47.043	0.61937	0.61939			6
2024.09.18	03:08:47.345	0.61936	0.61938			6
2024.09.18	03:08:47.851	0.61937	0.61939			6
2024.09.18	03:08:48.179	0.61936				2
2024.09.18	03:08:48.487	0.61937				2
2024.09.18	03:08:49.975		0.61940			4
2024.09.18	03:08:50.310		0.61939			4
2024.09.18	03:08:50.623	0.61936				2
2024.09.18	03:08:52.303	0.61937	0.61940			6
2024.09.18	03:08:53.102		0.61939			4
2024.09.18	03:08:53.737		0.61940			4
2024.09.18	03:08:54.743	0.61936	0.61938			6
2024.09.18	03:08:55.096		0.61939			4
2024.09.18	03:08:55.722		0.61938			4
2024.09.18	03:08:58.100	0.61935				2
2024.09.18	03:09:00.320	0.61935				2
2024.09.18	03:09:01.622	0.61937				2
2024.09.18	03:09:01.934	0.61936				2
2024.09.18	03:09:02.278	0.61937	0.61939			6
2024.09.18	03:09:02.671	0.61936				2
2024.09.18	03:09:03.055	0.61937				2
2024.09.18	03:09:04.035	0.61936				2
2024.09.18	03:09:04.795	0.61937	0.61940			6
2024.09.18	03:09:05.116		0.61939			4
2024.09.18	03:09:05.421	0.61940	0.61942			6
2024.09.18	03:09:06.152	0.61939				2
2024.09.18	03:09:12.876		0.61941			4
2024.09.18	03:09:17.217		0.61942			4
2024.09.18	03:09:22.122		0.61941			4
2024.09.18	03:09:22.429		0.61942			4
2024.09.18	03:09:22.764		0.61941			4
2024.09.18	03:09:24.247		0.61940			4
2024.09.18	03:09:24.549		0.61941			4
2024.09.18	03:09:25.597		0.61942			4
2024.09.18	03:09:26.262	0.61940				2
2024.09.18	03:09:26.638	0.61939				2
2024.09.18	03:09:28.025	0.61940				2
2024.09.18	03:09:28.739		0.61943			4
2024.09.18	03:09:29.608	0.61942	0.61945			6
2024.09.18	03:09:32.311		0.61946			4
2024.09.18	03:09:33.291		0.61945			4
2024.09.18	03:09:33.854	0.61941	0.61944			6
2024.09.18	03:09:35.178		0.61945			4
2024.09.18	03:09:36.141		0.61946			4
2024.09.18	03:09:36.470		0.61944			4
2024.09.18	03:09:36.783		0.61945			4
2024.09.18	03:09:39.589	0.61943				2
2024.09.18	03:09:40.665	0.61941				2
2024.09.18	03:09:42.318		0.61944			4
2024.09.18	03:09:44.479	0.61942				2
2024.09.18	03:09:45.697		0.61945			4
2024.09.18	03:09:49.079		0.61944			4
2024.09.18	03:09:50.201		0.61945			4
2024.09.18	03:09:52.882		0.61944			4
2024.09.18	03:09:53.581		0.61945			4
2024.09.18	03:09:55.024	0.61943	0.61946			6
2024.09.18	03:09:55.348	0.61944	0.61948			6
2024.09.18	03:09:56.021		0.61947			4
2024.09.18	03:09:58.408	0.61943				2
2024.09.18	03:09:59.492		0.61946			4
2024.09.18	03:09:59.833		0.61947			4
2024.09.18	03:10:00.185	0.61943				2
2024.09.18	03:10:00.619	0.61944				2
2024.09.18	03:10:01.508	0.61945				2
2024.09.18	03:10:02.538	0.61944				2
2024.09.18	03:10:07.707	0.61945				2
2024.09.18	03:10:09.447	0.61944				2
2024.09.18	03:10:13.653	0.61945	0.61948			6
2024.09.18	03:10:13.965		0.61947			4
2024.09.18	03:10:14.838	0.61944				2
2024.09.18	03:10:15.462		0.61946			4
2024.09.18	03:10:16.086		0.61947			4
2024.09.18	03:10:16.787		0.61946			4
2024.09.18	03:10:17.107		0.61947			4
2024.09.18	03:10:17.413	0.61943	0.61946			6
2024.09.18	03:10:17.746	0.61944	0.61947			6
2024.09.18	03:10:19.382	0.61943	0.61946			6
2024.09.18	03:10:21.498		0.61945			4
2024.09.18	03:10:23.241	0.61942				2
2024.09.18	03:10:29.025	0.61943				2
2024.09.18	03:10:30.322	0.61942				2
2024.09.18	03:10:40.429	0.61941	0.61943			6
2024.09.18	03:10:41.352	0.61940				2
2024.09.18	03:10:42.930	0.61939				2
2024.09.18	03:10:45.514	0.61942	0.61944			6
2024.09.18	03:10:56.802		0.61945			4
2024.09.18	03:10:57.877		0.61944			4
2024.09.18	03:11:00.179	0.61942				2
2024.09.18	03:11:00.923	0.61941				2
2024.09.18	03:11:01.233		0.61945			4
2024.09.18	03:11:02.220	0.61942				2
2024.09.18	03:11:12.261	0.61943				2
2024.09.18	03:11:24.812	0.61944	0.61947			6
2024.09.18	03:11:26.531	0.61945				2
2024.09.18	03:11:32.166		0.61949			4
2024.09.18	03:11:37.511	0.61944				2
2024.09.18	03:11:40.644	0.61946	0.61950			6
2024.09.18	03:11:44.684	0.61948	0.61952			6
2024.09.18	03:11:45.374	0.61949	0.61953			6
2024.09.18	03:11:57.000	0.61948	0.61949			6
2024.09.18	03:12:00.152	0.61948				2
2024.09.18	03:12:01.965	0.61949	0.61950			6
2024.09.18	03:12:07.595	0.61946	0.61947			6
2024.09.18	03:12:09.025	0.61944	0.61945			6
2024.09.18	03:12:36.919		0.61946			4
2024.09.18	03:12:49.876	0.61943	0.61944			6
2024.09.18	03:12:50.182		0.61945			4
2024.09.18	03:12:55.296		0.61947			4
2024.09.18	03:12:55.981		0.61945			4
2024.09.18	03:12:57.549	0.61940	0.61942			6
2024.09.18	03:13:01.156	0.61939	0.61943			6
2024.09.18	03:13:02.215	0.61941	0.61945			6
2024.09.18	03:13:03.251	0.61944	0.61947			6
2024.09.18	03:13:03.920		0.61948			4
2024.09.18	03:13:06.891		0.61949			4
2024.09.18	03:13:07.370		0.61948			4
2024.09.18	03:13:09.091		0.61947			4
2024.09.18	03:13:09.870		0.61948			4
2024.09.18	03:13:10.347		0.61947			4
2024.09.18	03:13:10.711		0.61948			4
2024.09.18	03:13:11.480		0.61947			4
2024.09.18	03:13:11.878		0.61948			4
2024.09.18	03:13:12.835	0.61943				2
2024.09.18	03:13:13.773		0.61947			4
2024.09.18	03:13:14.097	0.61944	0.61948			6
2024.09.18	03:13:22.068	0.61945	0.61950			6
2024.09.18	03:13:31.634	0.61946	0.61949			6
2024.09.18	03:13:35.838		0.61950			4
2024.09.18	03:13:50.029	0.61945				2
2024.09.18	03:13:50.355	0.61946				2
2024.09.18	03:13:52.445	0.61948	0.61951			6
2024.09.18	03:13:55.385		0.61952			4
2024.09.18	03:13:58.848		0.61951			4
2024.09.18	03:13:59.512		0.61950			4
2024.09.18	03:13:59.906		0.61951			4
2024.09.18	03:14:00.672	0.61948				2
2024.09.18	03:14:03.479	0.61947	0.61950			6
2024.09.18	03:14:06.842		0.61951			4
2024.09.18	03:14:09.008	0.61948				2
2024.09.18	03:14:11.021		0.61952			4
2024.09.18	03:14:11.981	0.61949				2
2024.09.18	03:14:12.418	0.61952	0.61953			6
2024.09.18	03:14:12.815	0.61949	0.61952			6
2024.09.18	03:14:13.355	0.61950	0.61953			6
2024.09.18	03:14:16.352	0.61949	0.61952			6
2024.09.18	03:14:16.664	0.61948				2
2024.09.18	03:14:17.019	0.61949				2
2024.09.18	03:14:26.740	0.61950	0.61953			6
2024.09.18	03:14:40.521	0.61949				2
2024.09.18	03:14:44.673		0.61952			4
2024.09.18	03:14:47.702	0.61950				2
2024.09.18	03:14:48.382	0.61949				2
2024.09.18	03:14:53.367	0.61950				2
2024.09.18	03:14:59.053	0.61951				2
2024.09.18	03:14:59.681		0.61953			4
2024.09.18	03:15:00.372	0.61950				2
2024.09.18	03:15:00.803	0.61951				2
2024.09.18	03:15:01.494	0.61949	0.61952			6
2024.09.18	03:15:02.271		0.61951			4
2024.09.18	03:15:02.612	0.61948				2
2024.09.18	03:15:02.924	0.61949				2
2024.09.18	03:15:05.073	0.61950				2
2024.09.18	03:15:07.029	0.61949				2
2024.09.18	03:15:07.333	0.61950				2
2024.09.18	03:15:08.353	0.61949				2
2024.09.18	03:15:12.301		0.61952			4
2024.09.18	03:15:13.432		0.61951			4
2024.09.18	03:15:16.903	0.61948				2
2024.09.18	03:15:19.421	0.61949				2
2024.09.18	03:15:19.737	0.61950	0.61952			6
2024.09.18	03:15:21.973	0.61951				2
2024.09.18	03:15:23.841	0.61950				2
2024.09.18	03:15:27.546	0.61951				2
2024.09.18	03:15:27.889	0.61950				2
2024.09.18	03:15:29.656	0.61951				2
2024.09.18	03:15:38.348	0.61952	0.61953			6
2024.09.18	03:15:42.704	0.61951	0.61952			6
2024.09.18	03:15:46.152		0.61953			4
2024.09.18	03:15:57.184	0.61956	0.61958			6
2024.09.18	03:15:57.490	0.61954	0.61957			6
2024.09.18	03:16:00.460	0.61953				2
2024.09.18	03:16:05.518	0.61952	0.61954			6
2024.09.18	03:16:07.368	0.61950				2
2024.09.18	03:16:08.853		0.61952			4
2024.09.18	03:16:09.162	0.61952	0.61954			6
2024.09.18	03:16:18.365		0.61956			4
2024.09.18	03:16:21.287	0.61953				2
2024.09.18	03:16:21.690	0.61952				2
2024.09.18	03:16:22.030	0.61953				2
2024.09.18	03:16:22.333	0.61952				2
2024.09.18	03:16:32.260		0.61955			4
2024.09.18	03:16:33.013		0.61956			4
2024.09.18	03:16:37.862		0.61955			4
2024.09.18	03:16:38.206	0.61953	0.61956			6
2024.09.18	03:16:39.046	0.61952				2
2024.09.18	03:16:41.301		0.61953			4
2024.09.18	03:16:42.499		0.61955			4
2024.09.18	03:16:42.912		0.61954			4
2024.09.18	03:16:52.147	0.61950				2
2024.09.18	03:16:59.832	0.61951	0.61956			6
2024.09.18	03:17:00.145	0.61952				2
2024.09.18	03:17:11.517		0.61955			4
2024.09.18	03:17:12.027		0.61956			4
2024.09.18	03:17:12.948	0.61953				2
2024.09.18	03:17:15.081	0.61952				2
2024.09.18	03:17:20.533		0.61955			4
2024.09.18	03:17:22.277		0.61956			4
2024.09.18	03:17:22.608	0.61953	0.61955			6
2024.09.18	03:17:22.910		0.61956			4
2024.09.18	03:17:23.556	0.61952				2
2024.09.18	03:17:25.538	0.61954	0.61957			6
2024.09.18	03:17:27.392	0.61955	0.61958			6
2024.09.18	03:17:34.588	0.61957	0.61959			6
2024.09.18	03:17:47.547	0.61958				2
2024.09.18	03:17:47.847	0.61957				2
2024.09.18	03:17:49.573	0.61960	0.61963			6
2024.09.18	03:17:50.256		0.61964			4
2024.09.18	03:17:51.416		0.61963			4
2024.09.18	03:17:57.678		0.61964			4
2024.09.18	03:17:58.682	0.61961				2
2024.09.18	03:17:59.450		0.61963			4
2024.09.18	03:18:00.312	0.61962	0.61964			6
2024.09.18	03:18:03.629	0.61961				2
2024.09.18	03:18:10.308	0.61959	0.61963			6
2024.09.18	03:18:11.426		0.61962			4
2024.09.18	03:18:31.911		0.61963			4
2024.09.18	03:18:32.658	0.61960				2
2024.09.18	03:18:36.439	0.61961				2
2024.09.18	03:18:38.360	0.61964	0.61968			6
2024.09.18	03:18:38.761	0.61963	0.61967			6
2024.09.18	03:18:43.569	0.61962	0.61966			6
2024.09.18	03:18:43.907		0.61965			4
2024.09.18	03:18:44.334		0.61967			4
2024.09.18	03:18:47.451	0.61963				2
2024.09.18	03:18:48.116		0.61966			4
2024.09.18	03:18:48.481		0.61967			4
2024.09.18	03:18:49.996		0.61966			4
2024.09.18	03:18:50.985	0.61962	0.61964			6
2024.09.18	03:18:51.344		0.61965			4
2024.09.18	03:18:58.152		0.61963			4
2024.09.18	03:18:58.467		0.61965			4
2024.09.18	03:19:00.018	0.61962				2
2024.09.18	03:19:04.528	0.61961	0.61964			6
2024.09.18	03:19:04.858	0.61960	0.61963			6
2024.09.18	03:19:18.286	0.61961	0.61964			6
2024.09.18	03:19:18.652	0.61960				2
2024.09.18	03:19:20.099		0.61963			4
2024.09.18	03:19:22.577	0.61961	0.61964			6
2024.09.18	03:19:22.965	0.61960				2
2024.09.18	03:19:25.671	0.61961	0.61963			6
2024.09.18	03:19:36.045		0.61964			4
2024.09.18	03:19:36.749	0.61962	0.61966			6
2024.09.18	03:19:37.097	0.61963	0.61967			6
2024.09.18	03:19:39.887	0.61964				2
2024.09.18	03:19:40.207	0.61965				2
2024.09.18	03:19:43.490	0.61964				2
2024.09.18	03:19:45.180	0.61963				2
2024.09.18	03:19:48.107	0.61964				2
2024.09.18	03:19:54.038	0.61963				2
2024.09.18	03:19:54.913		0.61966			4
2024.09.18	03:19:55.217		0.61967			4
2024.09.18	03:19:56.200	0.61964				2
2024.09.18	03:19:58.482	0.61962	0.61966			6
2024.09.18	03:19:59.639	0.61963	0.61967			6
2024.09.18	03:20:00.061	0.61962	0.61966			6
2024.09.18	03:20:00.370	0.61963	0.61967			6
2024.09.18	03:20:02.460	0.61964				2
2024.09.18	03:20:15.566	0.61965				2
2024.09.18	03:20:19.768	0.61966	0.61969			6
2024.09.18	03:20:20.083	0.61967				2
2024.09.18	03:20:43.771	0.61966				2
2024.09.18	03:20:50.005	0.61965	0.61967			6
2024.09.18	03:20:50.313	0.61966	0.61968			6
2024.09.18	03:20:56.011	0.61968	0.61969			6
2024.09.18	03:20:56.323	0.61969	0.61972			6
2024.09.18	03:20:56.658	0.61968	0.61971			6
2024.09.18	03:20:58.792	0.61967	0.61970			6
2024.09.18	03:20:59.138		0.61972			4
2024.09.18	03:21:00.449	0.61967	0.61970			6
2024.09.18	03:21:02.704		0.61969			4
2024.09.18	03:21:03.051		0.61971			4
2024.09.18	03:21:03.400		0.61969			4
2024.09.18	03:21:03.818		0.61971			4
2024.09.18	03:21:04.921		0.61969			4
2024.09.18	03:21:05.260		0.61971			4
2024.09.18	03:21:08.126		0.61970			4
2024.09.18	03:21:10.841		0.61969			4
2024.09.18	03:21:12.426	0.61966				2
2024.09.18	03:21:17.729	0.61963	0.61968			6
2024.09.18	03:21:18.040		0.61967			4
2024.09.18	03:21:19.804		0.61968			4
2024.09.18	03:21:20.350		0.61967			4
2024.09.18	03:21:29.616		0.61966			4
2024.09.18	03:21:29.923		0.61968			4
2024.09.18	03:21:32.420	0.61964				2
2024.09.18	03:21:37.152	0.61968	0.61970			6
2024.09.18	03:21:39.469	0.61967				2
2024.09.18	03:21:41.622		0.61971			4
2024.09.18	03:21:42.357	0.61968				2
2024.09.18	03:21:43.125	0.61967				2
2024.09.18	03:21:44.214		0.61970			4
2024.09.18	03:21:44.520	0.61968	0.61971			6
2024.09.18	03:21:46.344		0.61970			4
2024.09.18	03:21:47.957	0.61966	0.61967			6
2024.09.18	03:21:48.263	0.61963	0.61966			6
2024.09.18	03:21:53.660		0.61965			4
2024.09.18	03:21:54.012		0.61967			4
2024.09.18	03:21:54.319	0.61964				2
2024.09.18	03:21:54.621	0.61963				2
2024.09.18	03:21:55.377	0.61964	0.61968			6
2024.09.18	03:21:58.408	0.61965				2
2024.09.18	03:22:00.537	0.61965	0.61969			6
2024.09.18	03:22:00.842	0.61966	0.61970			6
2024.09.18	03:22:01.212	0.61968	0.61971			6
2024.09.18	03:22:01.516	0.61969				2
2024.09.18	03:22:01.839	0.61968				2
2024.09.18	03:22:07.468	0.61967				2
2024.09.18	03:22:09.736	0.61968				2
2024.09.18	03:22:17.026	0.61970				2
2024.09.18	03:22:17.531	0.61969				2
2024.09.18	03:22:19.541	0.61970				2
2024.09.18	03:22:19.966		0.61973			4
2024.09.18	03:22:22.504	0.61969				2
2024.09.18	03:22:23.867	0.61971				2
2024.09.18	03:22:26.016	0.61972	0.61975			6
2024.09.18	03:22:26.323	0.61971				2
2024.09.18	03:22:26.975	0.61972				2
2024.09.18	03:22:27.368	0.61970	0.61974			6
2024.09.18	03:22:27.685	0.61971				2
2024.09.18	03:22:28.298	0.61970				2
2024.09.18	03:22:29.171	0.61971				2
2024.09.18	03:22:30.465	0.61970				2
2024.09.18	03:22:30.818	0.61971				2
2024.09.18	03:22:31.249	0.61970	0.61973			6
2024.09.18	03:22:38.171	0.61972				2
2024.09.18	03:22:39.121	0.61970				2
2024.09.18	03:22:40.672	0.61971				2
2024.09.18	03:22:50.342	0.61970				2
2024.09.18	03:22:51.491	0.61971	0.61974			6
2024.09.18	03:22:53.997		0.61975			4
2024.09.18	03:23:00.672	0.61971				2
2024.09.18	03:23:06.818	0.61972				2
2024.09.18	03:23:07.558		0.61977			4
2024.09.18	03:23:07.866	0.61973				2
2024.09.18	03:23:08.210	0.61974				2
2024.09.18	03:23:11.358	0.61976				2
2024.09.18	03:23:11.836	0.61975				2
2024.09.18	03:23:12.519	0.61974				2
2024.09.18	03:23:20.205	0.61973				2
2024.09.18	03:23:20.531	0.61974				2
2024.09.18	03:23:21.985	0.61973				2
2024.09.18	03:23:30.456	0.61974				2
2024.09.18	03:23:30.909	0.61973				2
2024.09.18	03:23:31.214	0.61972				2
2024.09.18	03:23:31.523	0.61973				2
2024.09.18	03:23:33.253	0.61972				2
2024.09.18	03:23:33.961		0.61976			4
2024.09.18	03:23:34.535		0.61975			4
2024.09.18	03:23:34.856		0.61976			4
2024.09.18	03:23:37.901		0.61977			4
2024.09.18	03:23:42.156	0.61973				2
2024.09.18	03:23:42.488	0.61972				2
2024.09.18	03:23:44.762	0.61973				2
2024.09.18	03:23:47.038	0.61972				2
2024.09.18	03:23:49.152	0.61973				2
2024.09.18	03:23:49.552	0.61972				2
2024.09.18	03:23:50.624	0.61973				2
2024.09.18	03:23:51.467	0.61974				2
2024.09.18	03:23:51.783	0.61973				2
2024.09.18	03:23:54.216	0.61974				2
2024.09.18	03:23:55.492	0.61973				2
2024.09.18	03:23:56.128	0.61974				2
2024.09.18	03:23:56.429	0.61973				2
2024.09.18	03:23:57.097	0.61974				2
2024.09.18	03:23:57.440	0.61973				2
2024.09.18	03:23:58.290	0.61974				2
2024.09.18	03:24:01.016	0.61973				2
2024.09.18	03:24:04.010	0.61974	0.61978			6
2024.09.18	03:24:04.323	0.61978	0.61981			6
2024.09.18	03:24:05.574	0.61979				2
2024.09.18	03:24:05.884	0.61978				2
2024.09.18	03:24:09.682	0.61977				2
2024.09.18	03:24:10.059	0.61978	0.61982			6
2024.09.18	03:24:10.365	0.61977				2
2024.09.18	03:24:20.501	0.61978				2
2024.09.18	03:24:25.077	0.61977				2
2024.09.18	03:24:33.259	0.61978				2
2024.09.18	03:24:39.730	0.61976	0.61981			6
2024.09.18	03:24:40.641	0.61973	0.61977			6
2024.09.18	03:24:41.351	0.61972				2
2024.09.18	03:24:42.239	0.61971	0.61974			6
2024.09.18	03:24:42.633	0.61970	0.61973			6
2024.09.18	03:24:42.945		0.61974			4
2024.09.18	03:24:43.249	0.61971	0.61975			6
2024.09.18	03:24:47.856		0.61976			4
2024.09.18	03:24:48.198	0.61972				2
2024.09.18	03:24:49.694	0.61974				2
2024.09.18	03:24:52.383	0.61972	0.61974			6
2024.09.18	03:24:53.662	0.61974	0.61976			6
2024.09.18	03:24:58.586	0.61970	0.61974			6
2024.09.18	03:24:58.889	0.61971				2
2024.09.18	03:24:59.836	0.61974	0.61975			6
2024.09.18	03:25:00.143	0.61974				2
2024.09.18	03:25:00.859	0.61973				2
2024.09.18	03:25:01.161	0.61974				2
2024.09.18	03:25:02.944		0.61977			4
2024.09.18	03:25:03.283		0.61976			4
2024.09.18	03:25:03.995		0.61977			4
2024.09.18	03:25:06.811		0.61976			4
2024.09.18	03:25:14.113		0.61977			4
2024.09.18	03:25:14.417	0.61975	0.61978			6
2024.09.18	03:25:15.148	0.61978	0.61982			6
2024.09.18	03:25:17.426		0.61981			4
2024.09.18	03:25:20.435		0.61982			4
2024.09.18	03:25:20.806	0.61979				2
2024.09.18	03:25:22.953		0.61983			4
2024.09.18	03:25:26.367	0.61981	0.61984			6
2024.09.18	03:25:26.673	0.61982	0.61985			6
2024.09.18	03:25:27.008	0.61984	0.61987			6
2024.09.18	03:25:28.559	0.61985	0.61988			6
2024.09.18	03:25:29.886	0.61986	0.61989			6
2024.09.18	03:25:30.283	0.61989	0.61993			6
2024.09.18	03:25:30.593		0.61992			4
2024.09.18	03:25:31.245	0.61990	0.61993			6
2024.09.18	03:25:31.622		0.61994			4
2024.09.18	03:25:50.350		0.61995			4
2024.09.18	03:25:52.181	0.61991	0.61994			6
2024.09.18	03:25:54.659		0.61993			4
2024.09.18	03:25:56.272		0.61992			4
2024.09.18	03:25:56.630	0.61985	0.61986			6
2024.09.18	03:25:57.236	0.61983	0.61985			6
2024.09.18	03:25:57.794	0.61985	0.61987			6
2024.09.18	03:26:00.416	0.61985	0.61986			6
2024.09.18	03:26:01.123	0.61986	0.61988			6
2024.09.18	03:26:02.368		0.61989			4
2024.09.18	03:26:05.800	0.61984	0.61987			6
2024.09.18	03:26:06.109		0.61986			4
2024.09.18	03:26:06.834		0.61987			4
2024.09.18	03:26:07.511		0.61986			4
2024.09.18	03:26:07.852		0.61987			4
2024.09.18	03:26:09.211	0.61985	0.61986			6
2024.09.18	03:26:09.574		0.61987			4
2024.09.18	03:26:10.844		0.61988			4
2024.09.18	03:26:16.356		0.61989			4
2024.09.18	03:26:18.882		0.61987			4
2024.09.18	03:26:20.499		0.61988			4
2024.09.18	03:26:25.488		0.61987			4
2024.09.18	03:26:27.065	0.61986	0.61988			6
2024.09.18	03:26:27.366		0.61989			4
2024.09.18	03:26:27.772	0.61985				2
2024.09.18	03:26:28.148	0.61984				2
2024.09.18	03:26:28.927	0.61986	0.61990			6
2024.09.18	03:26:31.789	0.61989	0.61993			6
2024.09.18	03:26:33.296	0.61990				2
2024.09.18	03:26:33.795		0.61994			4
2024.09.18	03:26:36.085		0.61993			4
2024.09.18	03:26:36.839	0.61989	0.61992			6
2024.09.18	03:26:38.602		0.61993			4
2024.09.18	03:26:40.395		0.61992			4
2024.09.18	03:26:40.775	0.61988	0.61994			6
2024.09.18	03:26:42.631	0.61989	0.61993			6
2024.09.18	03:26:43.222	0.61987	0.61991			6
2024.09.18	03:26:44.569	0.61988	0.61992			6
2024.09.18	03:26:48.269	0.61987	0.61991			6
2024.09.18	03:26:49.961	0.61986	0.61990			6
2024.09.18	03:26:50.397	0.61985	0.61988			6
2024.09.18	03:26:53.013		0.61989			4
2024.09.18	03:26:54.654	0.61986	0.61990			6
2024.09.18	03:27:00.650	0.61986				2
2024.09.18	03:27:01.476		0.61991			4
2024.09.18	03:27:09.962		0.61990			4
2024.09.18	03:27:10.267		0.61989			4
2024.09.18	03:27:10.689		0.61990			4
2024.09.18	03:27:11.270		0.61989			4
2024.09.18	03:27:12.984		0.61990			4
2024.09.18	03:27:22.905		0.61989			4
2024.09.18	03:27:26.413	0.61987	0.61991			6
2024.09.18	03:27:29.614	0.61984	0.61987			6
2024.09.18	03:27:29.922	0.61983				2
2024.09.18	03:27:30.280		0.61986			4
2024.09.18	03:27:32.225	0.61984				2
2024.09.18	03:27:32.534	0.61983				2
2024.09.18	03:27:33.349		0.61985			4
2024.09.18	03:27:33.827		0.61987			4
2024.09.18	03:27:39.984		0.61985			4
2024.09.18	03:27:40.329	0.61984	0.61988			6
2024.09.18	03:27:40.647		0.61987			4
2024.09.18	03:27:41.455	0.61986	0.61990			6
2024.09.18	03:27:41.793		0.61989			4
2024.09.18	03:27:46.608	0.61987	0.61991			6
2024.09.18	03:27:47.504		0.61990			4
2024.09.18	03:27:47.837		0.61991			4
2024.09.18	03:27:48.465		0.61990			4
2024.09.18	03:27:48.820		0.61991			4
2024.09.18	03:27:51.042		0.61990			4
2024.09.18	03:28:00.223	0.61987	0.61989			6
2024.09.18	03:28:00.924	0.61988	0.61991			6
2024.09.18	03:28:08.080	0.61987				2
2024.09.18	03:28:08.384	0.61986	0.61989			6
2024.09.18	03:28:11.039		0.61990			4
2024.09.18	03:28:11.416	0.61988	0.61991			6
2024.09.18	03:28:12.598		0.61992			4
2024.09.18	03:28:12.934		0.61991			4
2024.09.18	03:28:13.966		0.61992			4
2024.09.18	03:28:16.870		0.61991			4
2024.09.18	03:28:19.189		0.61992			4
2024.09.18	03:28:20.441		0.61991			4
2024.09.18	03:28:20.760	0.61987	0.61990			6
2024.09.18	03:28:22.610	0.61988	0.61991			6
2024.09.18	03:28:24.251	0.61987				2
2024.09.18	03:28:26.956	0.61988				2
2024.09.18	03:28:41.682	0.61985	0.61989			6
2024.09.18	03:28:46.005	0.61984	0.61987			6
2024.09.18	03:28:46.772	0.61985	0.61989			6
2024.09.18	03:28:47.957	0.61984	0.61987			6
2024.09.18	03:28:51.050	0.61983				2
2024.09.18	03:28:51.995	0.61982	0.61985			6
2024.09.18	03:28:56.111	0.61984	0.61987			6
2024.09.18	03:28:56.739	0.61987	0.61991			6
2024.09.18	03:28:58.795	0.61985	0.61989			6
2024.09.18	03:29:00.174	0.61985				2
2024.09.18	03:29:00.483		0.61988			4
2024.09.18	03:29:05.707	0.61984				2
2024.09.18	03:29:07.168	0.61985				2
2024.09.18	03:29:07.496	0.61988	0.61990			6
2024.09.18	03:29:08.281		0.61991			4
2024.09.18	03:29:10.294		0.61990			4
2024.09.18	03:29:11.206	0.61987				2
2024.09.18	03:29:12.539	0.61986	0.61989			6
2024.09.18	03:29:16.394	0.61987	0.61990			6
2024.09.18	03:29:16.710	0.61988	0.61991			6
2024.09.18	03:29:17.649		0.61992			4
2024.09.18	03:29:18.573		0.61991			4
2024.09.18	03:29:20.699		0.61992			4
2024.09.18	03:29:21.021		0.61991			4
2024.09.18	03:29:21.916		0.61992			4
2024.09.18	03:29:22.476		0.61991			4
2024.09.18	03:29:23.705	0.61985	0.61988			6
2024.09.18	03:29:28.897	0.61986	0.61989			6
2024.09.18	03:29:29.561	0.61985	0.61988			6
2024.09.18	03:29:35.581	0.61984				2
2024.09.18	03:29:35.888	0.61985				2
2024.09.18	03:29:37.523	0.61984				2
2024.09.18	03:29:39.117	0.61985				2
2024.09.18	03:29:40.396	0.61986	0.61989			6
2024.09.18	03:29:44.546	0.61989	0.61992			6
2024.09.18	03:29:44.852	0.61988	0.61991			6
2024.09.18	03:29:55.052	0.61989	0.61992			6
2024.09.18	03:29:55.353	0.61988				2
2024.09.18	03:29:55.654		0.61991			4
2024.09.18	03:29:58.347	0.61987	0.61990			6
2024.09.18	03:29:58.663	0.61986				2
2024.09.18	03:29:58.997	0.61987				2
2024.09.18	03:30:00.364	0.61987				2
2024.09.18	03:30:04.815	0.61986	0.61989			6
2024.09.18	03:30:05.237	0.61987				2
2024.09.18	03:30:06.401	0.61986				2
2024.09.18	03:30:06.726	0.61987				2
2024.09.18	03:30:07.621	0.61986				2
2024.09.18	03:30:07.934	0.61987				2
2024.09.18	03:30:08.321	0.61986				2
2024.09.18	03:30:09.427	0.61987				2
2024.09.18	03:30:09.757	0.61986				2
2024.09.18	03:30:10.099	0.61987				2
2024.09.18	03:30:10.700	0.61986				2
2024.09.18	03:30:11.013	0.61987				2
2024.09.18	03:30:11.530		0.61990			4
2024.09.18	03:30:11.902	0.61986	0.61989			6
2024.09.18	03:30:12.795		0.61990			4
2024.09.18	03:30:15.997	0.61987				2
2024.09.18	03:30:22.900	0.61986	0.61989			6
2024.09.18	03:30:31.781	0.61987	0.61990			6
2024.09.18	03:30:38.320		0.61989			4
2024.09.18	03:30:38.727		0.61990			4
2024.09.18	03:30:39.798	0.61986	0.61989			6
2024.09.18	03:30:40.104	0.61981	0.61984			6
2024.09.18	03:30:40.409	0.61980	0.61983			6
2024.09.18	03:30:41.998		0.61984			4
2024.09.18	03:30:45.276		0.61983			4
2024.09.18	03:30:45.731		0.61984			4
2024.09.18	03:30:47.182		0.61983			4
2024.09.18	03:30:49.090	0.61981				2
2024.09.18	03:30:49.418	0.61980				2
2024.09.18	03:30:49.719	0.61981				2
2024.09.18	03:30:52.253	0.61980				2
2024.09.18	03:30:54.595	0.61986	0.61989			6
2024.09.18	03:30:55.023	0.61987				2
2024.09.18	03:30:55.741	0.61986				2
2024.09.18	03:30:56.041	0.61987				2
2024.09.18	03:30:56.694	0.61986				2
2024.09.18	03:30:57.054	0.61987				2
2024.09.18	03:30:57.418	0.61986				2
2024.09.18	03:31:00.500	0.61986				2
2024.09.18	03:31:06.647		0.61990			4
2024.09.18	03:31:10.319	0.61989	0.61992			6
2024.09.18	03:31:16.244	0.61990	0.61993			6
2024.09.18	03:31:37.154	0.61986	0.61989			6
2024.09.18	03:31:44.606	0.61982	0.61985			6
2024.09.18	03:31:47.492	0.61984	0.61987			6
2024.09.18	03:31:57.242	0.61985	0.61988			6
2024.09.18	03:31:57.543	0.61984	0.61987			6
2024.09.18	03:32:00.255	0.61984				2
2024.09.18	03:32:00.705	0.61988	0.61991			6
2024.09.18	03:32:01.008	0.61989	0.61993			6
2024.09.18	03:32:01.904	0.61988	0.61991			6
2024.09.18	03:32:07.645		0.61990			4
2024.09.18	03:32:08.577	0.61987				2
2024.09.18	03:32:09.884	0.61984	0.61987			6
2024.09.18	03:32:11.980	0.61981	0.61983			6
2024.09.18	03:32:12.282	0.61982	0.61985			6
2024.09.18	03:32:12.707	0.61981				2
2024.09.18	03:32:14.516	0.61982				2
2024.09.18	03:32:47.981	0.61981	0.61984			6
2024.09.18	03:32:50.815	0.61983	0.61986			6
2024.09.18	03:32:53.256		0.61987			4
2024.09.18	03:32:54.078	0.61984				2
2024.09.18	03:33:00.460	0.61984				2
2024.09.18	03:33:09.474	0.61983	0.61989			6
2024.09.18	03:33:12.456	0.61982	0.61987			6
2024.09.18	03:33:12.762	0.61981	0.61985			6
2024.09.18	03:33:13.625	0.61983	0.61986			6
2024.09.18	03:33:13.973	0.61984	0.61987			6
2024.09.18	03:33:17.208	0.61985				2
2024.09.18	03:33:18.162	0.61984				2
2024.09.18	03:33:21.163	0.61986	0.61989			6
2024.09.18	03:33:21.468	0.61987	0.61990			6
2024.09.18	03:33:22.115	0.61986				2
2024.09.18	03:33:23.373	0.61987				2
2024.09.18	03:33:23.814	0.61986				2
2024.09.18	03:33:27.570	0.61989	0.61992			6
2024.09.18	03:33:27.889		0.61993			4
2024.09.18	03:33:28.381	0.61991	0.61995			6
2024.09.18	03:33:30.615	0.61992				2
2024.09.18	03:33:39.779		0.61996			4
2024.09.18	03:33:46.738	0.61993	0.61998			6
2024.09.18	03:33:48.077		0.61997			4
2024.09.18	03:33:52.647	0.61994	0.61996			6
2024.09.18	03:33:58.395		0.61997			4
2024.09.18	03:34:01.740	0.61994				2
2024.09.18	03:34:05.183	0.61988	0.61991			6
2024.09.18	03:34:05.504	0.61987				2
2024.09.18	03:34:05.811	0.61989	0.61992			6
2024.09.18	03:34:06.852	0.61988	0.61991			6
2024.09.18	03:34:07.483	0.61987				2
2024.09.18	03:34:08.503		0.61990			4
2024.09.18	03:34:09.313		0.61989			4
2024.09.18	03:34:09.636		0.61990			4
2024.09.18	03:34:10.436		0.61991			4
2024.09.18	03:34:11.102	0.61988				2
2024.09.18	03:34:11.408	0.61987				2
2024.09.18	03:34:11.969	0.61988				2
2024.09.18	03:34:12.287	0.61987				2
2024.09.18	03:34:13.380	0.61988				2
2024.09.18	03:34:13.734	0.61987				2
2024.09.18	03:34:17.868	0.61988	0.61992			6
2024.09.18	03:34:18.178		0.61991			4
2024.09.18	03:34:20.501	0.61989	0.61992			6
2024.09.18	03:34:24.075		0.61993			4
2024.09.18	03:34:24.498		0.61992			4
2024.09.18	03:34:25.920		0.61993			4
2024.09.18	03:34:27.252	0.61991	0.61994			6
2024.09.18	03:34:29.861	0.61992	0.61995			6
2024.09.18	03:34:31.742	0.61993	0.61998			6
2024.09.18	03:34:32.074	0.61994				2
2024.09.18	03:34:36.609	0.61993				2
2024.09.18	03:34:36.932	0.61994				2
2024.09.18	03:34:37.288	0.61993				2
2024.09.18	03:34:38.246	0.61994				2
2024.09.18	03:34:38.606	0.61993				2
2024.09.18	03:34:41.370	0.61994				2
2024.09.18	03:34:41.879	0.61993				2
2024.09.18	03:34:42.181	0.61994				2
2024.09.18	03:34:45.106	0.61993	0.61997			6
2024.09.18	03:34:47.387		0.61996			4
2024.09.18	03:34:47.689	0.61994				2
2024.09.18	03:34:53.410	0.61993				2
2024.09.18	03:34:54.788		0.61997			4
2024.09.18	03:34:58.369	0.61991	0.61994			6
2024.09.18	03:35:00.473	0.61991				2
2024.09.18	03:35:03.076		0.61995			4
2024.09.18	03:35:05.135	0.61992				2
2024.09.18	03:35:05.435	0.61993	0.61996			6
2024.09.18	03:35:05.746	0.61996	0.61999			6
2024.09.18	03:35:07.306	0.61998	0.62000			6
2024.09.18	03:35:28.422	0.61997				2
2024.09.18	03:35:32.880	0.61996	0.61999			6
2024.09.18	03:35:39.605	0.61989	0.61993			6
2024.09.18	03:35:40.296	0.61990				2
2024.09.18	03:35:40.636	0.61989				2
2024.09.18	03:35:41.788	0.61990				2
2024.09.18	03:35:42.271	0.61989				2
2024.09.18	03:35:42.881	0.61990				2
2024.09.18	03:35:43.798	0.61989				2
2024.09.18	03:35:45.359	0.61987	0.61990			6
2024.09.18	03:35:45.950	0.61986	0.61991			6
2024.09.18	03:35:46.264	0.61987				2
2024.09.18	03:35:46.606	0.61986				2
2024.09.18	03:35:46.912	0.61987				2
2024.09.18	03:35:47.676	0.61984	0.61988			6
2024.09.18	03:35:47.984		0.61989			4
2024.09.18	03:35:51.684	0.61983	0.61988			6
2024.09.18	03:35:52.421	0.61984				2
2024.09.18	03:35:55.609	0.61983				2
2024.09.18	03:35:59.497		0.61989			4
2024.09.18	03:36:00.361	0.61983	0.61988			6
2024.09.18	03:36:00.727		0.61989			4
2024.09.18	03:36:01.335		0.61988			4
2024.09.18	03:36:03.388		0.61989			4
2024.09.18	03:36:08.255	0.61984				2
2024.09.18	03:36:10.647	0.61983				2
2024.09.18	03:36:16.016		0.61988			4
