<DATE>	<TIME>	<BID>	<ASK>	<LAST>	<VOLUME>	<FLAGS>
2024.10.23	00:00:00.439	0.60410	0.60601			6
2024.10.23	00:00:00.781	0.60394	0.60594			6
2024.10.23	00:00:16.632	0.60398	0.60598			6
2024.10.23	00:01:08.422	0.60398				2
2024.10.23	00:02:00.473	0.60396	0.60596			6
2024.10.23	00:02:42.584	0.60434	0.60605			6
2024.10.23	00:02:43.830		0.60604			4
2024.10.23	00:02:44.489	0.60435	0.60591			6
2024.10.23	00:02:44.799	0.60436	0.60576			6
2024.10.23	00:02:45.106		0.60575			4
2024.10.23	00:02:46.189		0.60574			4
2024.10.23	00:02:47.192		0.60573			4
2024.10.23	00:02:48.296	0.60447	0.60577			6
2024.10.23	00:02:49.431		0.60572			4
2024.10.23	00:02:50.346		0.60571			4
2024.10.23	00:03:00.279	0.60431	0.60494			6
2024.10.23	00:03:35.012		0.60493			4
2024.10.23	00:04:01.258	0.60431				2
2024.10.23	00:04:41.240		0.60493			4
2024.10.23	00:05:00.591	0.60431				2
2024.10.23	00:05:41.271		0.60493			4
2024.10.23	00:06:00.554	0.60431				2
2024.10.23	00:06:24.362	0.60439				2
2024.10.23	00:06:41.309		0.60493			4
2024.10.23	00:07:01.279	0.60439				2
2024.10.23	00:07:02.583	0.60442				2
2024.10.23	00:07:22.567	0.60440				2
2024.10.23	00:07:41.383		0.60493			4
2024.10.23	00:08:01.842	0.60440				2
2024.10.23	00:08:44.082		0.60493			4
2024.10.23	00:08:47.694	0.60449				2
2024.10.23	00:08:58.359	0.60445				2
2024.10.23	00:09:00.928	0.60445				2
2024.10.23	00:09:05.066	0.60443				2
2024.10.23	00:09:33.224	0.60449				2
2024.10.23	00:09:44.363		0.60493			4
2024.10.23	00:09:44.910	0.60447				2
2024.10.23	00:09:47.586	0.60445				2
2024.10.23	00:09:53.014	0.60444				2
2024.10.23	00:09:53.725	0.60437	0.60499			6
2024.10.23	00:10:00.342	0.60437				2
2024.10.23	00:11:07.756	0.60442	0.60506			6
2024.10.23	00:11:08.258		0.60500			4
2024.10.23	00:11:08.593		0.60499			4
2024.10.23	00:11:12.827	0.60438				2
2024.10.23	00:11:20.139	0.60436				2
2024.10.23	00:11:30.317	0.60442				2
2024.10.23	00:12:00.222	0.60442				2
2024.10.23	00:12:04.435	0.60422				2
2024.10.23	00:12:09.260		0.60499			4
2024.10.23	00:12:30.356	0.60423				2
2024.10.23	00:12:37.477	0.60422				2
2024.10.23	00:12:48.282	0.60423				2
2024.10.23	00:12:49.504	0.60422				2
2024.10.23	00:13:01.868	0.60422				2
2024.10.23	00:13:09.997		0.60499			4
2024.10.23	00:13:46.850	0.60432	0.60494			6
2024.10.23	00:13:59.947	0.60423	0.60499			6
2024.10.23	00:14:49.491	0.60422				2
2024.10.23	00:14:59.966		0.60499			4
2024.10.23	00:15:00.983	0.60422				2
2024.10.23	00:15:42.617		0.60489			4
2024.10.23	00:15:42.962		0.60484			4
2024.10.23	00:16:01.590	0.60422				2
2024.10.23	00:16:20.949	0.60421	0.60480			6
2024.10.23	00:16:21.253		0.60479			4
2024.10.23	00:16:45.370	0.60417	0.60489			6
2024.10.23	00:16:52.580	0.60416				2
2024.10.23	00:17:00.065	0.60417				2
2024.10.23	00:17:02.808	0.60416				2
2024.10.23	00:17:47.904		0.60489			4
2024.10.23	00:17:50.182	0.60417				2
2024.10.23	00:18:01.395	0.60417				2
2024.10.23	00:18:48.225		0.60489			4
2024.10.23	00:18:52.446	0.60421				2
2024.10.23	00:19:23.883	0.60421				2
2024.10.23	00:19:55.997	0.60422	0.60489			6
2024.10.23	00:20:36.808	0.60422				2
2024.10.23	00:21:31.478	0.60422	0.60489			6
2024.10.23	00:22:16.481	0.60422				2
2024.10.23	00:22:38.808		0.60489			4
2024.10.23	00:23:09.436	0.60416				2
2024.10.23	00:23:09.770	0.60415				2
2024.10.23	00:23:10.473	0.60421				2
2024.10.23	00:23:19.631	0.60410				2
2024.10.23	00:23:20.115	0.60415				2
2024.10.23	00:23:29.793	0.60410				2
2024.10.23	00:23:39.230		0.60489			4
2024.10.23	00:23:39.994	0.60412				2
2024.10.23	00:23:44.451	0.60413				2
2024.10.23	00:23:44.831	0.60412				2
2024.10.23	00:23:49.441	0.60413				2
2024.10.23	00:23:55.991	0.60421	0.60479			6
2024.10.23	00:24:00.434	0.60421				2
2024.10.23	00:24:10.654	0.60431	0.60484			6
2024.10.23	00:24:46.876	0.60417	0.60494			6
2024.10.23	00:25:03.369	0.60417				2
2024.10.23	00:25:52.565		0.60452			4
2024.10.23	00:25:52.873	0.60418	0.60454			6
2024.10.23	00:25:53.947	0.60417				2
2024.10.23	00:25:55.942	0.60413				2
2024.10.23	00:25:56.355	0.60415				2
2024.10.23	00:25:57.974	0.60413				2
2024.10.23	00:25:58.441	0.60414				2
2024.10.23	00:25:58.859	0.60413				2
2024.10.23	00:26:00.099	0.60413				2
2024.10.23	00:26:07.687		0.60473			4
2024.10.23	00:26:08.251		0.60471			4
2024.10.23	00:26:12.419	0.60411	0.60468			6
2024.10.23	00:26:12.829		0.60465			4
2024.10.23	00:26:18.218		0.60461			4
2024.10.23	00:26:19.349	0.60397				2
2024.10.23	00:26:22.876	0.60398	0.60463			6
2024.10.23	00:26:30.555	0.60399				2
2024.10.23	00:26:33.758	0.60410				2
2024.10.23	00:26:34.059	0.60411	0.60470			6
2024.10.23	00:26:35.544		0.60467			4
2024.10.23	00:26:42.223	0.60414	0.60465			6
2024.10.23	00:26:53.683	0.60410				2
2024.10.23	00:26:55.228	0.60409	0.60463			6
2024.10.23	00:27:02.006	0.60409				2
2024.10.23	00:27:08.816		0.60461			4
2024.10.23	00:27:23.777		0.60460			4
2024.10.23	00:27:44.363		0.60465			4
2024.10.23	00:27:44.939		0.60461			4
2024.10.23	00:27:59.863		0.60460			4
2024.10.23	00:28:00.224	0.60409				2
2024.10.23	00:28:34.950		0.60465			4
2024.10.23	00:28:44.906		0.60461			4
2024.10.23	00:28:59.835		0.60460			4
2024.10.23	00:29:01.233	0.60409				2
2024.10.23	00:29:20.142		0.60465			4
2024.10.23	00:29:36.679		0.60463			4
2024.10.23	00:29:40.224		0.60461			4
2024.10.23	00:29:44.833		0.60460			4
2024.10.23	00:30:00.393	0.60409	0.60461			6
2024.10.23	00:30:05.000		0.60460			4
2024.10.23	00:30:14.057		0.60461			4
2024.10.23	00:31:01.182	0.60409				2
2024.10.23	00:31:20.614		0.60461			4
2024.10.23	00:32:01.409	0.60409				2
2024.10.23	00:32:03.667		0.60467			4
2024.10.23	00:32:04.518		0.60464			4
2024.10.23	00:32:05.432		0.60466			4
2024.10.23	00:32:07.421		0.60467			4
2024.10.23	00:32:15.188		0.60466			4
2024.10.23	00:32:18.306		0.60464			4
2024.10.23	00:32:19.921		0.60467			4
2024.10.23	00:32:28.223		0.60466			4
2024.10.23	00:32:30.118		0.60467			4
2024.10.23	00:32:48.829		0.60466			4
2024.10.23	00:32:50.503		0.60464			4
2024.10.23	00:33:05.779	0.60409				2
2024.10.23	00:33:23.920		0.60461			4
2024.10.23	00:34:07.990	0.60409				2
2024.10.23	00:34:23.745		0.60464			4
2024.10.23	00:34:34.688		0.60465			4
2024.10.23	00:34:36.873		0.60463			4
2024.10.23	00:34:39.852	0.60422	0.60473			6
2024.10.23	00:34:40.373		0.60474			4
2024.10.23	00:34:43.124		0.60475			4
2024.10.23	00:34:45.340		0.60476			4
2024.10.23	00:34:47.928		0.60477			4
2024.10.23	00:34:55.425		0.60478			4
2024.10.23	00:35:00.377	0.60422				2
2024.10.23	00:35:04.727		0.60479			4
2024.10.23	00:35:09.952		0.60480			4
2024.10.23	00:35:12.270	0.60429	0.60486			6
2024.10.23	00:35:13.435		0.60488			4
2024.10.23	00:35:27.529		0.60489			4
2024.10.23	00:35:36.620		0.60488			4
2024.10.23	00:35:37.490		0.60487			4
2024.10.23	00:35:37.900		0.60489			4
2024.10.23	00:35:43.006		0.60488			4
2024.10.23	00:35:45.435		0.60489			4
2024.10.23	00:35:46.236		0.60488			4
2024.10.23	00:35:47.631		0.60487			4
2024.10.23	00:35:48.034		0.60488			4
2024.10.23	00:35:50.021		0.60489			4
2024.10.23	00:35:50.704		0.60488			4
2024.10.23	00:35:52.324	0.60427	0.60489			6
2024.10.23	00:35:56.900	0.60428				2
2024.10.23	00:36:00.522	0.60427				2
2024.10.23	00:36:03.189	0.60428	0.60488			6
2024.10.23	00:36:04.497	0.60427	0.60487			6
2024.10.23	00:36:17.545		0.60488			4
2024.10.23	00:36:19.988		0.60487			4
2024.10.23	00:36:40.984	0.60430				2
2024.10.23	00:36:52.607		0.60486			4
2024.10.23	00:36:59.390		0.60487			4
2024.10.23	00:37:07.692	0.60430				2
2024.10.23	00:37:19.100	0.60428				2
2024.10.23	00:37:19.413	0.60431				2
2024.10.23	00:37:20.884		0.60488			4
2024.10.23	00:37:39.787	0.60429				2
2024.10.23	00:37:49.419	0.60430				2
2024.10.23	00:37:53.583		0.60487			4
2024.10.23	00:37:55.085		0.60488			4
2024.10.23	00:37:59.702		0.60487			4
2024.10.23	00:38:01.688	0.60430	0.60488			6
2024.10.23	00:38:02.299		0.60489			4
2024.10.23	00:38:04.052		0.60488			4
2024.10.23	00:38:07.124		0.60489			4
2024.10.23	00:38:07.504		0.60488			4
2024.10.23	00:38:18.509		0.60487			4
2024.10.23	00:38:24.789		0.60488			4
2024.10.23	00:38:28.388		0.60487			4
2024.10.23	00:38:37.318	0.60427	0.60486			6
2024.10.23	00:38:37.841		0.60485			4
2024.10.23	00:38:38.930		0.60484			4
2024.10.23	00:38:48.627		0.60483			4
2024.10.23	00:38:52.505	0.60426	0.60484			6
2024.10.23	00:38:52.854		0.60485			4
2024.10.23	00:38:56.598	0.60427	0.60486			6
2024.10.23	00:39:02.589	0.60427	0.60485			6
2024.10.23	00:39:06.222	0.60426				2
2024.10.23	00:39:06.727	0.60427				2
2024.10.23	00:39:07.991	0.60426				2
2024.10.23	00:39:11.008	0.60427				2
2024.10.23	00:39:12.676	0.60428	0.60486			6
2024.10.23	00:39:19.096		0.60487			4
2024.10.23	00:39:28.097	0.60429				2
2024.10.23	00:39:37.536	0.60428	0.60486			6
2024.10.23	00:39:39.505		0.60485			4
2024.10.23	00:39:59.104	0.60430	0.60487			6
2024.10.23	00:39:59.597	0.60431	0.60488			6
2024.10.23	00:40:00.121	0.60434	0.60490			6
2024.10.23	00:40:03.195	0.60433				2
2024.10.23	00:40:04.572		0.60491			4
2024.10.23	00:40:05.731		0.60490			4
2024.10.23	00:40:07.683		0.60491			4
2024.10.23	00:40:10.361		0.60490			4
2024.10.23	00:40:14.947	0.60434				2
2024.10.23	00:40:15.262		0.60491			4
2024.10.23	00:40:15.621		0.60492			4
2024.10.23	00:40:16.589	0.60435				2
2024.10.23	00:40:19.499	0.60434				2
2024.10.23	00:40:20.331	0.60435				2
2024.10.23	00:40:22.421	0.60436				2
2024.10.23	00:40:22.760		0.60491			4
2024.10.23	00:40:30.496	0.60432	0.60488			6
2024.10.23	00:40:33.224	0.60433				2
2024.10.23	00:40:39.347		0.60489			4
2024.10.23	00:40:39.661	0.60432	0.60487			6
2024.10.23	00:40:40.030		0.60488			4
2024.10.23	00:40:40.706		0.60489			4
2024.10.23	00:40:41.092	0.60431	0.60488			6
2024.10.23	00:40:41.395	0.60433	0.60489			6
2024.10.23	00:40:41.895	0.60431	0.60487			6
2024.10.23	00:40:46.600	0.60430	0.60486			6
2024.10.23	00:40:47.009		0.60485			4
2024.10.23	00:40:58.405		0.60486			4
2024.10.23	00:40:58.828		0.60487			4
2024.10.23	00:41:01.242	0.60430				2
2024.10.23	00:41:02.379		0.60486			4
2024.10.23	00:41:02.994		0.60485			4
2024.10.23	00:41:03.309		0.60486			4
2024.10.23	00:41:20.332		0.60485			4
2024.10.23	00:41:22.122	0.60429				2
2024.10.23	00:41:22.432	0.60430				2
2024.10.23	00:41:37.181		0.60484			4
2024.10.23	00:41:41.012		0.60485			4
2024.10.23	00:41:46.066	0.60429				2
2024.10.23	00:41:50.888	0.60430				2
2024.10.23	00:41:51.288		0.60486			4
2024.10.23	00:41:52.437	0.60429				2
2024.10.23	00:41:56.221	0.60430				2
2024.10.23	00:42:00.620	0.60430	0.60484			6
2024.10.23	00:42:01.516		0.60483			4
2024.10.23	00:42:01.924	0.60428	0.60484			6
2024.10.23	00:42:08.291		0.60483			4
2024.10.23	00:42:11.474		0.60484			4
2024.10.23	00:42:11.862	0.60426	0.60482			6
2024.10.23	00:42:12.476		0.60481			4
2024.10.23	00:42:12.890		0.60482			4
2024.10.23	00:42:13.293	0.60427	0.60481			6
2024.10.23	00:42:13.898	0.60426				2
2024.10.23	00:42:14.822	0.60425	0.60480			6
2024.10.23	00:42:15.210		0.60478			4
2024.10.23	00:42:17.629		0.60479			4
2024.10.23	00:42:21.454	0.60424	0.60477			6
2024.10.23	00:42:21.904		0.60479			4
2024.10.23	00:42:22.632	0.60425	0.60481			6
2024.10.23	00:42:25.537		0.60480			4
2024.10.23	00:42:26.008	0.60427	0.60482			6
2024.10.23	00:42:37.891		0.60481			4
2024.10.23	00:42:38.416	0.60426	0.60480			6
2024.10.23	00:42:53.772		0.60481			4
2024.10.23	00:42:56.365		0.60480			4
2024.10.23	00:43:08.622	0.60426				2
2024.10.23	00:43:14.143	0.60427	0.60481			6
2024.10.23	00:43:26.401	0.60426				2
2024.10.23	00:43:29.209		0.60480			4
2024.10.23	00:43:36.356	0.60427	0.60481			6
2024.10.23	00:43:36.685	0.60426				2
2024.10.23	00:43:39.230	0.60425				2
2024.10.23	00:43:40.395		0.60480			4
2024.10.23	00:43:40.880	0.60426				2
2024.10.23	00:43:45.209	0.60428	0.60482			6
2024.10.23	00:43:49.122	0.60426				2
2024.10.23	00:43:49.422	0.60427	0.60483			6
2024.10.23	00:43:49.794	0.60428				2
2024.10.23	00:43:50.333	0.60429				2
2024.10.23	00:43:59.214		0.60484			4
2024.10.23	00:44:02.623	0.60430				2
2024.10.23	00:44:10.658	0.60424	0.60475			6
2024.10.23	00:44:10.971		0.60474			4
2024.10.23	00:44:11.324		0.60475			4
2024.10.23	00:44:12.357	0.60420	0.60470			6
2024.10.23	00:44:12.843	0.60419				2
2024.10.23	00:44:13.202	0.60418				2
2024.10.23	00:44:13.528	0.60419				2
2024.10.23	00:44:16.095	0.60418				2
2024.10.23	00:44:18.533	0.60419				2
2024.10.23	00:44:19.422	0.60418				2
2024.10.23	00:44:20.903	0.60417				2
2024.10.23	00:44:21.280	0.60416	0.60469			6
2024.10.23	00:44:23.480		0.60468			4
2024.10.23	00:44:26.058	0.60415				2
2024.10.23	00:44:28.440	0.60414				2
2024.10.23	00:44:30.794		0.60467			4
2024.10.23	00:44:35.700		0.60468			4
2024.10.23	00:44:36.823	0.60413				2
2024.10.23	00:44:39.796		0.60467			4
2024.10.23	00:44:41.039	0.60412	0.60468			6
2024.10.23	00:44:41.477		0.60467			4
2024.10.23	00:44:42.882	0.60413				2
2024.10.23	00:44:44.442	0.60412	0.60465			6
2024.10.23	00:44:44.841		0.60464			4
2024.10.23	00:44:45.181		0.60465			4
2024.10.23	00:44:45.797	0.60411				2
2024.10.23	00:44:47.621		0.60464			4
2024.10.23	00:44:48.440	0.60412	0.60465			6
2024.10.23	00:44:49.180	0.60411				2
2024.10.23	00:44:49.538	0.60410				2
2024.10.23	00:44:52.035	0.60413				2
2024.10.23	00:44:53.970	0.60412				2
2024.10.23	00:44:59.103	0.60413				2
2024.10.23	00:44:59.422	0.60412				2
2024.10.23	00:45:01.749	0.60412				2
2024.10.23	00:45:02.175		0.60467			4
2024.10.23	00:45:04.048		0.60465			4
2024.10.23	00:45:04.433	0.60413				2
2024.10.23	00:45:07.546	0.60428	0.60451			6
2024.10.23	00:45:08.304	0.60429				2
2024.10.23	00:45:26.822	0.60428				2
2024.10.23	00:45:39.496	0.60427				2
2024.10.23	00:45:40.483	0.60428				2
2024.10.23	00:45:50.458	0.60427				2
2024.10.23	00:45:50.820	0.60426				2
2024.10.23	00:45:52.150	0.60427				2
2024.10.23	00:46:04.623	0.60427				2
2024.10.23	00:46:08.348		0.60451			4
2024.10.23	00:46:14.622	0.60428				2
2024.10.23	00:46:14.933		0.60447			4
2024.10.23	00:46:23.922	0.60427				2
2024.10.23	00:46:27.509	0.60425				2
2024.10.23	00:46:33.513	0.60424				2
2024.10.23	00:46:35.064	0.60425				2
2024.10.23	00:46:50.457	0.60426				2
2024.10.23	00:46:52.443	0.60427				2
2024.10.23	00:47:00.502	0.60427				2
2024.10.23	00:47:01.241	0.60426				2
2024.10.23	00:47:02.106	0.60425				2
2024.10.23	00:47:03.315	0.60424				2
2024.10.23	00:47:04.095	0.60426				2
2024.10.23	00:47:08.531	0.60424				2
2024.10.23	00:47:09.243	0.60423				2
2024.10.23	00:47:09.607		0.60446			4
2024.10.23	00:47:10.110	0.60422	0.60445			6
2024.10.23	00:47:12.814		0.60444			4
2024.10.23	00:47:14.282		0.60442			4
2024.10.23	00:47:14.717		0.60441			4
2024.10.23	00:47:16.249		0.60442			4
2024.10.23	00:47:21.457		0.60441			4
2024.10.23	00:47:25.304		0.60442			4
2024.10.23	00:47:25.607		0.60443			4
2024.10.23	00:47:26.517		0.60444			4
2024.10.23	00:47:27.572		0.60442			4
2024.10.23	00:47:30.823		0.60441			4
2024.10.23	00:47:31.164		0.60440			4
2024.10.23	00:47:33.522		0.60442			4
2024.10.23	00:47:34.172		0.60443			4
2024.10.23	00:47:35.570		0.60441			4
2024.10.23	00:47:36.534		0.60440			4
2024.10.23	00:47:38.547		0.60439			4
2024.10.23	00:47:41.123		0.60438			4
2024.10.23	00:47:44.078		0.60439			4
2024.10.23	00:47:45.159		0.60437			4
2024.10.23	00:47:45.521		0.60438			4
2024.10.23	00:47:45.884		0.60435			4
2024.10.23	00:47:46.201		0.60437			4
2024.10.23	00:47:46.662		0.60435			4
2024.10.23	00:47:47.249		0.60438			4
2024.10.23	00:47:47.558		0.60436			4
2024.10.23	00:47:50.440		0.60437			4
2024.10.23	00:47:51.878		0.60435			4
2024.10.23	00:47:52.380		0.60437			4
2024.10.23	00:47:52.701		0.60438			4
2024.10.23	00:47:53.009		0.60437			4
2024.10.23	00:47:53.346		0.60438			4
2024.10.23	00:47:54.762		0.60439			4
2024.10.23	00:47:57.226		0.60442			4
2024.10.23	00:47:57.611		0.60440			4
2024.10.23	00:47:57.945		0.60442			4
2024.10.23	00:47:59.161		0.60438			4
2024.10.23	00:47:59.494		0.60442			4
2024.10.23	00:48:00.101	0.60422				2
2024.10.23	00:48:00.420		0.60443			4
2024.10.23	00:48:08.464		0.60441			4
2024.10.23	00:48:08.789		0.60443			4
2024.10.23	00:48:10.194		0.60442			4
2024.10.23	00:48:10.908		0.60443			4
2024.10.23	00:48:11.282		0.60444			4
2024.10.23	00:48:12.815		0.60445			4
2024.10.23	00:48:13.509		0.60441			4
2024.10.23	00:48:13.955		0.60442			4
2024.10.23	00:48:14.583		0.60441			4
2024.10.23	00:48:14.886		0.60443			4
2024.10.23	00:48:16.110		0.60445			4
2024.10.23	00:48:16.436		0.60443			4
2024.10.23	00:48:17.356		0.60442			4
2024.10.23	00:48:18.979		0.60443			4
2024.10.23	00:48:19.285		0.60441			4
2024.10.23	00:48:19.906		0.60442			4
2024.10.23	00:48:21.461		0.60443			4
2024.10.23	00:48:21.806		0.60446			4
2024.10.23	00:48:22.120		0.60443			4
2024.10.23	00:48:22.426		0.60445			4
2024.10.23	00:48:22.730		0.60443			4
2024.10.23	00:48:23.353		0.60444			4
2024.10.23	00:48:23.686		0.60442			4
2024.10.23	00:48:23.989		0.60438			4
2024.10.23	00:48:24.302		0.60443			4
2024.10.23	00:48:25.246		0.60442			4
2024.10.23	00:48:25.556		0.60443			4
2024.10.23	00:48:27.799		0.60442			4
2024.10.23	00:48:28.103		0.60443			4
2024.10.23	00:48:35.558		0.60442			4
2024.10.23	00:48:38.787		0.60440			4
2024.10.23	00:48:39.122		0.60442			4
2024.10.23	00:48:39.423		0.60441			4
2024.10.23	00:48:40.056		0.60443			4
2024.10.23	00:48:40.764		0.60442			4
2024.10.23	00:48:41.709		0.60444			4
2024.10.23	00:48:42.362		0.60442			4
2024.10.23	00:48:43.722		0.60443			4
2024.10.23	00:48:44.047		0.60442			4
2024.10.23	00:48:48.493		0.60441			4
2024.10.23	00:48:48.982		0.60442			4
2024.10.23	00:48:49.284		0.60440			4
2024.10.23	00:48:49.586		0.60442			4
2024.10.23	00:48:50.586		0.60441			4
2024.10.23	00:48:50.922		0.60442			4
2024.10.23	00:48:51.579		0.60441			4
2024.10.23	00:48:52.190		0.60439			4
2024.10.23	00:48:52.491		0.60441			4
2024.10.23	00:48:54.160		0.60442			4
2024.10.23	00:48:55.674		0.60443			4
2024.10.23	00:48:55.986		0.60442			4
2024.10.23	00:48:56.662		0.60440			4
2024.10.23	00:48:57.235		0.60439			4
2024.10.23	00:48:57.555		0.60442			4
2024.10.23	00:48:58.351		0.60443			4
2024.10.23	00:48:59.621		0.60441			4
2024.10.23	00:48:59.925		0.60442			4
2024.10.23	00:49:00.303	0.60422				2
2024.10.23	00:49:00.762		0.60441			4
2024.10.23	00:49:01.250		0.60442			4
2024.10.23	00:49:01.606		0.60443			4
2024.10.23	00:49:02.550		0.60441			4
2024.10.23	00:49:03.063		0.60438			4
2024.10.23	00:49:03.612		0.60439			4
2024.10.23	00:49:04.124		0.60440			4
2024.10.23	00:49:04.549		0.60441			4
2024.10.23	00:49:06.115		0.60438			4
2024.10.23	00:49:09.396		0.60441			4
2024.10.23	00:49:10.124		0.60440			4
2024.10.23	00:49:10.693		0.60439			4
2024.10.23	00:49:14.288		0.60440			4
2024.10.23	00:49:14.717		0.60439			4
2024.10.23	00:49:15.324		0.60438			4
2024.10.23	00:49:15.629		0.60439			4
2024.10.23	00:49:17.226		0.60438			4
2024.10.23	00:49:17.541		0.60439			4
2024.10.23	00:49:17.931		0.60440			4
2024.10.23	00:49:18.654		0.60439			4
2024.10.23	00:49:22.115		0.60441			4
2024.10.23	00:49:22.446		0.60440			4
2024.10.23	00:49:22.983		0.60439			4
2024.10.23	00:49:23.614		0.60438			4
2024.10.23	00:49:24.221		0.60437			4
2024.10.23	00:49:26.345		0.60439			4
2024.10.23	00:49:28.485		0.60440			4
2024.10.23	00:49:30.470		0.60437			4
2024.10.23	00:49:30.793		0.60438			4
2024.10.23	00:49:31.097		0.60440			4
2024.10.23	00:49:31.500		0.60439			4
2024.10.23	00:49:40.382		0.60438			4
2024.10.23	00:49:40.974		0.60440			4
2024.10.23	00:49:44.965		0.60441			4
2024.10.23	00:49:45.687		0.60439			4
2024.10.23	00:49:46.833		0.60438			4
2024.10.23	00:49:47.718		0.60437			4
2024.10.23	00:49:50.910		0.60438			4
2024.10.23	00:49:53.671		0.60439			4
2024.10.23	00:49:55.916		0.60437			4
2024.10.23	00:49:59.028		0.60439			4
2024.10.23	00:49:59.392		0.60436			4
2024.10.23	00:49:59.920		0.60437			4
2024.10.23	00:50:00.997	0.60422				2
2024.10.23	00:50:25.560		0.60436			4
2024.10.23	00:50:25.883		0.60437			4
2024.10.23	00:50:29.659	0.60425	0.60442			6
2024.10.23	00:50:29.998		0.60445			4
2024.10.23	00:50:31.075		0.60446			4
2024.10.23	00:50:36.417		0.60447			4
2024.10.23	00:50:36.817		0.60446			4
2024.10.23	00:50:48.220		0.60445			4
2024.10.23	00:50:52.056		0.60444			4
2024.10.23	00:50:58.336	0.60422	0.60443			6
2024.10.23	00:50:59.918		0.60442			4
2024.10.23	00:51:00.355	0.60422	0.60441			6
2024.10.23	00:51:01.683		0.60442			4
2024.10.23	00:51:09.033		0.60440			4
2024.10.23	00:51:09.533		0.60441			4
2024.10.23	00:51:10.119		0.60440			4
2024.10.23	00:51:11.741		0.60441			4
2024.10.23	00:51:15.999		0.60438			4
2024.10.23	00:51:16.359		0.60436			4
2024.10.23	00:51:16.912		0.60438			4
2024.10.23	00:51:21.605		0.60437			4
2024.10.23	00:51:29.029	0.60421	0.60439			6
2024.10.23	00:51:29.341		0.60437			4
2024.10.23	00:51:29.659		0.60439			4
2024.10.23	00:51:30.800		0.60437			4
2024.10.23	00:51:31.109		0.60439			4
2024.10.23	00:51:31.606		0.60438			4
2024.10.23	00:51:31.915		0.60439			4
2024.10.23	00:51:34.082		0.60437			4
2024.10.23	00:51:34.399		0.60439			4
2024.10.23	00:51:40.321		0.60441			4
2024.10.23	00:51:40.628		0.60443			4
2024.10.23	00:51:42.380		0.60442			4
2024.10.23	00:51:44.333	0.60424	0.60444			6
2024.10.23	00:51:46.249	0.60419				2
2024.10.23	00:51:47.049	0.60425				2
2024.10.23	00:52:02.328	0.60425				2
2024.10.23	00:52:31.667		0.60445			4
2024.10.23	00:52:38.804		0.60446			4
2024.10.23	00:52:39.804		0.60445			4
2024.10.23	00:52:42.622		0.60447			4
2024.10.23	00:52:43.126		0.60448			4
2024.10.23	00:53:05.939	0.60425	0.60449			6
2024.10.23	00:53:09.238	0.60426	0.60451			6
2024.10.23	00:53:10.486		0.60453			4
2024.10.23	00:53:10.852		0.60452			4
2024.10.23	00:53:25.480		0.60453			4
2024.10.23	00:53:26.792	0.60425				2
2024.10.23	00:53:40.151	0.60426				2
2024.10.23	00:53:46.837		0.60454			4
2024.10.23	00:53:48.300	0.60427	0.60452			6
2024.10.23	00:54:04.848	0.60427				2
2024.10.23	00:54:34.344	0.60426				2
2024.10.23	00:54:38.998	0.60425				2
2024.10.23	00:54:48.507		0.60452			4
2024.10.23	00:54:50.388	0.60426				2
2024.10.23	00:54:56.702	0.60425	0.60450			6
2024.10.23	00:55:02.361	0.60425				2
2024.10.23	00:55:22.784		0.60446			4
2024.10.23	00:55:40.130		0.60444			4
2024.10.23	00:55:43.830		0.60443			4
2024.10.23	00:55:49.944		0.60444			4
2024.10.23	00:55:50.260		0.60443			4
2024.10.23	00:55:50.666		0.60444			4
2024.10.23	00:55:57.875		0.60443			4
2024.10.23	00:56:07.965	0.60425	0.60445			6
2024.10.23	00:56:08.818		0.60447			4
2024.10.23	00:56:29.821		0.60449			4
2024.10.23	00:56:35.646		0.60448			4
2024.10.23	00:56:41.251		0.60447			4
2024.10.23	00:56:46.146		0.60448			4
2024.10.23	00:56:46.541		0.60450			4
2024.10.23	00:56:48.299		0.60449			4
2024.10.23	00:56:59.162		0.60451			4
2024.10.23	00:56:59.469		0.60449			4
2024.10.23	00:57:01.068	0.60425				2
2024.10.23	00:57:22.307		0.60453			4
2024.10.23	00:57:22.800		0.60452			4
2024.10.23	00:57:25.542		0.60453			4
2024.10.23	00:57:37.127		0.60452			4
2024.10.23	00:57:52.362		0.60453			4
2024.10.23	00:57:58.816		0.60452			4
2024.10.23	00:57:59.145		0.60450			4
2024.10.23	00:58:01.120	0.60425	0.60449			6
2024.10.23	00:58:10.862	0.60431	0.60459			6
2024.10.23	00:58:11.164		0.60460			4
2024.10.23	00:58:11.493	0.60430	0.60457			6
2024.10.23	00:58:19.530	0.60432				2
2024.10.23	00:58:23.079	0.60431				2
2024.10.23	00:58:29.589	0.60433				2
2024.10.23	00:58:42.371	0.60432				2
2024.10.23	00:58:42.716	0.60434				2
2024.10.23	00:58:43.140	0.60433				2
2024.10.23	00:58:45.328	0.60434				2
2024.10.23	00:58:59.076		0.60461			4
2024.10.23	00:58:59.386	0.60435	0.60463			6
2024.10.23	00:58:59.693	0.60436				2
2024.10.23	00:59:00.010	0.60436				2
2024.10.23	00:59:00.378	0.60435				2
2024.10.23	00:59:01.356		0.60462			4
2024.10.23	00:59:05.456	0.60434	0.60463			6
2024.10.23	00:59:06.221	0.60437				2
2024.10.23	00:59:08.124	0.60436				2
2024.10.23	00:59:12.083	0.60437				2
2024.10.23	00:59:19.076	0.60438				2
2024.10.23	00:59:21.241	0.60437				2
2024.10.23	00:59:24.667	0.60438				2
2024.10.23	00:59:33.645	0.60437				2
2024.10.23	00:59:36.453	0.60438				2
2024.10.23	00:59:37.255	0.60443	0.60468			6
2024.10.23	00:59:38.135	0.60442				2
2024.10.23	00:59:39.319	0.60440				2
2024.10.23	00:59:39.721		0.60467			4
2024.10.23	00:59:42.121	0.60437	0.60465			6
2024.10.23	00:59:44.846	0.60438				2
2024.10.23	00:59:48.456		0.60467			4
2024.10.23	00:59:49.382		0.60466			4
2024.10.23	00:59:50.449	0.60437				2
2024.10.23	00:59:52.443		0.60467			4
2024.10.23	00:59:54.196	0.60436	0.60466			6
2024.10.23	00:59:56.117	0.60437				2
2024.10.23	00:59:56.883	0.60438	0.60467			6
2024.10.23	00:59:57.449		0.60466			4
2024.10.23	00:59:58.614	0.60437				2
2024.10.23	00:59:58.961	0.60438				2
2024.10.23	00:59:59.964		0.60467			4
2024.10.23	01:00:00.308	0.60449	0.60455			6
2024.10.23	01:00:00.691	0.60430	0.60448			6
2024.10.23	01:00:01.320		0.60445			4
2024.10.23	01:00:01.621	0.60427	0.60446			6
2024.10.23	01:00:01.983	0.60424	0.60445			6
2024.10.23	01:00:02.340	0.60422				2
2024.10.23	01:00:03.299		0.60447			4
2024.10.23	01:00:04.316	0.60424	0.60449			6
2024.10.23	01:00:05.340	0.60433	0.60450			6
2024.10.23	01:00:07.305	0.60432	0.60451			6
2024.10.23	01:00:08.468	0.60433	0.60452			6
2024.10.23	01:00:08.776		0.60453			4
2024.10.23	01:00:09.642		0.60454			4
2024.10.23	01:00:10.360		0.60450			4
2024.10.23	01:00:11.980		0.60449			4
2024.10.23	01:00:13.817		0.60448			4
2024.10.23	01:00:14.125		0.60451			4
2024.10.23	01:00:15.498		0.60452			4
2024.10.23	01:00:20.056		0.60450			4
2024.10.23	01:00:20.396		0.60452			4
2024.10.23	01:00:21.270		0.60451			4
2024.10.23	01:00:21.602		0.60452			4
2024.10.23	01:00:22.180		0.60451			4
2024.10.23	01:00:24.631		0.60450			4
2024.10.23	01:00:25.232		0.60451			4
2024.10.23	01:00:25.545		0.60449			4
2024.10.23	01:00:25.847	0.60428	0.60441			6
2024.10.23	01:00:32.315		0.60444			4
2024.10.23	01:00:40.387		0.60442			4
2024.10.23	01:00:43.730		0.60443			4
2024.10.23	01:00:45.579		0.60442			4
2024.10.23	01:00:54.026		0.60443			4
2024.10.23	01:00:55.976	0.60429	0.60444			6
2024.10.23	01:00:56.388		0.60443			4
2024.10.23	01:01:00.313	0.60428				2
2024.10.23	01:01:08.951		0.60442			4
2024.10.23	01:01:22.282	0.60429				2
2024.10.23	01:01:25.344	0.60428				2
2024.10.23	01:01:37.497	0.60429	0.60441			6
2024.10.23	01:01:38.676		0.60442			4
2024.10.23	01:01:45.677	0.60426	0.60439			6
2024.10.23	01:01:46.581	0.60424				2
2024.10.23	01:02:00.389	0.60424				2
2024.10.23	01:02:05.509		0.60438			4
2024.10.23	01:02:07.142		0.60439			4
2024.10.23	01:02:17.500		0.60438			4
2024.10.23	01:02:23.678		0.60437			4
2024.10.23	01:02:33.822	0.60425	0.60439			6
2024.10.23	01:02:34.895	0.60424				2
2024.10.23	01:02:35.202		0.60438			4
2024.10.23	01:02:36.822	0.60423				2
2024.10.23	01:02:43.651	0.60422				2
2024.10.23	01:02:56.100	0.60423				2
2024.10.23	01:03:00.232	0.60423				2
2024.10.23	01:03:01.722		0.60437			4
2024.10.23	01:03:02.804	0.60421	0.60436			6
2024.10.23	01:03:03.310	0.60419	0.60434			6
2024.10.23	01:03:04.668		0.60432			4
2024.10.23	01:03:20.828	0.60421				2
2024.10.23	01:03:44.648	0.60423	0.60437			6
2024.10.23	01:03:45.046		0.60436			4
2024.10.23	01:03:46.057		0.60435			4
2024.10.23	01:03:52.484	0.60421				2
2024.10.23	01:03:56.962	0.60422	0.60434			6
2024.10.23	01:04:01.626	0.60421	0.60432			6
2024.10.23	01:04:03.142		0.60434			4
2024.10.23	01:04:05.403	0.60422				2
2024.10.23	01:04:10.006	0.60421	0.60433			6
2024.10.23	01:04:27.389		0.60434			4
2024.10.23	01:04:32.049		0.60432			4
2024.10.23	01:04:34.173		0.60433			4
2024.10.23	01:04:39.388	0.60419	0.60432			6
2024.10.23	01:04:40.363	0.60418	0.60430			6
2024.10.23	01:04:50.394		0.60431			4
2024.10.23	01:04:53.761	0.60417	0.60430			6
2024.10.23	01:04:56.842	0.60416	0.60429			6
2024.10.23	01:05:00.638	0.60416				2
2024.10.23	01:05:01.681		0.60430			4
2024.10.23	01:05:08.323	0.60415				2
2024.10.23	01:05:15.065		0.60429			4
2024.10.23	01:05:20.501	0.60420	0.60432			6
2024.10.23	01:05:21.948		0.60433			4
2024.10.23	01:05:32.821		0.60432			4
2024.10.23	01:06:07.041	0.60419				2
2024.10.23	01:07:00.465	0.60416	0.60429			6
2024.10.23	01:07:00.801	0.60414	0.60428			6
2024.10.23	01:07:02.261		0.60425			4
2024.10.23	01:07:12.361	0.60415				2
2024.10.23	01:07:29.698	0.60419	0.60429			6
2024.10.23	01:07:56.102		0.60428			4
2024.10.23	01:08:00.229	0.60419				2
2024.10.23	01:08:06.497		0.60422			4
2024.10.23	01:08:06.855	0.60418	0.60423			6
2024.10.23	01:08:15.674		0.60427			4
2024.10.23	01:08:16.561		0.60424			4
2024.10.23	01:08:24.981	0.60420				2
2024.10.23	01:08:25.382		0.60425			4
2024.10.23	01:08:25.698	0.60422	0.60427			6
2024.10.23	01:08:29.306	0.60424	0.60429			6
2024.10.23	01:08:30.716	0.60429	0.60432			6
2024.10.23	01:08:33.095	0.60426				2
2024.10.23	01:08:53.191	0.60424	0.60430			6
2024.10.23	01:09:00.738	0.60424	0.60428			6
2024.10.23	01:09:01.862		0.60427			4
2024.10.23	01:09:05.681	0.60423				2
2024.10.23	01:09:06.384	0.60421	0.60425			6
2024.10.23	01:09:07.842		0.60423			4
2024.10.23	01:09:10.671		0.60424			4
2024.10.23	01:09:19.440		0.60425			4
2024.10.23	01:09:20.636	0.60423	0.60428			6
2024.10.23	01:09:37.754		0.60427			4
2024.10.23	01:09:40.720		0.60428			4
2024.10.23	01:10:00.224	0.60423				2
2024.10.23	01:10:33.906		0.60429			4
2024.10.23	01:10:39.202		0.60428			4
2024.10.23	01:10:51.701	0.60421	0.60424			6
2024.10.23	01:10:54.921	0.60422	0.60429			6
2024.10.23	01:10:55.447		0.60430			4
2024.10.23	01:10:55.899	0.60419	0.60428			6
2024.10.23	01:10:59.495	0.60422	0.60429			6
2024.10.23	01:11:00.025	0.60422				2
2024.10.23	01:11:01.243	0.60424	0.60432			6
2024.10.23	01:11:14.679	0.60422	0.60429			6
2024.10.23	01:11:22.078	0.60421	0.60428			6
2024.10.23	01:11:27.192		0.60429			4
2024.10.23	01:11:27.497	0.60422				2
2024.10.23	01:11:46.805	0.60425	0.60432			6
2024.10.23	01:11:48.872	0.60427	0.60434			6
2024.10.23	01:11:56.405	0.60428	0.60435			6
2024.10.23	01:12:01.235	0.60428				2
2024.10.23	01:12:05.659	0.60427	0.60434			6
2024.10.23	01:12:06.673	0.60423	0.60430			6
2024.10.23	01:12:09.122		0.60429			4
2024.10.23	01:12:16.677		0.60431			4
2024.10.23	01:12:20.505	0.60424	0.60430			6
2024.10.23	01:12:40.803	0.60425	0.60433			6
2024.10.23	01:12:49.208	0.60423	0.60429			6
2024.10.23	01:12:50.923	0.60422				2
2024.10.23	01:13:01.721	0.60422				2
2024.10.23	01:13:49.750		0.60429			4
2024.10.23	01:13:54.540	0.60423				2
2024.10.23	01:13:57.824	0.60422				2
2024.10.23	01:14:03.220	0.60422				2
2024.10.23	01:14:49.986		0.60429			4
2024.10.23	01:14:50.341	0.60421	0.60427			6
2024.10.23	01:14:56.861	0.60422				2
2024.10.23	01:15:00.429	0.60422	0.60428			6
2024.10.23	01:15:02.214	0.60423				2
2024.10.23	01:16:00.491	0.60423	0.60428			6
2024.10.23	01:16:41.608		0.60429			4
2024.10.23	01:16:47.105	0.60422	0.60428			6
2024.10.23	01:16:49.152	0.60423				2
2024.10.23	01:16:50.663	0.60427	0.60433			6
2024.10.23	01:16:54.894	0.60424	0.60432			6
2024.10.23	01:16:57.763	0.60423	0.60429			6
2024.10.23	01:17:00.441	0.60424	0.60431			6
2024.10.23	01:17:08.046	0.60423	0.60430			6
2024.10.23	01:17:11.173	0.60427	0.60433			6
2024.10.23	01:17:12.187	0.60424	0.60430			6
2024.10.23	01:17:21.281	0.60426	0.60432			6
2024.10.23	01:17:31.109	0.60427	0.60433			6
2024.10.23	01:17:31.416	0.60428				2
2024.10.23	01:17:36.755		0.60431			4
2024.10.23	01:17:37.067		0.60433			4
2024.10.23	01:17:39.441		0.60431			4
2024.10.23	01:17:40.966	0.60430				2
2024.10.23	01:17:41.288	0.60429	0.60432			6
2024.10.23	01:17:44.952	0.60428				2
2024.10.23	01:18:00.647	0.60428				2
2024.10.23	01:18:20.694	0.60427				2
2024.10.23	01:18:21.140	0.60428				2
2024.10.23	01:18:32.302	0.60427	0.60431			6
2024.10.23	01:18:33.462	0.60428	0.60432			6
2024.10.23	01:18:36.771	0.60429				2
2024.10.23	01:18:37.878	0.60428				2
2024.10.23	01:18:39.521	0.60429				2
2024.10.23	01:18:39.950	0.60428				2
2024.10.23	01:18:50.270	0.60429				2
2024.10.23	01:18:54.349	0.60425	0.60429			6
2024.10.23	01:18:56.382	0.60426	0.60430			6
2024.10.23	01:18:58.971	0.60425				2
2024.10.23	01:19:00.901	0.60425				2
2024.10.23	01:19:01.250	0.60427	0.60431			6
2024.10.23	01:19:06.635	0.60428				2
2024.10.23	01:19:09.195	0.60427				2
2024.10.23	01:19:09.506	0.60426	0.60430			6
2024.10.23	01:19:21.362	0.60427				2
2024.10.23	01:19:22.741	0.60428				2
2024.10.23	01:19:23.413	0.60427				2
2024.10.23	01:19:28.787	0.60428				2
2024.10.23	01:19:31.724	0.60427				2
2024.10.23	01:19:34.475	0.60428				2
2024.10.23	01:19:46.537	0.60429	0.60432			6
2024.10.23	01:19:49.695	0.60430				2
2024.10.23	01:19:56.791	0.60429	0.60431			6
2024.10.23	01:20:00.365	0.60429				2
2024.10.23	01:20:01.192	0.60426				2
2024.10.23	01:20:11.921	0.60423	0.60428			6
2024.10.23	01:20:21.247	0.60425	0.60429			6
2024.10.23	01:21:00.531	0.60425				2
2024.10.23	01:21:01.948	0.60426				2
2024.10.23	01:21:02.268	0.60425				2
2024.10.23	01:21:21.458		0.60430			4
2024.10.23	01:21:40.578	0.60423	0.60428			6
2024.10.23	01:22:00.188	0.60423				2
2024.10.23	01:22:10.542	0.60424				2
2024.10.23	01:22:45.223		0.60428			4
2024.10.23	01:22:52.962		0.60429			4
2024.10.23	01:23:03.891	0.60424				2
2024.10.23	01:23:53.263		0.60429			4
2024.10.23	01:24:00.470	0.60424				2
2024.10.23	01:24:08.461	0.60426	0.60430			6
2024.10.23	01:24:43.939	0.60427				2
2024.10.23	01:25:00.272	0.60428	0.60431			6
2024.10.23	01:25:47.443	0.60427				2
2024.10.23	01:25:57.702		0.60430			4
2024.10.23	01:26:00.478	0.60427				2
2024.10.23	01:26:01.755	0.60428	0.60432			6
2024.10.23	01:26:08.522	0.60431	0.60434			6
2024.10.23	01:26:10.482	0.60430				2
2024.10.23	01:26:14.964	0.60432				2
2024.10.23	01:26:25.933	0.60431				2
2024.10.23	01:26:41.062	0.60433	0.60437			6
2024.10.23	01:26:41.377	0.60432				2
2024.10.23	01:26:41.676	0.60433				2
2024.10.23	01:26:43.333	0.60432				2
2024.10.23	01:26:46.392		0.60436			4
2024.10.23	01:26:50.750	0.60431	0.60435			6
2024.10.23	01:27:10.365	0.60431				2
2024.10.23	01:27:10.760	0.60432				2
2024.10.23	01:27:11.269	0.60433	0.60437			6
2024.10.23	01:27:21.023	0.60434				2
2024.10.23	01:27:25.675	0.60432	0.60435			6
2024.10.23	01:27:30.032	0.60431				2
2024.10.23	01:27:52.673	0.60432				2
2024.10.23	01:27:58.518		0.60436			4
2024.10.23	01:27:58.890		0.60435			4
2024.10.23	01:28:21.284	0.60432				2
2024.10.23	01:28:29.718		0.60433			4
2024.10.23	01:28:30.021		0.60435			4
2024.10.23	01:29:00.241	0.60432				2
2024.10.23	01:29:04.237	0.60435	0.60438			6
2024.10.23	01:29:04.590	0.60434				2
2024.10.23	01:29:05.636	0.60435				2
2024.10.23	01:29:59.545	0.60433	0.60436			6
2024.10.23	01:30:00.390	0.60433				2
2024.10.23	01:30:02.149		0.60437			4
2024.10.23	01:30:04.120		0.60436			4
2024.10.23	01:30:04.459	0.60434	0.60438			6
2024.10.23	01:30:06.559	0.60435	0.60437			6
2024.10.23	01:30:07.605	0.60434	0.60438			6
2024.10.23	01:30:08.641		0.60437			4
2024.10.23	01:30:22.722	0.60435	0.60438			6
2024.10.23	01:30:35.395		0.60437			4
2024.10.23	01:30:35.982	0.60434				2
2024.10.23	01:31:00.439	0.60434				2
2024.10.23	01:31:02.025	0.60433	0.60436			6
2024.10.23	01:31:03.807	0.60432	0.60435			6
2024.10.23	01:31:04.319	0.60431	0.60434			6
2024.10.23	01:31:04.638	0.60430				2
2024.10.23	01:31:06.119	0.60434	0.60437			6
2024.10.23	01:31:08.337	0.60435				2
2024.10.23	01:31:12.086		0.60438			4
2024.10.23	01:31:12.391	0.60434	0.60437			6
2024.10.23	01:31:25.451		0.60438			4
2024.10.23	01:31:30.722	0.60435				2
2024.10.23	01:31:33.063	0.60434	0.60437			6
2024.10.23	01:31:34.239		0.60438			4
2024.10.23	01:31:35.219		0.60437			4
2024.10.23	01:31:37.381	0.60433	0.60436			6
2024.10.23	01:31:43.338	0.60434	0.60437			6
2024.10.23	01:31:43.661	0.60437	0.60440			6
2024.10.23	01:31:44.347	0.60436				2
2024.10.23	01:32:00.056	0.60436				2
2024.10.23	01:32:11.926		0.60439			4
2024.10.23	01:32:14.926		0.60437			4
2024.10.23	01:32:15.301		0.60439			4
2024.10.23	01:32:23.346	0.60435	0.60438			6
2024.10.23	01:32:29.341	0.60436				2
2024.10.23	01:32:45.838	0.60434				2
2024.10.23	01:32:46.500	0.60435				2
2024.10.23	01:32:48.188	0.60434	0.60437			6
2024.10.23	01:32:48.501	0.60435				2
2024.10.23	01:32:51.629	0.60434				2
2024.10.23	01:32:57.581		0.60438			4
2024.10.23	01:33:00.227	0.60435				2
2024.10.23	01:33:23.396	0.60437	0.60439			6
2024.10.23	01:34:11.376	0.60437				2
2024.10.23	01:34:26.920		0.60439			4
2024.10.23	01:34:28.309	0.60436				2
2024.10.23	01:34:58.210		0.60440			4
2024.10.23	01:35:00.461	0.60436				2
2024.10.23	01:35:01.345	0.60439	0.60443			6
2024.10.23	01:35:08.521	0.60440				2
2024.10.23	01:35:14.138	0.60439	0.60442			6
2024.10.23	01:35:21.918	0.60440				2
2024.10.23	01:35:23.902		0.60443			4
2024.10.23	01:35:33.365		0.60444			4
2024.10.23	01:35:50.736	0.60443	0.60445			6
2024.10.23	01:35:52.781	0.60444	0.60446			6
2024.10.23	01:35:55.644		0.60447			4
2024.10.23	01:35:55.972	0.60442	0.60445			6
2024.10.23	01:36:00.208	0.60442				2
2024.10.23	01:36:02.426	0.60441				2
2024.10.23	01:36:03.041		0.60446			4
2024.10.23	01:36:04.881	0.60440				2
2024.10.23	01:36:11.794	0.60442	0.60448			6
2024.10.23	01:36:28.255	0.60441	0.60447			6
2024.10.23	01:36:35.263	0.60442	0.60448			6
2024.10.23	01:36:43.456	0.60444				2
2024.10.23	01:36:43.940	0.60443				2
2024.10.23	01:36:48.247	0.60444				2
2024.10.23	01:36:50.326	0.60443				2
2024.10.23	01:37:00.369	0.60442				2
2024.10.23	01:37:10.325	0.60443				2
2024.10.23	01:37:14.855		0.60447			4
2024.10.23	01:37:22.690		0.60448			4
2024.10.23	01:37:26.477		0.60447			4
2024.10.23	01:37:28.882		0.60448			4
2024.10.23	01:37:42.897		0.60447			4
2024.10.23	01:37:50.813		0.60448			4
2024.10.23	01:37:52.239	0.60444				2
2024.10.23	01:38:00.105	0.60444				2
2024.10.23	01:38:00.818	0.60443	0.60447			6
2024.10.23	01:38:06.663	0.60444	0.60448			6
2024.10.23	01:38:09.041		0.60447			4
2024.10.23	01:38:09.496	0.60443				2
2024.10.23	01:38:26.066	0.60442				2
2024.10.23	01:38:56.872	0.60443				2
2024.10.23	01:39:00.824	0.60443				2
2024.10.23	01:39:17.397	0.60444	0.60447			6
2024.10.23	01:39:23.917		0.60448			4
2024.10.23	01:39:51.864	0.60445				2
2024.10.23	01:39:55.061	0.60444				2
2024.10.23	01:40:00.469	0.60444				2
2024.10.23	01:40:06.136	0.60443				2
2024.10.23	01:40:06.699	0.60444				2
2024.10.23	01:40:11.216	0.60443	0.60446			6
2024.10.23	01:40:11.547		0.60447			4
2024.10.23	01:40:17.216		0.60446			4
2024.10.23	01:40:18.163	0.60444				2
2024.10.23	01:40:28.902		0.60447			4
2024.10.23	01:40:34.038	0.60446				2
2024.10.23	01:40:34.378	0.60444				2
2024.10.23	01:40:48.182	0.60445				2
2024.10.23	01:40:50.218	0.60444				2
2024.10.23	01:40:51.614	0.60443				2
2024.10.23	01:40:53.429	0.60444				2
2024.10.23	01:40:57.566	0.60443				2
2024.10.23	01:40:58.216	0.60444				2
2024.10.23	01:40:59.343	0.60443				2
2024.10.23	01:41:00.370	0.60444				2
2024.10.23	01:41:01.375	0.60443				2
2024.10.23	01:41:17.278	0.60442	0.60446			6
2024.10.23	01:41:18.607	0.60441	0.60444			6
2024.10.23	01:41:19.962		0.60445			4
2024.10.23	01:41:36.903		0.60444			4
2024.10.23	01:41:39.452	0.60440	0.60445			6
2024.10.23	01:41:47.219	0.60441				2
2024.10.23	01:42:00.549	0.60441				2
2024.10.23	01:42:09.225		0.60444			4
2024.10.23	01:42:30.647	0.60442				2
2024.10.23	01:42:59.208		0.60443			4
2024.10.23	01:43:01.411	0.60442				2
2024.10.23	01:43:25.043	0.60440				2
2024.10.23	01:43:49.302		0.60442			4
2024.10.23	01:43:56.224	0.60439	0.60441			6
2024.10.23	01:44:00.394	0.60439				2
2024.10.23	01:44:11.981	0.60440				2
2024.10.23	01:44:22.403	0.60438				2
2024.10.23	01:44:56.243		0.60441			4
2024.10.23	01:44:59.561	0.60436	0.60440			6
2024.10.23	01:45:00.516	0.60434	0.60436			6
2024.10.23	01:45:00.826	0.60433	0.60435			6
2024.10.23	01:45:21.090	0.60432				2
2024.10.23	01:45:37.196	0.60433				2
2024.10.23	01:45:38.031	0.60432				2
2024.10.23	01:45:38.344	0.60433				2
2024.10.23	01:45:39.221	0.60434	0.60436			6
2024.10.23	01:45:41.279	0.60435	0.60437			6
2024.10.23	01:45:51.894		0.60436			4
2024.10.23	01:46:00.467	0.60435				2
2024.10.23	01:46:40.425		0.60437			4
2024.10.23	01:46:55.587		0.60436			4
2024.10.23	01:46:59.400	0.60436	0.60437			6
2024.10.23	01:46:59.714	0.60437	0.60438			6
2024.10.23	01:47:00.429	0.60437	0.60439			6
2024.10.23	01:47:03.499	0.60436				2
2024.10.23	01:47:40.816	0.60440	0.60442			6
2024.10.23	01:48:01.102	0.60440				2
2024.10.23	01:48:03.636	0.60438	0.60441			6
2024.10.23	01:48:04.333	0.60437				2
2024.10.23	01:48:04.809	0.60438				2
2024.10.23	01:48:34.080	0.60440	0.60442			6
2024.10.23	01:48:40.851		0.60443			4
2024.10.23	01:48:50.136		0.60444			4
2024.10.23	01:48:58.991	0.60443				2
2024.10.23	01:48:59.461	0.60440				2
2024.10.23	01:49:01.415	0.60440				2
2024.10.23	01:49:30.478	0.60438	0.60442			6
2024.10.23	01:49:30.829	0.60439	0.60441			6
2024.10.23	01:49:31.531	0.60437	0.60440			6
2024.10.23	01:49:35.790		0.60439			4
2024.10.23	01:49:42.368		0.60438			4
2024.10.23	01:49:57.438	0.60435				2
2024.10.23	01:50:00.562	0.60434				2
2024.10.23	01:50:00.933		0.60437			4
2024.10.23	01:50:01.584	0.60433				2
2024.10.23	01:50:02.705	0.60432				2
2024.10.23	01:50:03.022	0.60434				2
2024.10.23	01:50:04.610	0.60433	0.60436			6
2024.10.23	01:50:05.546	0.60432				2
2024.10.23	01:50:05.942	0.60433	0.60437			6
2024.10.23	01:50:07.719		0.60436			4
2024.10.23	01:50:09.081		0.60437			4
2024.10.23	01:50:10.117		0.60436			4
2024.10.23	01:50:14.578	0.60432	0.60434			6
2024.10.23	01:50:17.606	0.60427	0.60432			6
2024.10.23	01:50:18.272		0.60431			4
2024.10.23	01:50:31.696	0.60424	0.60428			6
2024.10.23	01:50:32.404	0.60425				2
2024.10.23	01:50:40.541	0.60424				2
2024.10.23	01:50:41.481	0.60425				2
2024.10.23	01:50:45.183	0.60426				2
2024.10.23	01:51:00.664	0.60426				2
2024.10.23	01:51:01.980	0.60425				2
2024.10.23	01:51:05.289	0.60424	0.60427			6
2024.10.23	01:51:06.401	0.60425				2
2024.10.23	01:51:10.375	0.60424				2
2024.10.23	01:51:23.173	0.60425				2
2024.10.23	01:51:23.511	0.60423	0.60425			6
2024.10.23	01:51:27.162	0.60422				2
2024.10.23	01:51:27.623	0.60423				2
2024.10.23	01:51:35.475	0.60422				2
2024.10.23	01:52:00.133	0.60417	0.60418			6
2024.10.23	01:52:00.442	0.60415				2
2024.10.23	01:52:01.147	0.60414	0.60417			6
2024.10.23	01:52:01.548	0.60413				2
2024.10.23	01:52:04.541	0.60415	0.60418			6
2024.10.23	01:52:05.664	0.60416	0.60419			6
2024.10.23	01:52:06.167	0.60417	0.60420			6
2024.10.23	01:52:11.560	0.60416	0.60419			6
2024.10.23	01:52:21.678		0.60418			4
2024.10.23	01:52:21.980	0.60415				2
2024.10.23	01:52:34.291	0.60417	0.60421			6
2024.10.23	01:52:40.720	0.60415	0.60419			6
2024.10.23	01:52:43.631		0.60418			4
2024.10.23	01:53:01.258	0.60415				2
2024.10.23	01:53:08.986	0.60414	0.60417			6
2024.10.23	01:53:09.320		0.60418			4
2024.10.23	01:53:32.802	0.60413	0.60417			6
2024.10.23	01:53:33.771	0.60414				2
2024.10.23	01:53:40.508	0.60415				2
2024.10.23	01:53:42.927		0.60418			4
2024.10.23	01:54:00.477	0.60415				2
2024.10.23	01:54:00.781		0.60419			4
2024.10.23	01:54:16.193	0.60420	0.60424			6
2024.10.23	01:54:31.841		0.60423			4
2024.10.23	01:54:58.773	0.60423	0.60424			6
2024.10.23	01:55:00.138	0.60422				2
2024.10.23	01:55:01.229	0.60421				2
2024.10.23	01:55:08.454		0.60425			4
2024.10.23	01:55:08.756	0.60422				2
2024.10.23	01:55:29.465	0.60421				2
2024.10.23	01:55:35.042		0.60424			4
2024.10.23	01:55:36.086	0.60420				2
2024.10.23	01:55:47.750	0.60422	0.60425			6
2024.10.23	01:55:48.112	0.60421				2
2024.10.23	01:55:56.376	0.60422				2
2024.10.23	01:56:01.361	0.60422				2
2024.10.23	01:56:11.294	0.60424	0.60427			6
2024.10.23	01:56:12.343	0.60423				2
2024.10.23	01:56:21.509	0.60422	0.60426			6
2024.10.23	01:56:34.794		0.60425			4
2024.10.23	01:56:36.244	0.60420	0.60424			6
2024.10.23	01:56:36.880		0.60423			4
2024.10.23	01:57:00.361	0.60421	0.60424			6
2024.10.23	01:57:00.662		0.60423			4
2024.10.23	01:57:00.964	0.60420	0.60421			6
2024.10.23	01:57:01.264		0.60422			4
2024.10.23	01:57:24.070	0.60421				2
2024.10.23	01:57:37.562	0.60422	0.60425			6
2024.10.23	01:57:38.789		0.60426			4
2024.10.23	01:57:40.813	0.60424	0.60428			6
2024.10.23	01:58:00.288	0.60424				2
2024.10.23	01:58:29.523		0.60427			4
2024.10.23	01:58:32.637	0.60423	0.60426			6
2024.10.23	01:58:33.441	0.60422				2
2024.10.23	01:58:34.381	0.60423				2
2024.10.23	01:58:35.027		0.60427			4
2024.10.23	01:58:40.000	0.60424				2
2024.10.23	01:58:40.320	0.60423	0.60426			6
2024.10.23	01:58:40.628		0.60427			4
2024.10.23	01:58:40.932		0.60425			4
2024.10.23	01:58:41.250	0.60422				2
2024.10.23	01:58:42.815		0.60426			4
2024.10.23	01:58:43.921	0.60423				2
2024.10.23	01:58:45.221	0.60422				2
2024.10.23	01:58:50.218		0.60425			4
2024.10.23	01:58:51.308		0.60426			4
2024.10.23	01:58:57.632	0.60424	0.60427			6
2024.10.23	01:59:00.049	0.60424				2
2024.10.23	01:59:00.462	0.60425	0.60428			6
2024.10.23	01:59:19.546	0.60423	0.60426			6
2024.10.23	01:59:19.901	0.60425	0.60428			6
2024.10.23	01:59:20.202	0.60424	0.60427			6
2024.10.23	01:59:27.376	0.60425	0.60428			6
2024.10.23	01:59:46.749		0.60427			4
2024.10.23	01:59:53.698	0.60426	0.60428			6
2024.10.23	01:59:58.733	0.60428	0.60430			6
2024.10.23	02:00:00.015	0.60426	0.60429			6
2024.10.23	02:00:00.620		0.60428			4
2024.10.23	02:00:01.177	0.60427				2
2024.10.23	02:00:04.002		0.60430			4
2024.10.23	02:00:06.378	0.60428				2
2024.10.23	02:00:09.559		0.60431			4
2024.10.23	02:00:10.917	0.60429				2
2024.10.23	02:00:11.233	0.60428				2
2024.10.23	02:00:11.542	0.60427	0.60430			6
2024.10.23	02:00:12.625	0.60426				2
2024.10.23	02:00:12.936	0.60427	0.60431			6
2024.10.23	02:00:14.529	0.60428				2
2024.10.23	02:00:16.025	0.60429				2
2024.10.23	02:00:19.575	0.60430				2
2024.10.23	02:00:21.055	0.60429				2
2024.10.23	02:00:23.290		0.60432			4
2024.10.23	02:00:24.382	0.60430				2
2024.10.23	02:00:25.423	0.60429				2
2024.10.23	02:00:32.752	0.60430				2
2024.10.23	02:00:33.496	0.60429				2
2024.10.23	02:00:40.102	0.60428	0.60431			6
2024.10.23	02:00:41.238	0.60429	0.60432			6
2024.10.23	02:00:58.533		0.60431			4
2024.10.23	02:01:00.225	0.60429				2
2024.10.23	02:01:00.532	0.60427				2
2024.10.23	02:01:01.296	0.60429				2
2024.10.23	02:01:08.466		0.60432			4
2024.10.23	02:01:09.248	0.60427	0.60430			6
2024.10.23	02:01:09.574		0.60431			4
2024.10.23	02:01:11.298	0.60428				2
2024.10.23	02:01:12.524	0.60429				2
2024.10.23	02:01:12.839	0.60428				2
2024.10.23	02:01:18.256	0.60427	0.60430			6
2024.10.23	02:01:21.162	0.60428				2
2024.10.23	02:01:27.500	0.60425	0.60426			6
2024.10.23	02:01:28.662	0.60423	0.60425			6
2024.10.23	02:01:30.438	0.60425	0.60426			6
2024.10.23	02:01:52.944	0.60424	0.60425			6
2024.10.23	02:01:53.325	0.60425	0.60426			6
2024.10.23	02:01:54.363	0.60422	0.60424			6
2024.10.23	02:01:57.418	0.60419	0.60420			6
2024.10.23	02:01:57.780	0.60418				2
2024.10.23	02:01:58.092	0.60417				2
2024.10.23	02:02:00.087	0.60417				2
2024.10.23	02:02:00.413	0.60420	0.60422			6
2024.10.23	02:02:01.037	0.60421				2
2024.10.23	02:02:31.038	0.60423	0.60425			6
2024.10.23	02:02:31.722	0.60422				2
2024.10.23	02:02:32.913	0.60423				2
2024.10.23	02:02:38.248	0.60422				2
2024.10.23	02:02:42.982	0.60423	0.60426			6
2024.10.23	02:02:50.557	0.60422	0.60425			6
2024.10.23	02:02:54.275		0.60423			4
2024.10.23	02:02:54.581	0.60423	0.60426			6
2024.10.23	02:02:59.241	0.60422	0.60425			6
2024.10.23	02:03:00.274	0.60423	0.60426			6
2024.10.23	02:03:01.058		0.60425			4
2024.10.23	02:03:01.582	0.60420	0.60423			6
2024.10.23	02:03:02.383	0.60418	0.60420			6
2024.10.23	02:03:08.195	0.60417				2
2024.10.23	02:03:36.105	0.60415	0.60418			6
2024.10.23	02:03:36.411	0.60416	0.60419			6
2024.10.23	02:03:41.159	0.60415	0.60418			6
2024.10.23	02:04:00.324	0.60415				2
2024.10.23	02:04:01.463		0.60417			4
2024.10.23	02:04:01.762	0.60412	0.60414			6
2024.10.23	02:04:03.826		0.60415			4
2024.10.23	02:04:04.747	0.60413				2
2024.10.23	02:04:08.636	0.60412				2
2024.10.23	02:04:26.044	0.60413				2
2024.10.23	02:04:31.805	0.60412				2
2024.10.23	02:04:40.261		0.60414			4
2024.10.23	02:04:40.858	0.60411	0.60413			6
2024.10.23	02:04:43.549	0.60413	0.60415			6
2024.10.23	02:04:51.182		0.60416			4
2024.10.23	02:04:52.609	0.60415				2
2024.10.23	02:04:52.919	0.60416	0.60417			6
2024.10.23	02:05:02.827	0.60416				2
2024.10.23	02:05:05.526	0.60415	0.60416			6
2024.10.23	02:05:16.012		0.60417			4
2024.10.23	02:05:18.972		0.60418			4
2024.10.23	02:05:21.171		0.60417			4
2024.10.23	02:05:22.672	0.60416				2
2024.10.23	02:05:45.554	0.60414				2
2024.10.23	02:05:48.166	0.60411	0.60414			6
2024.10.23	02:06:00.002	0.60411	0.60413			6
2024.10.23	02:06:01.056		0.60414			4
2024.10.23	02:06:03.139		0.60413			4
2024.10.23	02:06:20.487	0.60413	0.60415			6
2024.10.23	02:06:24.905	0.60412				2
2024.10.23	02:06:28.185	0.60413				2
2024.10.23	02:06:30.867	0.60416	0.60417			6
2024.10.23	02:06:35.832	0.60415	0.60416			6
2024.10.23	02:06:36.429		0.60417			4
2024.10.23	02:06:41.301	0.60416				2
2024.10.23	02:06:41.680	0.60415				2
2024.10.23	02:06:42.304		0.60416			4
2024.10.23	02:06:44.251	0.60416	0.60417			6
2024.10.23	02:07:00.511	0.60416				2
2024.10.23	02:07:06.733	0.60415				2
2024.10.23	02:07:08.724	0.60416				2
2024.10.23	02:07:30.235	0.60414				2
2024.10.23	02:07:32.249	0.60416				2
2024.10.23	02:07:40.834	0.60420	0.60421			6
2024.10.23	02:07:42.348	0.60419				2
2024.10.23	02:07:42.678	0.60420				2
2024.10.23	02:07:56.792	0.60421	0.60423			6
2024.10.23	02:08:00.223	0.60421				2
2024.10.23	02:08:09.109	0.60424	0.60425			6
2024.10.23	02:08:09.498	0.60423	0.60424			6
2024.10.23	02:08:13.293	0.60421				2
2024.10.23	02:08:19.489		0.60423			4
2024.10.23	02:08:22.069	0.60420				2
2024.10.23	02:08:57.540	0.60418	0.60421			6
2024.10.23	02:08:57.957	0.60419	0.60422			6
2024.10.23	02:09:00.444	0.60419				2
2024.10.23	02:09:04.331	0.60418	0.60421			6
2024.10.23	02:09:07.112	0.60419				2
2024.10.23	02:09:08.967	0.60417	0.60420			6
2024.10.23	02:09:26.471	0.60418				2
2024.10.23	02:09:30.589	0.60419	0.60421			6
2024.10.23	02:09:32.407	0.60420				2
2024.10.23	02:09:33.375	0.60419				2
2024.10.23	02:09:34.246	0.60421	0.60422			6
2024.10.23	02:09:51.862	0.60422	0.60423			6
2024.10.23	02:09:55.320	0.60421				2
2024.10.23	02:09:58.330		0.60422			4
2024.10.23	02:09:58.632		0.60423			4
2024.10.23	02:10:00.630	0.60421				2
2024.10.23	02:10:01.239	0.60422				2
2024.10.23	02:10:13.787	0.60421				2
2024.10.23	02:10:15.981	0.60420	0.60422			6
2024.10.23	02:10:38.860		0.60423			4
2024.10.23	02:10:47.616	0.60421				2
2024.10.23	02:10:51.233		0.60424			4
2024.10.23	02:11:01.304	0.60423	0.60427			6
2024.10.23	02:11:02.369	0.60424	0.60426			6
2024.10.23	02:11:11.314	0.60425	0.60428			6
2024.10.23	02:11:13.409		0.60429			4
2024.10.23	02:11:13.753	0.60424				2
2024.10.23	02:11:35.644	0.60425				2
2024.10.23	02:11:50.623		0.60428			4
2024.10.23	02:11:52.241	0.60424	0.60427			6
2024.10.23	02:11:59.358	0.60425				2
2024.10.23	02:12:00.658	0.60425				2
2024.10.23	02:12:31.310	0.60435	0.60437			6
2024.10.23	02:12:31.621		0.60438			4
2024.10.23	02:12:39.035	0.60432	0.60434			6
2024.10.23	02:12:39.965		0.60435			4
2024.10.23	02:12:40.296		0.60433			4
2024.10.23	02:13:01.594	0.60431				2
2024.10.23	02:13:03.396	0.60430	0.60432			6
2024.10.23	02:13:09.219	0.60433	0.60436			6
2024.10.23	02:13:11.391	0.60434				2
2024.10.23	02:13:12.441		0.60437			4
2024.10.23	02:13:19.778	0.60436	0.60438			6
2024.10.23	02:13:20.414	0.60435				2
2024.10.23	02:13:26.480	0.60436				2
2024.10.23	02:13:32.786	0.60434	0.60436			6
2024.10.23	02:13:33.955		0.60437			4
2024.10.23	02:13:34.260	0.60433				2
2024.10.23	02:13:36.952		0.60438			4
2024.10.23	02:13:37.292		0.60437			4
2024.10.23	02:13:37.604	0.60431	0.60433			6
2024.10.23	02:13:41.842	0.60429				2
2024.10.23	02:13:45.682	0.60430				2
2024.10.23	02:14:01.314	0.60430				2
2024.10.23	02:14:01.804		0.60434			4
2024.10.23	02:14:07.658	0.60432	0.60435			6
2024.10.23	02:14:08.235	0.60431	0.60434			6
2024.10.23	02:14:30.300	0.60429	0.60431			6
2024.10.23	02:14:30.636		0.60432			4
2024.10.23	02:14:31.068		0.60431			4
2024.10.23	02:14:34.448		0.60432			4
2024.10.23	02:14:34.762		0.60433			4
2024.10.23	02:14:51.434	0.60430				2
2024.10.23	02:14:52.176		0.60434			4
2024.10.23	02:14:54.756	0.60431				2
2024.10.23	02:14:55.090	0.60430				2
2024.10.23	02:15:00.768	0.60430				2
2024.10.23	02:15:01.968	0.60429				2
2024.10.23	02:15:06.549		0.60433			4
2024.10.23	02:15:10.425	0.60428				2
2024.10.23	02:15:11.537	0.60429	0.60434			6
2024.10.23	02:15:16.556	0.60428				2
2024.10.23	02:15:17.718		0.60433			4
2024.10.23	02:15:18.035	0.60429	0.60434			6
2024.10.23	02:15:18.868	0.60428				2
2024.10.23	02:15:20.492		0.60433			4
2024.10.23	02:15:21.093		0.60434			4
2024.10.23	02:15:21.595		0.60433			4
2024.10.23	02:15:31.514		0.60432			4
2024.10.23	02:15:46.675	0.60427	0.60431			6
2024.10.23	02:15:52.590	0.60422	0.60426			6
2024.10.23	02:15:53.601	0.60423				2
2024.10.23	02:16:01.918	0.60423				2
2024.10.23	02:16:12.039		0.60427			4
2024.10.23	02:16:19.650	0.60424	0.60428			6
2024.10.23	02:16:22.991	0.60425				2
2024.10.23	02:16:41.341		0.60429			4
2024.10.23	02:16:43.591	0.60424				2
2024.10.23	02:17:00.438	0.60424				2
2024.10.23	02:17:05.349	0.60426				2
2024.10.23	02:17:05.658	0.60423	0.60427			6
2024.10.23	02:17:12.688		0.60426			4
2024.10.23	02:17:13.132	0.60422				2
2024.10.23	02:17:16.552	0.60423				2
2024.10.23	02:17:16.906		0.60427			4
2024.10.23	02:17:21.313	0.60425	0.60428			6
2024.10.23	02:17:31.336		0.60429			4
2024.10.23	02:17:41.377		0.60428			4
2024.10.23	02:18:00.409	0.60425				2
2024.10.23	02:18:23.279	0.60424				2
2024.10.23	02:18:29.668	0.60423				2
2024.10.23	02:18:42.370		0.60428			4
2024.10.23	02:18:52.112	0.60419	0.60423			6
2024.10.23	02:19:00.502	0.60419				2
2024.10.23	02:19:51.363	0.60418	0.60422			6
2024.10.23	02:19:58.590		0.60421			4
2024.10.23	02:19:58.952	0.60417				2
2024.10.23	02:20:00.437	0.60417				2
2024.10.23	02:20:10.381	0.60418				2
2024.10.23	02:20:15.033	0.60419	0.60422			6
2024.10.23	02:20:15.341	0.60418				2
2024.10.23	02:20:21.221	0.60419	0.60423			6
2024.10.23	02:20:22.204	0.60420				2
2024.10.23	02:20:31.922		0.60424			4
2024.10.23	02:20:50.592	0.60422	0.60426			6
2024.10.23	02:20:50.904	0.60421	0.60424			6
2024.10.23	02:21:00.157	0.60421				2
2024.10.23	02:21:00.462	0.60423	0.60427			6
2024.10.23	02:21:02.221	0.60424				2
2024.10.23	02:21:09.346		0.60428			4
2024.10.23	02:21:25.377	0.60425	0.60429			6
2024.10.23	02:22:00.074	0.60425				2
2024.10.23	02:22:12.603		0.60428			4
2024.10.23	02:22:18.908	0.60424				2
2024.10.23	02:22:21.347	0.60425				2
2024.10.23	02:22:22.373	0.60426	0.60429			6
2024.10.23	02:22:25.606	0.60427	0.60431			6
2024.10.23	02:22:46.492	0.60428				2
2024.10.23	02:22:47.507	0.60425	0.60428			6
2024.10.23	02:22:48.283	0.60424				2
2024.10.23	02:23:00.463	0.60424	0.60427			6
2024.10.23	02:23:13.801		0.60428			4
2024.10.23	02:23:31.262	0.60425				2
2024.10.23	02:23:55.927	0.60426				2
2024.10.23	02:24:00.277	0.60426				2
2024.10.23	02:24:14.516		0.60428			4
2024.10.23	02:24:17.959		0.60429			4
2024.10.23	02:24:20.642	0.60427	0.60430			6
2024.10.23	02:24:55.976	0.60428				2
2024.10.23	02:25:00.650	0.60428				2
2024.10.23	02:25:01.371	0.60430	0.60434			6
2024.10.23	02:26:00.432	0.60430				2
2024.10.23	02:26:01.422		0.60434			4
2024.10.23	02:26:17.627	0.60426	0.60429			6
2024.10.23	02:26:36.479	0.60424	0.60427			6
2024.10.23	02:26:50.786	0.60422	0.60425			6
2024.10.23	02:27:01.465	0.60422	0.60427			6
2024.10.23	02:27:02.510	0.60423				2
2024.10.23	02:27:13.409		0.60425			4
2024.10.23	02:27:14.580		0.60424			4
2024.10.23	02:27:19.444	0.60422				2
2024.10.23	02:27:28.683	0.60419	0.60423			6
2024.10.23	02:27:39.812	0.60420				2
2024.10.23	02:27:40.496	0.60421	0.60425			6
2024.10.23	02:27:41.334	0.60422	0.60426			6
2024.10.23	02:27:45.085		0.60427			4
2024.10.23	02:27:54.609	0.60423				2
2024.10.23	02:28:00.641	0.60426	0.60429			6
2024.10.23	02:28:36.061	0.60427	0.60432			6
2024.10.23	02:28:39.222	0.60429	0.60434			6
2024.10.23	02:28:43.135		0.60433			4
2024.10.23	02:28:45.387		0.60434			4
2024.10.23	02:28:56.772		0.60433			4
2024.10.23	02:29:00.721	0.60429				2
2024.10.23	02:29:01.708	0.60428				2
2024.10.23	02:29:02.379		0.60432			4
2024.10.23	02:29:05.518		0.60433			4
2024.10.23	02:29:23.263	0.60427				2
2024.10.23	02:29:23.577	0.60428				2
2024.10.23	02:29:25.155	0.60427	0.60432			6
2024.10.23	02:29:33.485	0.60428	0.60433			6
2024.10.23	02:29:33.904		0.60432			4
2024.10.23	02:29:38.372	0.60424	0.60429			6
2024.10.23	02:29:38.694		0.60428			4
2024.10.23	02:29:39.389	0.60423	0.60426			6
2024.10.23	02:29:48.361	0.60421	0.60425			6
2024.10.23	02:30:00.795	0.60423	0.60426			6
2024.10.23	02:30:09.788	0.60421	0.60425			6
2024.10.23	02:30:14.167	0.60420	0.60424			6
2024.10.23	02:30:19.182		0.60425			4
2024.10.23	02:30:24.535	0.60421				2
2024.10.23	02:30:24.878	0.60420				2
2024.10.23	02:30:30.868		0.60424			4
2024.10.23	02:30:31.520	0.60421				2
2024.10.23	02:30:37.931	0.60420				2
2024.10.23	02:30:39.758	0.60421				2
2024.10.23	02:30:43.179	0.60418	0.60421			6
2024.10.23	02:30:43.485	0.60413	0.60415			6
2024.10.23	02:30:43.790		0.60416			4
2024.10.23	02:30:45.221	0.60414				2
2024.10.23	02:30:45.900	0.60415				2
2024.10.23	02:30:51.015		0.60417			4
2024.10.23	02:31:00.545	0.60415				2
2024.10.23	02:31:08.698	0.60416	0.60419			6
2024.10.23	02:31:12.223	0.60420	0.60421			6
2024.10.23	02:31:12.528	0.60421	0.60422			6
2024.10.23	02:31:22.175		0.60423			4
2024.10.23	02:31:34.262	0.60422				2
2024.10.23	02:31:48.447		0.60424			4
2024.10.23	02:31:56.399	0.60424	0.60426			6
2024.10.23	02:31:56.718	0.60423	0.60427			6
2024.10.23	02:32:00.441	0.60423				2
2024.10.23	02:32:01.917	0.60424				2
2024.10.23	02:32:06.623	0.60423				2
2024.10.23	02:32:06.941	0.60422	0.60424			6
2024.10.23	02:32:07.258	0.60421				2
2024.10.23	02:32:18.042		0.60425			4
2024.10.23	02:32:31.151		0.60424			4
2024.10.23	02:32:36.809	0.60420				2
2024.10.23	02:32:37.135	0.60421				2
2024.10.23	02:32:41.339	0.60424	0.60428			6
2024.10.23	02:32:51.334	0.60427	0.60431			6
2024.10.23	02:32:56.418		0.60432			4
2024.10.23	02:33:00.664	0.60428				2
2024.10.23	02:33:05.870	0.60426	0.60430			6
2024.10.23	02:33:07.204	0.60427	0.60432			6
2024.10.23	02:33:07.549	0.60428				2
2024.10.23	02:33:16.055	0.60431	0.60436			6
2024.10.23	02:33:21.120	0.60432				2
2024.10.23	02:33:38.513	0.60431				2
2024.10.23	02:33:46.867	0.60432				2
2024.10.23	02:34:00.359	0.60432				2
2024.10.23	02:34:09.949		0.60434			4
2024.10.23	02:34:12.640	0.60431				2
2024.10.23	02:34:16.949	0.60435	0.60438			6
2024.10.23	02:34:19.256		0.60437			4
2024.10.23	02:34:22.943	0.60434				2
2024.10.23	02:34:24.662	0.60431	0.60434			6
2024.10.23	02:34:25.401	0.60433	0.60436			6
2024.10.23	02:34:25.895		0.60437			4
2024.10.23	02:34:36.629		0.60436			4
2024.10.23	02:34:52.615	0.60429	0.60433			6
2024.10.23	02:35:00.210	0.60429				2
2024.10.23	02:35:00.527	0.60428	0.60432			6
2024.10.23	02:35:01.222		0.60431			4
2024.10.23	02:35:18.271	0.60427	0.60429			6
2024.10.23	02:35:22.038		0.60430			4
2024.10.23	02:35:25.732	0.60428	0.60431			6
2024.10.23	02:35:37.801	0.60427	0.60429			6
2024.10.23	02:35:41.568		0.60430			4
2024.10.23	02:36:00.997	0.60427				2
2024.10.23	02:36:08.209		0.60431			4
2024.10.23	02:36:08.646	0.60428	0.60432			6
2024.10.23	02:36:11.946	0.60431				2
2024.10.23	02:36:12.250	0.60428				2
2024.10.23	02:36:23.745		0.60431			4
2024.10.23	02:36:26.677	0.60427	0.60430			6
2024.10.23	02:36:33.523	0.60428				2
2024.10.23	02:36:37.481	0.60427				2
2024.10.23	02:36:53.149		0.60431			4
2024.10.23	02:37:00.791	0.60427				2
2024.10.23	02:37:01.394		0.60430			4
2024.10.23	02:37:20.874	0.60426				2
2024.10.23	02:37:28.860	0.60427				2
2024.10.23	02:37:32.378		0.60431			4
2024.10.23	02:37:40.833	0.60429	0.60432			6
2024.10.23	02:37:45.561	0.60427	0.60430			6
2024.10.23	02:37:58.572	0.60428	0.60432			6
2024.10.23	02:37:59.364	0.60427	0.60431			6
2024.10.23	02:38:00.037	0.60427				2
2024.10.23	02:38:00.372	0.60428	0.60432			6
2024.10.23	02:38:03.222	0.60429				2
2024.10.23	02:38:05.822	0.60428				2
2024.10.23	02:38:06.185	0.60429				2
2024.10.23	02:38:18.885		0.60431			4
2024.10.23	02:38:20.052		0.60432			4
2024.10.23	02:38:57.990	0.60431	0.60433			6
2024.10.23	02:39:02.879	0.60431				2
2024.10.23	02:39:07.003	0.60432	0.60435			6
2024.10.23	02:39:09.200	0.60433	0.60436			6
2024.10.23	02:39:17.501	0.60432				2
2024.10.23	02:39:25.490	0.60433				2
2024.10.23	02:39:33.473	0.60431	0.60434			6
2024.10.23	02:39:33.791	0.60430				2
2024.10.23	02:39:52.316	0.60431	0.60435			6
2024.10.23	02:39:54.681	0.60430	0.60434			6
2024.10.23	02:40:00.300	0.60430				2
2024.10.23	02:40:06.102	0.60431	0.60435			6
2024.10.23	02:40:09.796	0.60433	0.60436			6
2024.10.23	02:40:14.071	0.60432				2
2024.10.23	02:40:24.346	0.60431	0.60435			6
2024.10.23	02:40:25.715	0.60430	0.60433			6
2024.10.23	02:40:35.867	0.60429				2
2024.10.23	02:40:55.820		0.60432			4
2024.10.23	02:40:56.790	0.60428	0.60431			6
2024.10.23	02:40:58.655		0.60432			4
2024.10.23	02:41:00.144	0.60428				2
2024.10.23	02:41:04.766	0.60431	0.60435			6
2024.10.23	02:41:06.763		0.60434			4
2024.10.23	02:41:11.716	0.60430				2
2024.10.23	02:41:16.956		0.60433			4
2024.10.23	02:41:29.266		0.60434			4
2024.10.23	02:41:41.064	0.60431				2
2024.10.23	02:41:49.557	0.60432				2
2024.10.23	02:41:50.697	0.60435	0.60436			6
2024.10.23	02:41:57.070	0.60436	0.60438			6
2024.10.23	02:42:00.321	0.60436				2
2024.10.23	02:42:02.640		0.60439			4
2024.10.23	02:42:16.991		0.60438			4
2024.10.23	02:42:28.670		0.60437			4
2024.10.23	02:42:30.770		0.60438			4
2024.10.23	02:42:31.082	0.60439	0.60441			6
2024.10.23	02:42:31.790	0.60440				2
2024.10.23	02:42:34.532		0.60443			4
2024.10.23	02:42:35.976	0.60443	0.60445			6
2024.10.23	02:42:37.590		0.60444			4
2024.10.23	02:42:44.086	0.60444	0.60446			6
2024.10.23	02:42:52.972		0.60447			4
2024.10.23	02:42:55.982		0.60446			4
2024.10.23	02:43:00.737	0.60446	0.60447			6
2024.10.23	02:43:01.040	0.60444	0.60446			6
2024.10.23	02:43:07.670	0.60443				2
2024.10.23	02:43:10.044	0.60444				2
2024.10.23	02:43:13.402	0.60443				2
2024.10.23	02:43:29.861	0.60444	0.60447			6
2024.10.23	02:43:31.234	0.60442	0.60443			6
2024.10.23	02:43:31.540	0.60439	0.60442			6
2024.10.23	02:43:33.041	0.60440	0.60443			6
2024.10.23	02:43:45.892	0.60438	0.60441			6
2024.10.23	02:43:56.864	0.60440	0.60443			6
2024.10.23	02:44:00.480	0.60440				2
2024.10.23	02:44:00.798	0.60441				2
2024.10.23	02:44:11.965		0.60444			4
2024.10.23	02:44:25.906	0.60439	0.60442			6
2024.10.23	02:44:28.220	0.60440	0.60443			6
2024.10.23	02:44:32.355	0.60439	0.60442			6
2024.10.23	02:44:35.737	0.60440	0.60443			6
2024.10.23	02:44:36.421	0.60439	0.60442			6
2024.10.23	02:44:37.559	0.60438	0.60441			6
2024.10.23	02:44:39.906	0.60439				2
2024.10.23	02:44:41.826	0.60440	0.60443			6
2024.10.23	02:44:51.502	0.60441	0.60444			6
2024.10.23	02:45:00.655	0.60441				2
2024.10.23	02:45:04.246		0.60445			4
2024.10.23	02:45:05.576	0.60442				2
2024.10.23	02:45:07.208	0.60441				2
2024.10.23	02:45:09.920		0.60444			4
2024.10.23	02:45:10.241		0.60445			4
2024.10.23	02:45:11.870	0.60442				2
2024.10.23	02:45:12.759	0.60441	0.60444			6
2024.10.23	02:45:13.541	0.60442	0.60445			6
2024.10.23	02:45:14.430	0.60441	0.60444			6
2024.10.23	02:45:16.839	0.60444	0.60447			6
2024.10.23	02:45:17.152		0.60446			4
2024.10.23	02:45:18.841		0.60445			4
2024.10.23	02:45:20.540		0.60446			4
2024.10.23	02:45:40.584		0.60447			4
2024.10.23	02:45:42.657	0.60448	0.60451			6
2024.10.23	02:45:43.385		0.60449			4
2024.10.23	02:45:47.911		0.60450			4
2024.10.23	02:45:51.386	0.60447	0.60449			6
2024.10.23	02:46:00.480	0.60447				2
2024.10.23	02:46:02.883		0.60448			4
2024.10.23	02:46:11.121	0.60444	0.60447			6
2024.10.23	02:46:16.133		0.60448			4
2024.10.23	02:46:24.956		0.60447			4
2024.10.23	02:46:31.093		0.60446			4
2024.10.23	02:46:35.730		0.60447			4
2024.10.23	02:46:36.118		0.60446			4
2024.10.23	02:46:37.297		0.60447			4
2024.10.23	02:46:39.455	0.60443	0.60445			6
2024.10.23	02:46:52.959	0.60441	0.60444			6
2024.10.23	02:46:56.215	0.60440	0.60443			6
2024.10.23	02:46:58.781		0.60442			4
2024.10.23	02:46:59.123	0.60439	0.60441			6
2024.10.23	02:47:00.377	0.60439	0.60442			6
2024.10.23	02:47:02.769	0.60441	0.60444			6
2024.10.23	02:47:03.117	0.60442				2
2024.10.23	02:47:04.871		0.60445			4
2024.10.23	02:47:40.583	0.60443				2
2024.10.23	02:47:40.980		0.60446			4
2024.10.23	02:47:46.501	0.60444	0.60448			6
2024.10.23	02:47:48.161	0.60447	0.60449			6
2024.10.23	02:47:49.441		0.60450			4
2024.10.23	02:47:54.451	0.60448				2
2024.10.23	02:48:00.617	0.60448				2
2024.10.23	02:48:10.503	0.60447				2
2024.10.23	02:48:11.382		0.60449			4
2024.10.23	02:48:18.023	0.60444	0.60446			6
2024.10.23	02:48:18.328	0.60443	0.60445			6
2024.10.23	02:48:25.484	0.60441	0.60443			6
2024.10.23	02:49:00.376	0.60441				2
2024.10.23	02:49:01.467	0.60438	0.60441			6
2024.10.23	02:49:12.100	0.60439				2
2024.10.23	02:49:27.926		0.60440			4
2024.10.23	02:49:28.239	0.60438	0.60439			6
2024.10.23	02:49:39.437	0.60439	0.60441			6
2024.10.23	02:49:39.742	0.60440	0.60443			6
2024.10.23	02:49:40.068		0.60442			4
2024.10.23	02:49:44.375	0.60439				2
2024.10.23	02:49:49.622		0.60441			4
2024.10.23	02:50:00.367	0.60439				2
2024.10.23	02:50:02.255	0.60438	0.60440			6
2024.10.23	02:50:04.555		0.60439			4
2024.10.23	02:50:08.952		0.60440			4
2024.10.23	02:50:09.323	0.60439	0.60441			6
2024.10.23	02:50:12.355		0.60442			4
2024.10.23	02:50:13.379	0.60438	0.60439			6
2024.10.23	02:50:29.442	0.60437	0.60438			6
2024.10.23	02:50:41.654	0.60438	0.60439			6
2024.10.23	02:51:00.522	0.60438	0.60440			6
2024.10.23	02:51:00.856		0.60439			4
2024.10.23	02:51:02.749	0.60439	0.60441			6
2024.10.23	02:51:03.100	0.60440	0.60442			6
2024.10.23	02:51:11.072	0.60439	0.60441			6
2024.10.23	02:51:12.573		0.60442			4
2024.10.23	02:51:24.527	0.60440	0.60443			6
2024.10.23	02:52:00.607	0.60440				2
2024.10.23	02:52:07.289	0.60441				2
2024.10.23	02:52:07.588		0.60444			4
2024.10.23	02:52:10.161	0.60442	0.60445			6
2024.10.23	02:52:10.476	0.60443	0.60446			6
2024.10.23	02:52:10.860		0.60445			4
2024.10.23	02:52:22.492	0.60444	0.60446			6
2024.10.23	02:52:31.372	0.60443	0.60445			6
2024.10.23	02:52:33.114		0.60447			4
2024.10.23	02:52:37.986		0.60448			4
2024.10.23	02:52:43.313	0.60444				2
2024.10.23	02:52:48.230	0.60443	0.60447			6
2024.10.23	02:52:51.138	0.60442				2
2024.10.23	02:53:03.158	0.60442				2
2024.10.23	02:53:21.384	0.60441				2
2024.10.23	02:53:36.829	0.60443				2
2024.10.23	02:53:43.014	0.60440	0.60445			6
2024.10.23	02:54:00.451	0.60440				2
2024.10.23	02:54:01.575	0.60441				2
2024.10.23	02:54:09.772		0.60446			4
2024.10.23	02:54:43.405	0.60445	0.60448			6
2024.10.23	02:54:46.566	0.60447	0.60452			6
2024.10.23	02:54:52.869		0.60451			4
2024.10.23	02:54:55.582		0.60450			4
2024.10.23	02:55:00.826	0.60447	0.60451			6
2024.10.23	02:55:01.134		0.60452			4
2024.10.23	02:55:09.080		0.60451			4
2024.10.23	02:55:09.812	0.60446				2
2024.10.23	02:55:12.393	0.60445	0.60450			6
2024.10.23	02:55:18.753	0.60446				2
2024.10.23	02:55:26.319		0.60448			4
2024.10.23	02:55:26.619		0.60451			4
2024.10.23	02:55:39.035	0.60447				2
2024.10.23	02:55:39.465	0.60446				2
2024.10.23	02:55:54.441	0.60449				2
2024.10.23	02:55:56.529	0.60445	0.60449			6
2024.10.23	02:55:59.422	0.60443	0.60448			6
2024.10.23	02:56:00.452	0.60443	0.60447			6
2024.10.23	02:56:02.710		0.60448			4
2024.10.23	02:56:03.028	0.60444				2
2024.10.23	02:56:09.306		0.60447			4
2024.10.23	02:56:31.542		0.60449			4
2024.10.23	02:56:35.924		0.60448			4
2024.10.23	02:56:57.178	0.60447	0.60452			6
2024.10.23	02:57:04.527	0.60448				2
2024.10.23	02:57:05.157		0.60453			4
2024.10.23	02:57:05.473	0.60449				2
2024.10.23	02:57:06.458	0.60448				2
2024.10.23	02:57:09.124		0.60452			4
2024.10.23	02:57:33.086	0.60451	0.60454			6
2024.10.23	02:57:46.859	0.60450				2
2024.10.23	02:58:01.377	0.60450				2
2024.10.23	02:58:13.054		0.60453			4
2024.10.23	02:58:22.481	0.60449				2
2024.10.23	02:58:27.660	0.60448	0.60452			6
2024.10.23	02:58:36.705	0.60449				2
2024.10.23	02:58:37.128	0.60450				2
2024.10.23	02:58:44.420	0.60449				2
2024.10.23	02:58:53.612	0.60448	0.60451			6
2024.10.23	02:58:55.670	0.60449				2
2024.10.23	02:58:55.982	0.60448				2
2024.10.23	02:58:56.541	0.60441	0.60443			6
2024.10.23	02:58:57.243	0.60440	0.60441			6
2024.10.23	02:58:57.754	0.60439				2
2024.10.23	02:58:58.835	0.60437	0.60438			6
2024.10.23	02:58:59.194	0.60438	0.60440			6
2024.10.23	02:59:00.412	0.60438	0.60441			6
2024.10.23	02:59:02.019		0.60439			4
2024.10.23	02:59:02.920		0.60441			4
2024.10.23	02:59:07.327		0.60439			4
2024.10.23	02:59:10.923		0.60440			4
2024.10.23	02:59:11.236	0.60437	0.60439			6
2024.10.23	02:59:17.099	0.60436	0.60437			6
2024.10.23	02:59:27.428	0.60435	0.60436			6
2024.10.23	02:59:29.269	0.60434				2
2024.10.23	02:59:38.795	0.60435				2
2024.10.23	02:59:39.690		0.60437			4
2024.10.23	02:59:44.159		0.60436			4
2024.10.23	02:59:44.464	0.60434	0.60435			6
2024.10.23	03:00:00.320	0.60433	0.60434			6
2024.10.23	03:00:01.013	0.60434	0.60436			6
2024.10.23	03:00:01.314	0.60439	0.60440			6
2024.10.23	03:00:03.043		0.60441			4
2024.10.23	03:00:03.357		0.60440			4
2024.10.23	03:00:03.691	0.60440	0.60441			6
2024.10.23	03:00:06.106	0.60437	0.60438			6
2024.10.23	03:00:06.788		0.60439			4
2024.10.23	03:00:07.611		0.60438			4
2024.10.23	03:00:07.942		0.60439			4
2024.10.23	03:00:08.292		0.60438			4
2024.10.23	03:00:08.604	0.60432	0.60435			6
2024.10.23	03:00:08.907	0.60433				2
2024.10.23	03:00:09.384	0.60434				2
2024.10.23	03:00:09.702	0.60435	0.60436			6
2024.10.23	03:00:10.715	0.60433	0.60435			6
2024.10.23	03:00:11.023	0.60434				2
2024.10.23	03:00:11.331		0.60436			4
2024.10.23	03:00:11.693		0.60435			4
2024.10.23	03:00:12.412	0.60436	0.60437			6
2024.10.23	03:00:13.636	0.60435				2
2024.10.23	03:00:14.165	0.60434	0.60436			6
2024.10.23	03:00:14.470	0.60432	0.60434			6
2024.10.23	03:00:14.860	0.60431				2
2024.10.23	03:00:15.542		0.60433			4
2024.10.23	03:00:15.902		0.60434			4
2024.10.23	03:00:17.261		0.60433			4
2024.10.23	03:00:17.664		0.60434			4
2024.10.23	03:00:17.971	0.60432				2
2024.10.23	03:00:18.469	0.60430	0.60431			6
2024.10.23	03:00:18.946		0.60432			4
2024.10.23	03:00:19.814		0.60431			4
2024.10.23	03:00:20.940	0.60429				2
2024.10.23	03:00:22.207	0.60428	0.60429			6
2024.10.23	03:00:22.569		0.60431			4
2024.10.23	03:00:22.893		0.60430			4
2024.10.23	03:00:23.209	0.60427				2
2024.10.23	03:00:24.327		0.60429			4
2024.10.23	03:00:24.712		0.60430			4
2024.10.23	03:00:26.309	0.60429	0.60431			6
2024.10.23	03:00:29.071		0.60430			4
2024.10.23	03:00:29.375	0.60427				2
2024.10.23	03:00:29.988		0.60429			4
2024.10.23	03:00:31.429	0.60428				2
2024.10.23	03:00:32.593	0.60427	0.60428			6
2024.10.23	03:00:33.358		0.60429			4
2024.10.23	03:00:33.676		0.60428			4
2024.10.23	03:00:34.573		0.60429			4
2024.10.23	03:00:34.878		0.60428			4
2024.10.23	03:00:36.773		0.60429			4
2024.10.23	03:00:37.151		0.60428			4
2024.10.23	03:00:38.321		0.60429			4
2024.10.23	03:00:38.661		0.60428			4
2024.10.23	03:00:38.961		0.60429			4
2024.10.23	03:00:39.304		0.60428			4
2024.10.23	03:00:39.606	0.60424	0.60426			6
2024.10.23	03:00:42.041		0.60427			4
2024.10.23	03:00:42.456		0.60426			4
2024.10.23	03:00:42.858		0.60427			4
2024.10.23	03:00:43.243		0.60426			4
2024.10.23	03:00:44.797	0.60426	0.60427			6
2024.10.23	03:00:45.176	0.60424				2
2024.10.23	03:00:47.048	0.60430	0.60433			6
2024.10.23	03:00:47.830	0.60433	0.60435			6
2024.10.23	03:00:48.135		0.60436			4
2024.10.23	03:00:48.453	0.60436	0.60440			6
2024.10.23	03:00:48.777		0.60439			4
2024.10.23	03:00:50.849		0.60438			4
2024.10.23	03:00:51.418	0.60437				2
2024.10.23	03:00:55.471		0.60439			4
2024.10.23	03:00:55.834		0.60438			4
2024.10.23	03:01:00.490	0.60438	0.60439			6
2024.10.23	03:01:01.618	0.60437	0.60438			6
2024.10.23	03:01:02.236	0.60436	0.60437			6
2024.10.23	03:01:02.559	0.60432	0.60435			6
2024.10.23	03:01:02.864	0.60429	0.60432			6
2024.10.23	03:01:03.167		0.60431			4
2024.10.23	03:01:11.035	0.60423	0.60426			6
2024.10.23	03:01:11.347	0.60424	0.60425			6
2024.10.23	03:01:13.102	0.60422	0.60423			6
2024.10.23	03:01:13.407	0.60419	0.60421			6
2024.10.23	03:01:13.723	0.60415	0.60416			6
2024.10.23	03:01:20.836	0.60411	0.60414			6
2024.10.23	03:01:21.555	0.60412				2
2024.10.23	03:01:25.136	0.60414	0.60415			6
2024.10.23	03:01:28.640	0.60412	0.60413			6
2024.10.23	03:01:28.947	0.60414	0.60415			6
2024.10.23	03:01:32.707		0.60416			4
2024.10.23	03:01:33.027		0.60415			4
2024.10.23	03:01:33.750		0.60416			4
2024.10.23	03:01:34.064		0.60415			4
2024.10.23	03:01:34.370	0.60413	0.60414			6
2024.10.23	03:01:38.461	0.60412				2
2024.10.23	03:01:38.763	0.60413	0.60415			6
2024.10.23	03:01:40.158	0.60414				2
2024.10.23	03:01:41.849		0.60416			4
2024.10.23	03:01:42.207		0.60415			4
2024.10.23	03:01:45.547		0.60416			4
2024.10.23	03:01:45.852		0.60415			4
2024.10.23	03:01:47.189	0.60412	0.60414			6
2024.10.23	03:01:49.069	0.60413				2
2024.10.23	03:01:51.441	0.60414	0.60415			6
2024.10.23	03:01:53.786		0.60416			4
2024.10.23	03:01:54.134	0.60415				2
2024.10.23	03:01:55.267	0.60414				2
2024.10.23	03:01:55.625		0.60415			4
2024.10.23	03:01:56.344	0.60415	0.60416			6
2024.10.23	03:01:56.792		0.60417			4
2024.10.23	03:01:57.623		0.60416			4
2024.10.23	03:01:58.103		0.60417			4
2024.10.23	03:01:58.715	0.60418	0.60419			6
2024.10.23	03:01:59.366		0.60421			4
2024.10.23	03:02:00.143	0.60419				2
2024.10.23	03:02:00.745	0.60417	0.60420			6
2024.10.23	03:02:01.049	0.60418				2
2024.10.23	03:02:01.451	0.60417				2
2024.10.23	03:02:03.188	0.60418				2
2024.10.23	03:02:03.577		0.60419			4
2024.10.23	03:02:04.925	0.60417	0.60418			6
2024.10.23	03:02:05.658		0.60419			4
2024.10.23	03:02:05.973	0.60416	0.60418			6
2024.10.23	03:02:07.520	0.60417				2
2024.10.23	03:02:07.821	0.60418	0.60419			6
2024.10.23	03:02:08.585	0.60417				2
2024.10.23	03:02:09.220		0.60418			4
2024.10.23	03:02:09.909	0.60418	0.60419			6
2024.10.23	03:02:10.259	0.60417	0.60418			6
2024.10.23	03:02:10.662		0.60419			4
2024.10.23	03:02:10.964		0.60418			4
2024.10.23	03:02:11.485	0.60416				2
2024.10.23	03:02:13.053	0.60412	0.60414			6
2024.10.23	03:02:16.505	0.60410	0.60412			6
2024.10.23	03:02:17.941	0.60412	0.60414			6
2024.10.23	03:02:18.425		0.60415			4
2024.10.23	03:02:21.104	0.60413				2
2024.10.23	03:02:23.591	0.60412				2
2024.10.23	03:02:29.719	0.60411	0.60414			6
2024.10.23	03:02:30.934	0.60412				2
2024.10.23	03:02:35.981		0.60415			4
2024.10.23	03:02:36.988	0.60413				2
2024.10.23	03:02:37.292	0.60412				2
2024.10.23	03:02:38.191	0.60413				2
2024.10.23	03:02:39.824	0.60414	0.60416			6
2024.10.23	03:02:43.817	0.60415				2
2024.10.23	03:02:44.482	0.60413				2
2024.10.23	03:02:46.995	0.60414				2
2024.10.23	03:02:51.124	0.60415				2
2024.10.23	03:02:52.332	0.60417	0.60418			6
2024.10.23	03:02:54.502	0.60416	0.60417			6
2024.10.23	03:02:55.314	0.60417	0.60418			6
2024.10.23	03:02:55.617	0.60418	0.60419			6
2024.10.23	03:02:55.971	0.60417				2
2024.10.23	03:02:58.450		0.60418			4
2024.10.23	03:02:58.927		0.60419			4
2024.10.23	03:02:59.729	0.60416	0.60418			6
2024.10.23	03:03:00.060	0.60413	0.60415			6
2024.10.23	03:03:00.364	0.60412	0.60414			6
2024.10.23	03:03:00.723		0.60415			4
2024.10.23	03:03:01.324		0.60414			4
2024.10.23	03:03:01.626		0.60415			4
2024.10.23	03:03:02.859		0.60414			4
2024.10.23	03:03:05.082		0.60415			4
2024.10.23	03:03:05.887		0.60414			4
2024.10.23	03:03:10.669		0.60415			4
2024.10.23	03:03:11.235		0.60414			4
2024.10.23	03:03:11.549		0.60415			4
2024.10.23	03:03:13.708	0.60410	0.60413			6
2024.10.23	03:03:14.097		0.60412			4
2024.10.23	03:03:18.841	0.60409				2
2024.10.23	03:03:19.148		0.60411			4
2024.10.23	03:03:19.597	0.60410				2
2024.10.23	03:03:23.396		0.60412			4
2024.10.23	03:03:24.507	0.60411				2
2024.10.23	03:03:26.744	0.60412	0.60415			6
2024.10.23	03:03:37.697	0.60414	0.60416			6
2024.10.23	03:03:38.006	0.60415	0.60417			6
2024.10.23	03:03:38.323	0.60413	0.60416			6
2024.10.23	03:03:43.318	0.60414	0.60417			6
2024.10.23	03:03:46.649	0.60413				2
2024.10.23	03:03:48.221	0.60414				2
2024.10.23	03:03:49.264		0.60416			4
2024.10.23	03:03:50.368		0.60417			4
2024.10.23	03:03:52.120	0.60415				2
2024.10.23	03:03:58.134	0.60416	0.60419			6
2024.10.23	03:03:58.443	0.60417	0.60421			6
2024.10.23	03:03:58.744	0.60419				2
2024.10.23	03:04:00.037	0.60419				2
2024.10.23	03:04:01.385	0.60418				2
2024.10.23	03:04:06.594	0.60417				2
2024.10.23	03:04:09.885		0.60420			4
2024.10.23	03:04:11.812	0.60414	0.60417			6
2024.10.23	03:04:12.843	0.60415				2
2024.10.23	03:04:14.967	0.60416	0.60419			6
2024.10.23	03:04:15.861		0.60418			4
2024.10.23	03:04:17.129	0.60415				2
2024.10.23	03:04:17.517	0.60416				2
2024.10.23	03:04:36.418	0.60420	0.60422			6
2024.10.23	03:04:38.547	0.60416	0.60420			6
2024.10.23	03:04:38.850		0.60419			4
2024.10.23	03:04:39.391	0.60415	0.60418			6
2024.10.23	03:04:46.873	0.60414	0.60417			6
2024.10.23	03:04:47.197		0.60416			4
2024.10.23	03:04:47.510	0.60413				2
2024.10.23	03:04:50.359	0.60414	0.60417			6
2024.10.23	03:04:50.664	0.60415				2
2024.10.23	03:04:51.212	0.60414	0.60416			6
2024.10.23	03:04:52.234		0.60417			4
2024.10.23	03:04:55.092	0.60415				2
2024.10.23	03:04:56.461	0.60414				2
2024.10.23	03:04:58.609	0.60415				2
2024.10.23	03:04:59.932	0.60414				2
2024.10.23	03:05:00.320	0.60414				2
2024.10.23	03:05:03.387	0.60415	0.60418			6
2024.10.23	03:05:05.806		0.60417			4
2024.10.23	03:05:06.354	0.60413	0.60416			6
2024.10.23	03:05:09.400	0.60414	0.60417			6
2024.10.23	03:05:09.705	0.60415				2
2024.10.23	03:05:10.030	0.60416	0.60418			6
2024.10.23	03:05:13.770	0.60418	0.60421			6
2024.10.23	03:05:18.871	0.60419				2
2024.10.23	03:05:20.640	0.60418				2
2024.10.23	03:05:23.804	0.60420	0.60422			6
2024.10.23	03:05:24.245	0.60422	0.60425			6
2024.10.23	03:05:25.441	0.60423	0.60426			6
2024.10.23	03:05:25.825	0.60425	0.60427			6
2024.10.23	03:05:26.143	0.60424				2
2024.10.23	03:05:26.486		0.60426			4
2024.10.23	03:05:26.802	0.60423				2
2024.10.23	03:05:31.576	0.60422	0.60425			6
2024.10.23	03:05:32.791	0.60423				2
2024.10.23	03:05:33.869	0.60424	0.60427			6
2024.10.23	03:05:34.521		0.60426			4
2024.10.23	03:05:34.941	0.60423				2
2024.10.23	03:05:36.574	0.60422	0.60425			6
2024.10.23	03:05:40.758	0.60423	0.60426			6
2024.10.23	03:05:42.229		0.60425			4
2024.10.23	03:05:43.059	0.60424	0.60427			6
2024.10.23	03:05:43.867	0.60420	0.60423			6
2024.10.23	03:05:44.202	0.60421	0.60424			6
2024.10.23	03:05:44.969	0.60420	0.60423			6
2024.10.23	03:05:46.586	0.60419	0.60422			6
2024.10.23	03:05:47.209	0.60418				2
2024.10.23	03:05:49.160	0.60421	0.60425			6
2024.10.23	03:05:51.418	0.60419	0.60422			6
2024.10.23	03:05:54.839	0.60418				2
2024.10.23	03:05:56.631	0.60419				2
2024.10.23	03:05:57.331	0.60423	0.60426			6
2024.10.23	03:05:57.952		0.60427			4
2024.10.23	03:06:00.094	0.60423				2
2024.10.23	03:06:01.576	0.60418	0.60422			6
2024.10.23	03:06:03.866	0.60419				2
2024.10.23	03:06:06.005	0.60418				2
2024.10.23	03:06:06.334	0.60419				2
2024.10.23	03:06:06.775	0.60418				2
2024.10.23	03:06:07.838	0.60419				2
2024.10.23	03:06:08.454	0.60420				2
2024.10.23	03:06:09.659		0.60421			4
2024.10.23	03:06:16.401	0.60421	0.60423			6
2024.10.23	03:06:18.699	0.60422	0.60425			6
2024.10.23	03:06:24.547	0.60424	0.60426			6
2024.10.23	03:06:24.860	0.60423				2
2024.10.23	03:06:27.196	0.60421	0.60424			6
2024.10.23	03:06:28.313	0.60420	0.60423			6
2024.10.23	03:06:30.180	0.60422				2
2024.10.23	03:06:30.484	0.60424	0.60427			6
2024.10.23	03:06:30.804	0.60423	0.60426			6
2024.10.23	03:06:32.122		0.60427			4
2024.10.23	03:06:33.089		0.60426			4
2024.10.23	03:06:33.438	0.60424	0.60427			6
2024.10.23	03:06:35.074	0.60423	0.60426			6
2024.10.23	03:06:35.399	0.60424				2
2024.10.23	03:06:36.740		0.60427			4
2024.10.23	03:06:42.502	0.60423	0.60426			6
2024.10.23	03:06:43.200	0.60424	0.60427			6
2024.10.23	03:06:45.109	0.60423	0.60425			6
2024.10.23	03:06:45.435	0.60421	0.60424			6
2024.10.23	03:06:46.265		0.60423			4
2024.10.23	03:06:46.595	0.60419	0.60421			6
2024.10.23	03:06:46.906		0.60422			4
2024.10.23	03:06:48.350		0.60421			4
2024.10.23	03:06:49.758		0.60422			4
2024.10.23	03:06:50.139		0.60421			4
2024.10.23	03:06:50.781		0.60422			4
2024.10.23	03:06:51.165	0.60420				2
2024.10.23	03:06:51.501	0.60419				2
2024.10.23	03:06:51.922		0.60421			4
2024.10.23	03:06:53.376	0.60415	0.60416			6
2024.10.23	03:06:54.664	0.60420	0.60421			6
2024.10.23	03:06:55.928		0.60422			4
2024.10.23	03:07:00.202	0.60420	0.60421			6
2024.10.23	03:07:00.505		0.60422			4
2024.10.23	03:07:00.810	0.60424	0.60425			6
2024.10.23	03:07:01.113		0.60426			4
2024.10.23	03:07:10.303	0.60428	0.60431			6
2024.10.23	03:07:10.921	0.60429				2
2024.10.23	03:07:11.397	0.60428				2
2024.10.23	03:07:17.542	0.60430				2
2024.10.23	03:07:17.843	0.60428				2
2024.10.23	03:07:19.438	0.60426	0.60428			6
2024.10.23	03:07:20.556	0.60425				2
2024.10.23	03:07:24.513		0.60427			4
2024.10.23	03:07:25.289		0.60428			4
2024.10.23	03:07:29.818	0.60423	0.60426			6
2024.10.23	03:07:31.459	0.60425	0.60427			6
2024.10.23	03:07:41.549	0.60424	0.60425			6
2024.10.23	03:07:45.134	0.60419	0.60421			6
2024.10.23	03:07:50.270		0.60422			4
2024.10.23	03:07:50.595	0.60420				2
2024.10.23	03:07:55.476	0.60419				2
2024.10.23	03:07:56.131		0.60421			4
2024.10.23	03:07:57.776	0.60420	0.60423			6
2024.10.23	03:08:00.110	0.60420				2
2024.10.23	03:08:00.410	0.60419	0.60422			6
2024.10.23	03:08:01.067		0.60421			4
2024.10.23	03:08:06.589		0.60420			4
2024.10.23	03:08:06.904	0.60417				2
2024.10.23	03:08:08.196	0.60416	0.60418			6
2024.10.23	03:08:08.994	0.60415				2
2024.10.23	03:08:09.309	0.60416	0.60419			6
2024.10.23	03:08:12.387	0.60415	0.60418			6
2024.10.23	03:08:16.482	0.60413	0.60416			6
2024.10.23	03:08:17.415	0.60414	0.60417			6
2024.10.23	03:08:19.052	0.60413	0.60415			6
2024.10.23	03:08:20.955	0.60412	0.60414			6
2024.10.23	03:08:21.267		0.60415			4
2024.10.23	03:08:21.568	0.60414	0.60417			6
2024.10.23	03:08:21.879	0.60415				2
2024.10.23	03:08:22.901	0.60416				2
2024.10.23	03:08:24.720	0.60417	0.60418			6
2024.10.23	03:08:25.034	0.60416				2
2024.10.23	03:08:26.044	0.60418	0.60421			6
2024.10.23	03:08:26.366	0.60417	0.60420			6
2024.10.23	03:08:33.806	0.60418				2
2024.10.23	03:08:34.840	0.60417				2
2024.10.23	03:08:39.508	0.60418				2
2024.10.23	03:08:40.668	0.60420	0.60423			6
2024.10.23	03:08:41.943	0.60419	0.60422			6
2024.10.23	03:08:49.679		0.60421			4
2024.10.23	03:08:50.383	0.60420	0.60422			6
2024.10.23	03:08:50.809		0.60423			4
2024.10.23	03:08:52.518	0.60419	0.60422			6
2024.10.23	03:08:52.925	0.60420				2
2024.10.23	03:08:53.379		0.60423			4
2024.10.23	03:08:58.276	0.60421	0.60424			6
2024.10.23	03:08:58.585	0.60422	0.60425			6
2024.10.23	03:09:00.493	0.60422				2
2024.10.23	03:09:07.195	0.60421	0.60424			6
2024.10.23	03:09:07.521	0.60422	0.60425			6
2024.10.23	03:09:07.824	0.60424	0.60426			6
2024.10.23	03:09:10.317		0.60427			4
2024.10.23	03:09:12.258		0.60426			4
2024.10.23	03:09:13.482		0.60427			4
2024.10.23	03:09:13.801		0.60426			4
2024.10.23	03:09:17.754		0.60427			4
2024.10.23	03:09:20.751	0.60423	0.60426			6
2024.10.23	03:09:21.063	0.60424	0.60427			6
2024.10.23	03:09:29.182	0.60425	0.60428			6
2024.10.23	03:09:29.494		0.60427			4
2024.10.23	03:09:30.563		0.60428			4
2024.10.23	03:09:31.362	0.60424	0.60426			6
2024.10.23	03:09:31.663	0.60423				2
2024.10.23	03:09:34.600		0.60425			4
2024.10.23	03:09:35.006		0.60426			4
2024.10.23	03:09:38.578	0.60421	0.60423			6
2024.10.23	03:09:39.604	0.60422	0.60424			6
2024.10.23	03:09:40.629		0.60425			4
2024.10.23	03:09:40.963	0.60421	0.60424			6
2024.10.23	03:09:48.050	0.60422	0.60425			6
2024.10.23	03:09:49.377	0.60423	0.60426			6
2024.10.23	03:09:56.798		0.60425			4
2024.10.23	03:09:58.211		0.60426			4
2024.10.23	03:10:00.136	0.60423				2
2024.10.23	03:10:00.443		0.60425			4
2024.10.23	03:10:01.501	0.60422	0.60424			6
2024.10.23	03:10:08.609	0.60419	0.60421			6
2024.10.23	03:10:08.934	0.60420	0.60423			6
2024.10.23	03:10:10.780	0.60419	0.60422			6
2024.10.23	03:10:11.355	0.60416	0.60419			6
2024.10.23	03:10:16.524	0.60414	0.60417			6
2024.10.23	03:10:17.156	0.60413	0.60416			6
2024.10.23	03:10:17.591		0.60415			4
2024.10.23	03:10:21.508	0.60411	0.60413			6
2024.10.23	03:10:26.377	0.60410				2
2024.10.23	03:10:26.710	0.60411				2
2024.10.23	03:10:29.501	0.60410				2
2024.10.23	03:10:34.221	0.60409	0.60411			6
2024.10.23	03:10:35.072	0.60408	0.60410			6
2024.10.23	03:10:35.385		0.60411			4
2024.10.23	03:10:36.411		0.60410			4
2024.10.23	03:10:39.356		0.60411			4
2024.10.23	03:10:41.115	0.60409				2
2024.10.23	03:10:44.193	0.60407	0.60410			6
2024.10.23	03:10:47.354	0.60408				2
2024.10.23	03:10:48.156		0.60411			4
2024.10.23	03:10:48.463		0.60410			4
2024.10.23	03:10:49.679		0.60411			4
2024.10.23	03:10:51.230	0.60409				2
2024.10.23	03:10:54.518	0.60408				2
2024.10.23	03:10:55.563	0.60409				2
2024.10.23	03:10:58.275		0.60412			4
2024.10.23	03:10:58.988	0.60416	0.60419			6
2024.10.23	03:10:59.292		0.60418			4
2024.10.23	03:10:59.619	0.60417	0.60419			6
2024.10.23	03:10:59.971		0.60420			4
2024.10.23	03:11:00.371	0.60418				2
2024.10.23	03:11:03.136		0.60421			4
2024.10.23	03:11:04.289		0.60420			4
2024.10.23	03:11:04.631		0.60421			4
2024.10.23	03:11:06.604		0.60420			4
2024.10.23	03:11:06.910		0.60421			4
2024.10.23	03:11:08.727	0.60419				2
2024.10.23	03:11:09.042	0.60418				2
2024.10.23	03:11:10.004	0.60419	0.60422			6
2024.10.23	03:11:10.759	0.60418	0.60421			6
2024.10.23	03:11:11.071		0.60420			4
2024.10.23	03:11:11.988	0.60417				2
2024.10.23	03:11:12.380	0.60418				2
2024.10.23	03:11:14.949		0.60421			4
2024.10.23	03:11:17.205		0.60420			4
2024.10.23	03:11:21.413	0.60417	0.60419			6
2024.10.23	03:11:23.455	0.60415	0.60417			6
2024.10.23	03:11:24.726		0.60418			4
2024.10.23	03:11:26.201	0.60414	0.60417			6
2024.10.23	03:11:26.835		0.60416			4
2024.10.23	03:11:28.447	0.60413	0.60415			6
2024.10.23	03:11:31.082	0.60414	0.60416			6
2024.10.23	03:11:32.846	0.60413	0.60415			6
2024.10.23	03:11:33.265		0.60416			4
2024.10.23	03:11:38.302	0.60414				2
2024.10.23	03:11:38.605		0.60417			4
2024.10.23	03:11:38.914		0.60416			4
2024.10.23	03:11:39.742		0.60415			4
2024.10.23	03:11:40.049	0.60413	0.60416			6
2024.10.23	03:11:41.933		0.60415			4
2024.10.23	03:11:42.243	0.60412				2
2024.10.23	03:11:43.861		0.60414			4
2024.10.23	03:11:44.505		0.60415			4
2024.10.23	03:11:47.327		0.60414			4
2024.10.23	03:11:56.297	0.60410	0.60412			6
2024.10.23	03:11:56.671	0.60411				2
2024.10.23	03:11:56.983		0.60413			4
2024.10.23	03:12:01.148	0.60413	0.60415			6
2024.10.23	03:12:03.679	0.60414	0.60416			6
2024.10.23	03:12:08.422	0.60413				2
2024.10.23	03:12:11.082	0.60414				2
2024.10.23	03:12:11.491	0.60413	0.60415			6
2024.10.23	03:12:12.468	0.60412				2
2024.10.23	03:12:13.170		0.60414			4
2024.10.23	03:12:13.657		0.60415			4
2024.10.23	03:12:15.666	0.60413	0.60414			6
2024.10.23	03:12:15.976	0.60415	0.60416			6
2024.10.23	03:12:16.609	0.60412	0.60414			6
2024.10.23	03:12:20.325		0.60415			4
2024.10.23	03:12:21.514		0.60414			4
2024.10.23	03:12:21.975		0.60415			4
2024.10.23	03:12:23.716	0.60413				2
2024.10.23	03:12:26.591	0.60412				2
2024.10.23	03:12:34.453	0.60413				2
2024.10.23	03:12:38.402	0.60412				2
2024.10.23	03:12:38.854	0.60413				2
2024.10.23	03:12:42.581		0.60416			4
2024.10.23	03:12:42.882		0.60415			4
2024.10.23	03:12:46.003	0.60410	0.60413			6
2024.10.23	03:12:46.307	0.60412				2
2024.10.23	03:12:46.632		0.60414			4
2024.10.23	03:12:47.376	0.60410	0.60412			6
2024.10.23	03:12:50.763	0.60407	0.60409			6
2024.10.23	03:12:51.087	0.60408				2
2024.10.23	03:12:51.471		0.60410			4
2024.10.23	03:12:52.125		0.60411			4
2024.10.23	03:12:53.364		0.60410			4
2024.10.23	03:12:54.193		0.60411			4
2024.10.23	03:12:56.904	0.60413	0.60415			6
2024.10.23	03:12:57.714	0.60414	0.60417			6
2024.10.23	03:12:58.794	0.60413	0.60415			6
2024.10.23	03:12:59.324	0.60414				2
2024.10.23	03:12:59.838	0.60417	0.60419			6
2024.10.23	03:13:00.144	0.60418	0.60420			6
2024.10.23	03:13:00.741	0.60421	0.60423			6
2024.10.23	03:13:01.043		0.60424			4
2024.10.23	03:13:01.354		0.60423			4
2024.10.23	03:13:02.398		0.60424			4
2024.10.23	03:13:03.701		0.60423			4
2024.10.23	03:13:05.718		0.60424			4
2024.10.23	03:13:06.353	0.60419	0.60420			6
2024.10.23	03:13:06.817	0.60417				2
2024.10.23	03:13:09.621		0.60419			4
2024.10.23	03:13:09.923	0.60418	0.60420			6
2024.10.23	03:13:11.349	0.60417				2
2024.10.23	03:13:14.152	0.60418				2
2024.10.23	03:13:18.113	0.60417				2
2024.10.23	03:13:21.376		0.60419			4
2024.10.23	03:13:21.712	0.60416	0.60418			6
2024.10.23	03:13:22.191		0.60419			4
2024.10.23	03:13:24.279		0.60418			4
2024.10.23	03:13:25.103	0.60413	0.60416			6
2024.10.23	03:13:29.437	0.60412	0.60415			6
2024.10.23	03:13:36.787	0.60414	0.60417			6
2024.10.23	03:13:37.091	0.60417	0.60420			6
2024.10.23	03:13:41.380		0.60419			4
2024.10.23	03:13:42.766		0.60420			4
2024.10.23	03:13:47.266	0.60420	0.60422			6
2024.10.23	03:13:47.581	0.60421	0.60424			6
2024.10.23	03:13:49.340	0.60422	0.60425			6
2024.10.23	03:13:51.464		0.60424			4
2024.10.23	03:13:56.744		0.60425			4
2024.10.23	03:13:57.825		0.60424			4
2024.10.23	03:13:58.141	0.60421				2
2024.10.23	03:14:00.202	0.60421				2
2024.10.23	03:14:13.039	0.60418	0.60420			6
2024.10.23	03:14:15.167	0.60417				2
2024.10.23	03:14:19.491	0.60419	0.60421			6
2024.10.23	03:14:20.744	0.60420	0.60422			6
2024.10.23	03:14:21.075		0.60423			4
2024.10.23	03:14:23.021	0.60419	0.60420			6
2024.10.23	03:14:23.322		0.60421			4
2024.10.23	03:14:23.630	0.60420	0.60423			6
2024.10.23	03:14:28.613	0.60422	0.60425			6
2024.10.23	03:14:28.920		0.60424			4
2024.10.23	03:14:31.701	0.60421				2
2024.10.23	03:14:33.719	0.60422				2
2024.10.23	03:14:39.112		0.60425			4
2024.10.23	03:14:40.869		0.60424			4
2024.10.23	03:14:42.541	0.60421				2
2024.10.23	03:14:43.938	0.60420	0.60422			6
2024.10.23	03:14:45.832	0.60419				2
2024.10.23	03:14:46.817	0.60420				2
2024.10.23	03:14:49.070	0.60419				2
2024.10.23	03:14:50.174		0.60421			4
2024.10.23	03:14:52.409	0.60420	0.60422			6
2024.10.23	03:14:52.719	0.60421	0.60424			6
2024.10.23	03:14:54.073	0.60422	0.60425			6
2024.10.23	03:14:54.722		0.60424			4
2024.10.23	03:14:59.317	0.60420	0.60422			6
2024.10.23	03:15:00.539	0.60420				2
2024.10.23	03:15:01.687	0.60422	0.60424			6
2024.10.23	03:15:05.755	0.60421				2
2024.10.23	03:15:14.059		0.60423			4
2024.10.23	03:15:14.427		0.60424			4
2024.10.23	03:15:16.823	0.60422	0.60425			6
2024.10.23	03:15:17.177	0.60423				2
2024.10.23	03:15:17.479	0.60422				2
2024.10.23	03:15:20.453	0.60424	0.60427			6
2024.10.23	03:15:20.771	0.60425				2
2024.10.23	03:15:21.550	0.60424				2
2024.10.23	03:15:22.447		0.60426			4
2024.10.23	03:15:22.961		0.60427			4
2024.10.23	03:15:24.040		0.60426			4
2024.10.23	03:15:25.699		0.60427			4
2024.10.23	03:15:25.999	0.60425				2
2024.10.23	03:15:28.879	0.60426				2
2024.10.23	03:15:30.519	0.60424				2
2024.10.23	03:15:31.778	0.60422	0.60423			6
2024.10.23	03:15:32.435	0.60421				2
2024.10.23	03:15:32.800	0.60419	0.60422			6
2024.10.23	03:15:33.194	0.60418	0.60421			6
2024.10.23	03:15:42.864	0.60419				2
2024.10.23	03:15:44.577	0.60418				2
2024.10.23	03:15:46.560		0.60420			4
2024.10.23	03:15:50.540		0.60421			4
2024.10.23	03:15:50.845	0.60419				2
2024.10.23	03:15:52.497	0.60420	0.60422			6
2024.10.23	03:15:53.418		0.60423			4
2024.10.23	03:15:54.950		0.60422			4
2024.10.23	03:15:55.469	0.60419	0.60421			6
2024.10.23	03:15:56.756	0.60420	0.60422			6
2024.10.23	03:15:57.063	0.60419				2
2024.10.23	03:15:58.354		0.60421			4
2024.10.23	03:16:00.598	0.60419				2
2024.10.23	03:16:01.338	0.60420				2
2024.10.23	03:16:03.639	0.60419	0.60422			6
2024.10.23	03:16:07.291		0.60421			4
2024.10.23	03:16:08.156	0.60420	0.60422			6
2024.10.23	03:16:08.784	0.60419				2
2024.10.23	03:16:09.584	0.60420				2
2024.10.23	03:16:10.576	0.60419				2
2024.10.23	03:16:13.171	0.60420	0.60421			6
2024.10.23	03:16:13.480	0.60418				2
2024.10.23	03:16:13.811	0.60419				2
2024.10.23	03:16:18.419	0.60418				2
2024.10.23	03:16:20.354	0.60419				2
2024.10.23	03:16:22.689	0.60420	0.60422			6
2024.10.23	03:16:35.222	0.60419				2
2024.10.23	03:16:36.292	0.60420				2
2024.10.23	03:16:37.081	0.60419	0.60421			6
2024.10.23	03:16:38.358	0.60418				2
2024.10.23	03:16:54.281	0.60419	0.60422			6
2024.10.23	03:16:55.195	0.60418	0.60421			6
2024.10.23	03:16:55.892	0.60419	0.60422			6
2024.10.23	03:17:00.220	0.60419				2
2024.10.23	03:17:01.159		0.60421			4
2024.10.23	03:17:05.552		0.60422			4
2024.10.23	03:17:11.575	0.60418	0.60421			6
2024.10.23	03:17:23.487	0.60419				2
2024.10.23	03:17:26.902	0.60418				2
2024.10.23	03:17:29.334	0.60417	0.60419			6
2024.10.23	03:17:29.644	0.60418	0.60420			6
2024.10.23	03:17:32.204	0.60415	0.60417			6
2024.10.23	03:17:32.516	0.60417	0.60420			6
2024.10.23	03:17:36.972	0.60418	0.60421			6
2024.10.23	03:17:49.931	0.60417	0.60420			6
2024.10.23	03:17:50.938	0.60418				2
2024.10.23	03:17:51.686		0.60421			4
2024.10.23	03:17:53.137		0.60420			4
2024.10.23	03:17:54.433	0.60417				2
2024.10.23	03:18:00.300	0.60417				2
2024.10.23	03:18:00.921		0.60419			4
2024.10.23	03:18:03.263	0.60415	0.60417			6
2024.10.23	03:18:03.568		0.60418			4
2024.10.23	03:18:07.662	0.60417	0.60420			6
2024.10.23	03:18:19.808	0.60415	0.60418			6
2024.10.23	03:18:28.121	0.60416	0.60419			6
2024.10.23	03:18:28.424	0.60417	0.60420			6
2024.10.23	03:18:29.356	0.60418				2
2024.10.23	03:18:29.696	0.60417				2
2024.10.23	03:18:34.699	0.60418				2
2024.10.23	03:18:35.007		0.60421			4
2024.10.23	03:18:37.982		0.60420			4
2024.10.23	03:18:42.346		0.60421			4
2024.10.23	03:18:46.335		0.60419			4
2024.10.23	03:18:46.651		0.60421			4
2024.10.23	03:18:47.315	0.60417				2
2024.10.23	03:18:50.423	0.60418				2
2024.10.23	03:18:53.659	0.60417				2
2024.10.23	03:18:55.028	0.60418				2
2024.10.23	03:19:00.439	0.60419	0.60423			6
2024.10.23	03:19:01.536	0.60420				2
2024.10.23	03:19:18.451	0.60421				2
2024.10.23	03:19:22.827	0.60420				2
2024.10.23	03:19:29.512	0.60421	0.60424			6
2024.10.23	03:19:30.923	0.60420	0.60423			6
2024.10.23	03:19:34.267		0.60424			4
2024.10.23	03:19:39.113		0.60423			4
2024.10.23	03:19:54.386	0.60419	0.60422			6
2024.10.23	03:19:59.068		0.60423			4
2024.10.23	03:20:00.280	0.60419				2
2024.10.23	03:20:06.417		0.60422			4
2024.10.23	03:20:13.681	0.60420	0.60423			6
2024.10.23	03:20:14.360	0.60419				2
2024.10.23	03:20:15.609		0.60422			4
2024.10.23	03:20:23.080	0.60421	0.60423			6
2024.10.23	03:20:23.386		0.60424			4
2024.10.23	03:20:30.982	0.60420	0.60423			6
2024.10.23	03:20:48.852	0.60419				2
2024.10.23	03:20:51.164	0.60420				2
2024.10.23	03:20:53.004	0.60419				2
2024.10.23	03:20:53.913		0.60422			4
2024.10.23	03:21:00.122	0.60418	0.60421			6
2024.10.23	03:21:00.423	0.60419	0.60422			6
2024.10.23	03:21:00.741		0.60423			4
2024.10.23	03:21:01.425	0.60420				2
2024.10.23	03:21:03.608	0.60419				2
2024.10.23	03:21:03.958	0.60420				2
2024.10.23	03:21:05.218	0.60419	0.60422			6
2024.10.23	03:21:07.953	0.60418	0.60419			6
2024.10.23	03:21:08.263	0.60416				2
2024.10.23	03:21:13.737	0.60415				2
2024.10.23	03:21:18.777	0.60414	0.60417			6
2024.10.23	03:21:22.015	0.60415	0.60418			6
2024.10.23	03:21:23.990	0.60417	0.60420			6
2024.10.23	03:21:26.038	0.60418	0.60421			6
2024.10.23	03:21:27.058	0.60417	0.60419			6
2024.10.23	03:21:31.254	0.60415	0.60418			6
2024.10.23	03:21:34.110	0.60414	0.60417			6
2024.10.23	03:21:38.908	0.60416	0.60419			6
2024.10.23	03:21:40.592		0.60418			4
2024.10.23	03:21:40.924		0.60419			4
2024.10.23	03:21:42.268	0.60415	0.60418			6
2024.10.23	03:21:45.159		0.60417			4
2024.10.23	03:21:46.313	0.60414				2
2024.10.23	03:21:57.672	0.60415	0.60416			6
2024.10.23	03:21:59.044	0.60414	0.60417			6
2024.10.23	03:22:00.457	0.60414				2
2024.10.23	03:22:06.236	0.60413	0.60416			6
2024.10.23	03:22:06.556		0.60415			4
2024.10.23	03:22:07.119		0.60416			4
2024.10.23	03:22:07.881		0.60415			4
2024.10.23	03:22:08.487		0.60416			4
2024.10.23	03:22:08.813		0.60415			4
2024.10.23	03:22:09.585		0.60416			4
2024.10.23	03:22:10.098		0.60415			4
2024.10.23	03:22:11.241		0.60416			4
2024.10.23	03:22:11.620		0.60415			4
2024.10.23	03:22:12.541		0.60416			4
2024.10.23	03:22:14.144	0.60414	0.60417			6
2024.10.23	03:22:14.522		0.60416			4
2024.10.23	03:22:14.901		0.60417			4
2024.10.23	03:22:15.319		0.60416			4
2024.10.23	03:22:15.624		0.60417			4
2024.10.23	03:22:33.948		0.60416			4
2024.10.23	03:22:34.321		0.60417			4
2024.10.23	03:22:48.183	0.60415	0.60418			6
2024.10.23	03:22:51.028	0.60416	0.60419			6
2024.10.23	03:22:51.721		0.60418			4
2024.10.23	03:22:53.746		0.60419			4
2024.10.23	03:22:54.049	0.60417	0.60420			6
2024.10.23	03:22:54.373	0.60418				2
2024.10.23	03:22:54.892	0.60417				2
2024.10.23	03:22:55.228	0.60418				2
2024.10.23	03:22:56.481		0.60421			4
2024.10.23	03:22:58.650	0.60417	0.60420			6
2024.10.23	03:22:58.953	0.60420	0.60422			6
2024.10.23	03:22:59.266	0.60422	0.60424			6
2024.10.23	03:23:01.702	0.60422				2
2024.10.23	03:23:03.835	0.60421				2
2024.10.23	03:23:04.149	0.60422				2
2024.10.23	03:23:04.921	0.60421				2
2024.10.23	03:23:05.226	0.60422				2
2024.10.23	03:23:06.500	0.60421				2
2024.10.23	03:23:08.736	0.60429	0.60431			6
2024.10.23	03:23:09.045	0.60428	0.60430			6
2024.10.23	03:23:09.388	0.60427	0.60429			6
2024.10.23	03:23:10.872	0.60429	0.60430			6
2024.10.23	03:23:11.184	0.60427	0.60429			6
2024.10.23	03:23:12.022		0.60430			4
2024.10.23	03:23:13.831	0.60428				2
2024.10.23	03:23:14.158		0.60431			4
2024.10.23	03:23:14.461	0.60429				2
2024.10.23	03:23:16.027	0.60430				2
2024.10.23	03:23:16.341	0.60429				2
2024.10.23	03:23:19.627		0.60430			4
2024.10.23	03:23:25.599	0.60428				2
2024.10.23	03:23:30.222		0.60431			4
2024.10.23	03:23:34.569		0.60430			4
2024.10.23	03:23:35.746	0.60431	0.60432			6
2024.10.23	03:23:36.065	0.60433	0.60436			6
2024.10.23	03:23:36.383		0.60435			4
2024.10.23	03:23:42.715	0.60435	0.60436			6
2024.10.23	03:23:43.027	0.60436	0.60438			6
2024.10.23	03:23:43.332		0.60439			4
2024.10.23	03:23:43.982		0.60438			4
2024.10.23	03:23:51.442	0.60434	0.60437			6
2024.10.23	03:24:00.307	0.60434				2
2024.10.23	03:24:03.400	0.60438	0.60439			6
2024.10.23	03:24:03.806		0.60440			4
2024.10.23	03:24:06.555	0.60439				2
2024.10.23	03:24:06.862		0.60441			4
2024.10.23	03:24:07.589	0.60437	0.60439			6
2024.10.23	03:24:07.947	0.60438				2
2024.10.23	03:24:08.432	0.60437				2
2024.10.23	03:24:09.093		0.60440			4
2024.10.23	03:24:09.815	0.60438				2
2024.10.23	03:24:10.202	0.60437				2
2024.10.23	03:24:10.535	0.60438				2
